2093 3253
140 233 181 280 490
431 232 533 281 'sicconrs
546 228 664 281 roianr'om
724 226 736 233 ”
772 234 773 237 ’

183 363 241 412 misit
249 362 284 412 'ad
298 361 410 418 Senecam,
424 362 462 422 qui
475 362 588 413 scitaretur
600 363 628 412 ab
642 384 668 412 eo
681 363 786 424 quidnam
799 360 967 415 verborumno-

183 436 241 484 mine
255 435 339 483 Pisonis
353 435 382 483 ad
396 456 447 491 eum
462 432 545 492 Natalis
560 435 679 491 retulisset,⁴
691 437 748 496 quid
760 437 880 486 renunciari
895 434 967 486 Pisoni

182 509 229 568 ipse
243 508 347 570 iussisset.
365 507 424 557 Haec
441 507 528 566 publice
544 527 557 557 a
574 509 662 563 Nerone
679 530 719 559 ceu
735 509 780 559 veri
797 509 888 559 scitandi
904 505 968 560 causa

183 581 284 629 mandata
298 580 386 639 Syllano
400 585 452 629 sunt
466 601 493 629 ne
506 581 678 631 animadvertere
692 595 778 631 tantum
792 581 900 631 invirum
914 604 968 631 eun«

146 655 170 702 ,5
185 654 279 713 demque
295 665 444 713 preceptorem
460 666 481 702 et
498 653 629 713 singularem
644 656 740 704 amicum
756 676 820 704 suum
837 653 861 704 ni
876 656 968 704 maxima

182 747 234 775 curn
248 726 351 785 gravitate
365 747 390 774 ac
404 727 521 776 iustissime
536 727 653 777 videretur.
670 728 715 777 Sed
730 748 791 777 mens
806 729 870 777 tacita
885 742 930 777 erat
945 741 972 777 ut
1040 737 1047 771 ἃ

183 800 224 848 hoc
239 799 319 847 nuncio
333 800 420 848 territus
429 799 518 855 Seneca,
529 800 594 849 veluti
604 801 682 850 noxius
691 821 716 849 ac
724 801 878 849 coniurationis
886 814 968 857 auctor,
1043 856 1046 857 ⁷

184 884 276 920 mortem
291 872 332 920 sibi
346 872 404 921 ultro
418 873 532 922 consciret.
559 873 655 931 Pergens
682 872 783 932 Syllanus
806 874 912 922 citissime
938 875 969 924 ire
1039 884 1045 937 ζ

184 945 275 993 domum
290 944 394 993 militibus
412 946 559 1004 praetorianis,
578 966 633 1004 quos
651 946 710 995 illam
727 947 755 995 ad
772 965 819 995 rem
836 947 924 996 haberet
942 948 969 1000 de

144 1019 169 1067 10
184 1018 289 1067 industria
298 1022 441 1077 praeparatos,
448 1019 516 1079 saepit
525 1039 552 1068 ne
561 1019 616 1079 quid
624 1024 661 1069 aut
670 1019 805 1069 famulicium
813 1033 851 1069 aut
860 1020 897 1079 qui
907 1021 969 1071 ades·

183 1103 231 1139 sent
245 1090 309 1138 amici
323 1110 375 1139 curn
389 1091 471 1140 Seneca
487 1088 622 1141 molirentur.
641 1092 753 1151 Ingressus
768 1105 841 1142 autem
856 1107 969 1143 cenantem

184 1166 257 1223 ipsum
268 1177 290 1212 et
301 1153 352 1213 cuni
364 1185 390 1212 eo
401 1163 466 1212 simul
478 1165 558 1212 amicos
571 1165 626 1213 duos
638 1184 663 1212 ac
674 1164 794 1219 Paulinam,
807 1185 873 1230 quarn
885 1179 969 1215 mortua
1037 1174 1047 1230 5)

129 1290 130 1294 Ἰ
184 1238 253 1297 prima
268 1237 358 1286 duxerat
372 1256 463 1285 uxorem
477 1235 579 1285 secundis
594 1236 667 1293 rebus,
682 1237 765 1286 invenit
780 1232 970 1299 percuntaturque,

184 1312 216 1359 uti
231 1324 276 1358 erat
290 1331 302 1357 a
316 1310 405 1358 Nerone
419 1310 497 1364 iussus,
519 1307 627 1370 quaenam
647 1310 689 1359 sibi
711 1331 762 1359 cum
783 1310 861 1360 Natale
882 1313 970 1361 nomine

145 1385 172 1434 l5
186 1384 270 1434 Pisonis
284 1383 350 1433 verba
361 1382 461 1432 luissent.
473 1383 534 1432 Tum
546 1383 635 1439 Seneca,
648 1403 782 1444 quamquam
794 1384 900 1433 nuncium
912 1403 969 1433 mor·

184 1458 212 1505 tis
227 1471 278 1505 suae
292 1456 351 1505 hunc
365 1465 412 1505 esse
434 1457 560 1516 perciperet,
585 1457 675 1506 minime
696 1469 770 1504 tamen
792 1456 916 1514 pavefactus
938 1470 970 1505 est

185 1530 224 1578 sed
238 1550 283 1589 quo
297 1529 374 1577 soleret
387 1548 423 1577 ore
435 1549 460 1577 ac
471 1529 533 1578 vultu
542 1525 665 1589 respondit:
678 1529 814 1585 «Quaerenti
826 1527 899 1595 Natali
911 1531 971 1589 quod

185 1600 286 1649 Pisonem
299 1599 360 1648 aditu
377 1599 515 1657 prohiberem
532 1599 576 1648 dixi
593 1600 617 1648 id
633 1598 759 1648 valitudinis
776 1612 798 1648 et
815 1600 893 1659 quietis
911 1620 971 1649 meae

185 1691 249 1721 causa
263 1670 345 1720 lactum
357 1691 411 1720 esse.
424 1669 486 1720 Nihil
498 1672 558 1721 enim
570 1672 639 1721 habeo
651 1672 711 1721 unde
723 1671 901 1720 commoditatem
913 1671 971 1720 illius

144 1747 172 1796 20
187 1745 249 1794 saluti
266 1765 325 1794 meae
339 1743 513 1803 anteponendam
533 1756 616 1804 putem.
634 1744 682 1794 Nec
702 1744 744 1793 mei
765 1756 797 1792 est
816 1744 897 1803 ingenii
916 1745 970 1794 adu·

185 1819 224 1867 lari
238 1817 348 1876 cuiquam,
362 1830 386 1866 ut
400 1819 460 1867 novit
474 1818 538 1875 plane
550 1817 637 1872 Caesar,
652 1819 690 1876 qui
706 1838 777 1866 meam
790 1816 911 1871 libertatem
925 1839 970 1867 sae=
1042 1814 1047 1851 Ῑ

186 1892 235 1950 pius
250 1910 317 1949 quarn
331 1890 443 1939 servitium
449 1887 549 1948 expertus
564 1902 603 1939 est.
613 1906 622 1930 >t
934 1942 935 1945 ,

228 1962 341 2011 Tribunus
353 1963 419 2010 domo
431 1982 529 2020 egressus
541 1963 620 2011 milites
632 1964 664 2010 uti
676 1975 737 2010 erant
748 1962 846 2011 collocati
858 1983 884 2011 ex
895 1963 971 2011 ordine

187 2036 241 2085 dum
255 2048 373 2085 revertatur
389 2047 444 2083 stare
460 2034 527 2082 iubet.
545 2034 594 2092 Ipse
610 2034 709 2083 Romam·
718 2034 786 2093 veloci
802 2055 859 2093 equo
874 2053 971 2083 reversus
1040 2033 1043 2074 ἶ

145 2110 173 2160 25
189 2108 271 2158 Neroni
286 2114 342 2168 quae
356 2108 485 2167 respondeat
500 2108 582 2157 Seneca
597 2106 669 2157 refert.
685 2107 781 2157 Aderant
796 2119 849 2156 tunc
864 2107 935 2167 Popea
950 2118 972 2162 et

187 2181 311 2240 Tigillinus',
320 2182 358 2241 qui
366 2181 515 2230 adhortatione
523 2193 544 2229 et
553 2180 641 2229 stimulo
649 2201 690 2230 suo
697 2181 811 2229 ardentem
818 2181 893 2230 sevitia
900 2180 971 2229 Nero·
1036 2178 1047 2231 J²

187 2274 238 2303 nern
253 2254 317 2302 etiam
331 2255 397 2312 attiae
408 2249 472 2315 etiam
483 2253 655 2301 inflammabant.
669 2253 778 2311 Interogat
789 2252 849 2300 Nero
859 2252 973 2301 tribunum
1037 2248 1044 2306 ¹3}

187 2340 327 2387 praeparetne
340 2348 363 2375 se
376 2326 519 2375 voluntariam
532 2325 560 2374 ad
574 2339 671 2376 mortem
682 2325 771 2376 Seneca.
785 2325 911 2385 Respondet
923 2324 972 2384 Syl·
1037 2358 1039 2365 κ

188 2400 250 2448 lanus
264 2420 335 2458 neque
348 2400 376 2448 ad
389 2412 482 2448 mortem
496 2421 518 2447 se
532 2418 607 2458 parare
620 2419 692 2459 neque
706 2399 789 2447 timoris
804 2399 890 2457 signum
903 2398 973 2446 ullum
1037 2394 1047 2439 ἒ

86 2501 87 2504 “
146 2475 174 2521 30
189 2473 251 2521 vultu
265 2483 302 2520 aut
316 2473 383 2520 verbo
392 2484 519 2521 monstrare.
527 2471 588 2519 Tum
596 2472 656 2519 Nero
665 2472 693 2519 ad
701 2471 822 2519 tribunum:
831 2471 972 2528 «Regredere»

188 2544 259 2603 inquit
273 2561 282 2585 i
291 2556 312 2592 et
323 2556 415 2593 mortem
426 2543 504 2602 deligat
515 2544 556 2592 sibi
567 2544 618 2593 iube
628 2560 644 2592 a)
656 2542 757 2602 Syllanus
767 2556 841 2592 autem
851 2542 936 2592 rediens
946 2541 973 2590 ad
1043 2565 1046 2568 ⁴

188 2618 293 2666 Senecam
308 2616 397 2665 minime
418 2617 509 2665 domum
530 2617 639 2674 ingressus
662 2628 701 2670 est,
723 2634 800 2664 verum
822 2615 859 2674 qui
881 2627 973 2663 mortem
1038 2621 1047 2676 ss

188 2690 292 2739 indiceret
304 2690 453 2739 centurionem
464 2688 589 2738 intromisit.
601 2688 684 2737 Seneca
695 2688 733 2736 ubi
747 2701 839 2737 mortem
851 2687 892 2736 sibi
904 2687 973 2737 iuberi
1044 2705 1047 2735 J

145 2792 287 2799 ..φ-*-

185 2814 410 2892 nmmmn

148 2914 288 2921 -----—

191 2951 220 2998 17.
233 2951 273 2997 Ρνο
286 2951 389 3006 Querentr'.
444 2952 477 2998 30.
490 2952 517 2997 ad
534 2951 612 2997 seeo
632 2970 668 2997 om.
683 2949 701 2996 F
706 2970 712 3001 ;
731 2950 854 3005 (tribunum
866 2947 886 2996 ἰζ
904 2968 932 3002 r.;
950 2967 974 2996 ex
1038 2962 1047 3020 ἒξ

147 3018 228 3065 tribuno
243 3020 277 3072 (sic
291 3019 315 3073 F)
329 3036 379 3064 corr.
392 3019 418 3064 O.
898 3030 899 3033 ’
