2093 3253
236 155 371 188 scurronum
385 143 515 195 niustriam
527 166 541 172 -
555 155 614 187 urum
629 156 660 187 ru.
836 143 862 189 93

76 287 97 321 et
111 272 168 321 salus
184 279 223 319 sua
238 282 260 317 et
275 268 362 317 libertas
377 269 408 317 rei
423 268 522 327 publicae
537 276 665 324 versaretur,
680 276 862 327 aspernatusest.

80 347 155 404 Ipsum
169 355 256 406 nanque
271 342 327 390 inter
341 342 422 390 amicos
437 354 459 390 et
473 341 586 401 primarios
602 341 678 391 habuit
693 352 759 400 atque
775 341 863 391 honoris

77 427 141 467 causa
154 415 273 466 tribunum
278 414 372 464 militum
381 422 429 464 esse
436 415 555 465 constituit.
565 414 625 465 Haec
634 434 675 471 res,
685 415 717 465 uti
727 414 790 465 multi
799 433 863 464 oma-

78 490 144 539 menti
160 503 182 538 et
196 487 274 543 laudis,
290 488 320 537 ita
336 489 444 537 maximae·
456 488 612 544 admirationis,
628 488 729 544 invidiae,
743 487 788 536 odii
799 487 864 547 plena

50 563 120 614 §tuit
142 553 202 620 quod
212 560 287 619 aliqui,
299 572 324 609 ut
335 560 406 609 solent
417 560 485 609 in'vidi
497 560 597 610 homines
609 574 631 609 et
642 561 720 619 iniqui,
732 560 789 609 lerre
799 574 863 620 pacto

59 658 61 661 ’
78 635 123 685 ullo
137 656 182 683 non
197 633 287 683 moleste
300 646 390 693 possent
403 633 515 683 hominem
528 634 594 689 lr'unc,
608 634 646 693 qui
660 646 729 683 aetate
742 634 826 683 iuvenis
839 655 883 683 ac..

58 704 65 735 s
78 718 148 768 prope'
159 707 264 755 imberbis
272 715 334 761 esset,
343 707 381 765 qui
390 725 467 764 genere
474 706 511 756 vili
519 726 544 755 ae
552 716 612 765 patre
620 699 721 755 libertino
729 720 792 756 natus
801 721 864 762 esset,

43 789 45 800 ³
78 782 115 839 qui
131 780 301 844 haudquaquam
315 788 376 827 arma
391 787 481 827 tractare
497 780 535 827 sed
551 779 631 827 litteras
647 779 765 834 didicisset,
782 779 864 837 praela·

77 866 124 902 tum
139 852 180 900 sibi
192 851 331 910 eundemque
342 870 393 899 mox
405 850 516 899 ducendos
527 851 558 898 ad'
566 851 653 899 ordines
664 871 690 899 ac
701 851 795 908 legiones
807 847 865 899 mili·

28 928 69 983 4¹0,
78 939 126 973 turn
140 924 254 973 tribunum
267 934 363 973 creatum
377 944 423 972 esse
437 924 478 973 h'oc
492 924 533 973 isto
547 924 661 982 presertim
675 925 697 972 in
711 924 768 973 bello
787 924 865 985 inquo

79 998 248 1055 haudquaquam
262 998 322 1045 tenui
334 998 362 1045 de
373 998 455 1055 oppido
466 997 505 1044 sed
515 998 562 1055 ipsa
573 997 601 1044 de
611 996 666 1044 urbe
677 996 754 1051 Roma,
766 997 794 1044 de
804 1017 865 1044 com-

71 1062 139 1119 muni
148 1068 252 1124 libertate,
262 1068 289 1116 de
297 1079 355 1118 statu
363 1070 394 1117 rei
402 1068 509 1127 publicae,
518 1069 545 1117 de
553 1068 612 1116 orbis
621 1069 712 1130 imperio
720 1079 865 1126 summo'age-

33 1175 35 1180 ,
62 1156 64 1160 ⁴
79 1155 145 1192 retur.
155 1142 258 1190 Horatius
269 1154 342 1191 autem
351 1161 403 1191 cum
413 1141 474 1191 Bruti
484 1141 557 1190 lavore
567 1154 616 1191 tum
625 1161 664 1191 sua
674 1134 782 1191 modestia
790 1155 812 1191 et
822 1144 865 1191 vir·

78 1227 124 1264 tute
138 1235 191 1263 usus
206 1215 267 1262 nihili
278 1215 327 1263 odia
336 1216 377 1262 ista
386 1214 444 1263 lecit.
457 1215 482 1263 ld
492 1215 558 1263 modo
567 1215 650 1263 curavit
659 1214 771 1272 diligentia
780 1234 866 1279 summa

41 1288 65 1335 l5
81 1300 105 1334 ut
118 1288 188 1334 amico
203 1295 252 1344 spes
267 1286 295 1334 de
310 1306 334 1333 se
344 1299 455 1343 concepta,
467 1295 574 1344 quantum
585 1298 658 1343 posset
669 1287 713 1334 suis
724 1305 765 1343 pro
776 1280 866 1346 viribus,

32 1378 34 1382 ’
79 1360 128 1414 fide,
140 1359 230 1407 consilio
238 1358 385 1417 responderet.
397 1359 505 1407 Antonius
516 1377 567 1407 vero
579 1351 666 1406 interim
677 1358 799 1406 Mutinensi
810 1379 866 1417 pug-

79 1452 107 1480 na
125 1431 187 1480 lusus
209 1432 238 1480 ad
260 1431 370 1490 Lepidum
391 1430 497 1489 confugit.
514 1429 657 1479 Tumlactio
675 1444 707 1479 est
727 1431 866 1479 triumviralis

79 1515 132 1558 orta,
147 1523 203 1562 quae
219 1515 319 1551 senatum
334 1504 449 1562 oppressit,
465 1503 580 1568 optimates
590 1503 724 1560 proscripsit,
736 1503 866 1551 Ciceronem

37 1599 38 1603 ¹
80 1575 169 1629 necavit,
185 1574 281 1633 prolecta
293 1593 344 1624 vero
356 1576 379 1623 in
395 1575 552 1624 Macedoniam
560 1576 628 1624 victos
644 1574 785 1633 Philippensi·
794 1588 866 1634 pugna

35 1649 67 1697 <20
82 1649 174 1698 Brutum
183 1662 205 1698 et
215 1648 315 1698 Cassium
324 1647 439 1699 interiecit.
450 1648 497 1698 Hac
506 1649 529 1698 in
538 1669 612 1708 pugna
621 1647 663 1698 luit
673 1647 784 1698 Horatius.
790 1648 866 1715 Signis

80 1725 153 1769 autem
165 1722 244 1778 eversis
257 1741 282 1769 ac
295 1721 360 1770 rebus
373 1722 498 1779 desperatis,
511 1741 562 1770 cum
575 1721 616 1769 sibi
629 1735 666 1770 aut
679 1722 817 1770 moriendum
830 1735 868 1770 aut

41 1807 42 1820 ³
80 1791 212 1853 fugiendum
220 1805 283 1849 esset,
294 1794 358 1841 cessit
368 1792 468 1841 fortunae
478 1793 500 1841 et
511 1812 566 1853 quos
577 1793 642 1841 etiam
653 1794 766 1841 moriendo
777 1793 867 1842 liberare
931 1855 932 1858 Ἴ

57 1871 58 1876 ’
80 1861 127 1912 non¹
139 1878 223 1923 poterat
237 1860 305 1914 victos
316 1867 363 1914 iam·
370 1867 436 1924 atque
451 1874 568 1924 prostratos
580 1865 666 1915 salutari
682 1878 704 1915 et
715 1867 805 1915 honesta
816 1866 867 1924 fuga

80 1938 181 1987 deseruit,

40 2010 67 2057 25
124 2011 217 2058 Romam
233 2012 299 2070 igitur
315 2022 413 2060 reversus
429 2012 506 2070 perdiu
523 2011 607 2075 tacitus,
625 2012 657 2060 uti
674 2011 740 2060 homo
756 2013 795 2072 qui
812 2003 869 2061 ess'et

46 2102 48 2105 ’
81 2081 180 2132 lectionis
189 2084 292 2133 adversae
301 2096 366 2143 atque
375 2096 496 2142 suspectus,
506 2084 566 2133 vixit.
576 2083 657 2133 Omnia
666 2084 756 2143 quidem
765 2084 869 2133 tenebant

44 2160 46 2162 ’
81 2157 195 2207 triumviri.
211 2159 255 2215 Qui
269 2177 320 2208 vero
333 2157 419 2207 fuerant
432 2178 482 2207 cum
496 2158 533 2214 eis,
548 2157 570 2207 hi
582 2157 703 2214 tumefacti,
717 2158 812 2218 superbi,
827 2160 868 2208 mi-

30 2246 32 2249 *
42 2239 45 2243 ⁴
82 2249 151 2283 nuces,
160 2231 192 2278 uti
202 2232 272 2279 solent
281 2233 380 2285 victores,
390 2244 411 2279 et
419 2233 492 2279 animo
501 2244 523 2279 et
532 2232 603 2280 verbis
612 2245 680 2281 erant.
691 2232 793 2280 Horatius
802 2232 868 2290 igitur

33 2315 35 2322 ²
81 2307 136 2357 quae
151 2310 272 2361 sumpserat
279 2321 339 2351 arma
349 2303 423 2361 posuit
433 2315 454 2352 et
464 2303 544 2362 quibus
555 2303 633 2352 soleret
643 2303 737 2359 studere,
748 2303 777 2351 ad
787 2302 867 2352 litteras

31 2371 70 2419 '30
84 2372 154 2422 rediit.
170 2372 221 2423 Erat
237 2375 326 2434 quidem
337 2392 420 2435 pauper
434 2395 459 2424 ac
469 2393 538 2435 prope
547 2376 619 2435 inops.
629 2374 710 2424 Versus
720 2388 793 2423 autem
803 2373 869 2423 lacie-

82 2444 119 2494 bat
133 2446 305 2513 poetabaturque
315 2460 381 2508 atque
390 2448 414 2496 in
424 2447 500 2496 litteris
510 2448 642 2497 versabatur.
653 2448 683 2497 Ea
693 2449 769 2502 virtus,
780 2467 836 2506 quae
846 2449 869 2496 in

45 2534 47 2542 ’
82 2529 108 2564 e'o
122 2519 236 2577 singularis
246 2540 271 2567 ac
281 2532 376 2578 spectata
385 2534 448 2574 esset,
458 2520 531 2578 ipsum
541 2521 564 2568 in
574 2521 680 2575 Maronis,
692 2521 756 2568 Maro
766 2521 868 2575 inVarri,

83 2589 163 2639 Varrus
174 2592 198 2639 in
210 2591 338 2647 Mecenatis‚
351 2592 454 2642 Mecenas
465 2593 554 2641 tandem
566 2594 589 2641 in
600 2593 693 2651 Augusti
705 2593 825 2642 amiciciam
836 2592 869 2642 la-

83 2663 271 2723 miliaritatemque
290 2666 399 2724 perduxit.
419 2666 507 2726 Quippe
526 2667 650 2721 Horatium,
661 2663 695 2715 ¹ut
714 2667 802 2715 liberius
821 2668 870 2715 ocio

44 2782 185 2793 ῦ--ἢ--ᾳ-

85 2847 103 2893 5.
118 2849 179 2906 aliqui
193 2857 207 2896 ἱ.
222 2870 244 2902 r.;
259 2861 301 2897 erut
316 2850 415 2907 plurique.
471 2851 503 2897 22,
518 2870 569 2908 quos
580 2853 663 2898 etiami.
674 2872 689 2897 r.
745 2853 870 2898 23.victns...
914 2856 916 2860 ’

44 2923 153 2968 prostratos
163 2925 217 2963 ism
231 2918 277 2964 add.
767 2924 769 2926 ’
