2093 3253
267 187 397 219 scaurorum
407 187 537 219 urusuuuu
550 201 564 205 -
578 190 636 220 risen
649 189 669 219 x.
839 175 877 221 291

54 314 56 316 ’
90 305 192 351 111115ηο11
198 301 296 350 affirmat.
304 300 381 349 Cicero
389 314 462 361 autern
471 303 501 350 ita
509 303 594 351 locutus
604 310 636 351 est
642 316 666 351 ut
675 309 804 361 cognoscere
813 303 880 361 magis

94 376 148 435 quid
157 373 335 433 cogitaritlacere
344 395 410 433 quarn
420 375 474 435 quid
482 373 557 424 lecerit
567 376 623 425 clare
637 375 714 434 possis.
729 375 825 434 Epistola
835 375 881 424 eius
899 382 902 388 ’
943 418 946 428 1

94 451 122 498 ad
136 447 264 496 familiarem
277 467 342 496 suum
355 461 376 496 et
389 447 476 496 affinem
489 448 634 507 Pomponium
646 448 746 497 Atticum
758 447 786 496 ad
799 466 881 507 propo-

93 523 160 570 situm
168 521 248 580 scripta
257 520 291 567 his
300 520 372 569 verbis
382 526 445 569 extat:
456 537 465 560 (t
474 520 523 569 Hoc
531 533 630 580 tempore
639 537 649 561 ³>
658 521 730 580 inquit
739 513 880 576 «Catilinam,

69 594 261 654 §competitorem
278 605 384 650 nostrum,
398 592 518 653 ›delendere
535 594 661 654 cogitamus.
674 593 759 644 ludices
775 593 881 644 'habemus

95 689 150 728 quos
164 667 266 717 volumus
278 688 363 728 summa
375 669 504 716 accusatoris
517 668 634 717 voluntate.
647 668 755 727 Spero,.si
767 668 881 716 absolutus

95 743 141 796 erit,
153 741 325 789 coniunctiorem
336 740 399 789 illum
410 741 473 789 nobis
484 740 531 789 lore
542 741 564 789 in
575 741 658 789 ratione
665 741 786 801 petitionis.
797 758 806 781 1
823 740 881 791 Illud

95 827 178 864 constat
192 814 319 863 testimonio
336 813 363 863 C.
381 813 478 863 Sallustii
496 815 576 873 Crispi,
594 816 632 873 qui
650 815 803 863 coniurationis
820 827 881 873 gesta

95 888 214 945 descripsit,
238 886 355 935 Catilinam
375 886 546 945 repetundarum
568 906 629 936 reum
651 879 785 953 prohibitum
806 881 882 946 petere

58 964 83 1011 l0
97 958 241 1012 consulatum,
257 958 318 1017 quod
332 960 388 1007 intra
406 959 513 1017 legitimos
529 959 574 1007 dies
590 959 686 1017 profiteri
701 956 818 1017 nequisset.
839 959 882 1011 Pa:-

95 1045 150 1079 trem
161 1029 238 1078 Cicero
249 1050 293 1088 quo
303 1050 360 1078 anno
371 1031 433 1089 petiit
442 1031 587 1085 consulatum,
598 1031 682 1084 eodem,
694 1036 718 1082 ut
728 1026 793 1078 tradit
803 1031 882 1080 Pedia·
935 1042 937 1044 ’

96 1105 143 1159 nus,
159 1103 238 1152 amisit,
253 1101 413 1161 Competitores
428 1108 488 1152 erant
503 1103 609 1162 imprimis
624 1102 708 1163 patricii
723 1103 774 1158 duo,
789 1103 813 1153 P.
828 1102 882 1153 Sut-

95 1177 161 1235 pitius
174 1175 244 1225 Galba
256 1189 283 1232 et,
296 1197 363 1236 quem
373 1191 499 1226 accusatum
511 1177 627 1232 nominavi,
640 1177 666 1226 L.
679 1169 766 1236 Sergius
778 1176 882 1234 Catilium

29 1245 31 1248 Ι
95 1250 140 1298 duo
154 1250 208 1296 item
224 1248 320 1303 nobiles„
334 1249 360 1297 C.
377 1249 494 1304 Antonius,
512 1250 546 1298 M.
563 1250 654 1298 Antonii
671 1251 761 1297 oratoris
777 1243 842 1304 silius,
861 1265 883 1299 et

59 1324 83 1372 15
99 1322 124 1370 L.
131 1321 219 1370 Cassius
230 1320 349 1379 Longinus:
360 1321 404 1370 duo
414 1341 502 1381 quoque
512 1320 590 1381 plebei,
601 1320 629 1380 Q
640 1320 770 1370 Cornificius
780 1332 801 1369 et
809 1319 883 1374 C.Li,-

95 1396 172 1450 tinius,
185 1396 223 1454 qui
235 1396 276 1444 etsi
288 1396 418 1454 imaginibus
431 1409 452 1444 et
464 1395 559 1444 claritate
572 1397 679 1445 maiorum
696 1415 742 1444 esse
761 1416 806 1443 non
817 1395 883 1444 adae-

96 1468 177 1527 quandi
186 1468 333 1527 superioribus
342 1469 473 1522 viderentur,
483 1469 527 1516 nati
535 1481 608 1517 tamen
617 1469 646 1517 ita
654 1481 715 1517 erant
723 1468 784 1527 quod
792 1469 883 1517 minime

96 1540 161 1597 primi
169 1552 240 1588 essent
248 1540 286 1599 qui
294 1552 315 1588 et
323 1540 416 1588 honores
426 1553 447 1588 et
459 1540 595 1599 magistratus
606 1560 632 1588 ex
642 1541 687 1588 suis
697 1538 784 1588 familiis
795 1539 883 1590 habuis·

96 1625 151 1662 sent.
162 1613 227 1661 Solus
237 1614 331 1672 equestri
341 1614 390 1661 loco
400 1619 462 1662 natus
473 1626 494 1661 et
504 1613 570 1661 homo
581 1634 649 1662 novus
660 1613 737 1662 Cicero
747 1626 820 1662 noster
830 1627 882 1669 erat,

57 1687 84 1733 20
99 1686 138 1733 sed
151 1687 251 1734 omnium
262 1699 333 1743 preter
347 1686 373 1733 L.
386 1685 536 1733 Catilinam'er
548 1685 574 1733 C.
587 1686 709 1734 Antonium
717 1686 814 1744 quisque
825 1686 884 1741 ultro

97 1757 197 1805 Ciceroni
208 1753 278 1806 cessit.
290 1758 342 1805 Duo
353 1758 419 1805 modo
430 1758 465 1806 isti
475 1758 613 1816 pertinaciter
623 1758 728 1805 obsistere
738 1777 765 1805 ne
776 1771 883 1806 crearetur

97 1828 173 1878 consul
180 1829 267 1888 quantis
275 1843 364 1888 possent
371 1828 466 1878 consiliis
474 1849 499 1879 ac
506 1829 589 1879 viribus
594 1830 668 1878 'conati
676 1842 734 1878 sunt.
742 1829 823 1878 Aderat
831 1829 883 1888 ipsis

97 1915 118 1950 et
132 1901 223 1951 consilio
236 1915 257 1951 et
270 1901 349 1951 auxilio
363 1902 437 1952 favens
451 1903 485 1951 M.
499 1903 679 1958 CrassusDives:
692 1902 766 1951 aderat
776 1902 803 1951 C.
816 1902 883 1952 lulius

98 1966 183 2029 Caesar,
199 1976 237 2033 qui
252 1988 327 2032 postea
342 1994 388 2023 rem
403 1975 514 2033 publicam
528 1975 647 2033 usurpavit;
663 1974 736 2023 aderat
751 1975 822 2023 omnis
836 1972 883 2022 lere

57 2045 84 2094 25
100 2046 199 2095 nobilitas
213 2051 238 2096 ae
252 2047 354 2108 patricius
368 2047 429 2097 ordo.
444 2046 491 2106 Nec
504 2060 577 2098 tamen
591 2047 707 2108 quisquam
723 2059 767 2102 erat
781 2046 884 2107 qui‘eum

97 2119 211 2178 consulatu
225 2120 316 2178 dignum
330 2140 376 2169 esse
390 2128 484 2179 negaret.
499 2120 544 2169 Sed
557 2139 610 2180 pars,
620 2120 714 2169 Antonii
725 2132 763 2169 aut
777 2118 883 2169 Catilinae

98 2193 171 2250 gratia,
184 2212 233 2251 pars
246 2192 357 2242 Ciceronis
369 2192 450 2242 invidia
462 2192 611 2248 movebantur,
624 2192 685 2254 quod
697 2192 824 2251 dignitatem
835 2193 883 2242 eius

97 2266 209 2324 tantopere
222 2284 317 2314 crescere
331 2279 356 2314 ut
369 2267 430 2315 fieret
443 2266 520 2314 consul
534 2266 572 2324 qui
586 2266 652 2314 homo
666 2278 721 2313 esset
736 2285 805 2314 novus
818 2278 883 2324 pacto

82 2397 83 2401 Ἰ
98 2337 158 2387 nullo
173 2332 288 2387 ferendum
304 2358 350 2386 esse
365 2351 487 2398 putarent.v
857 2402 858 2405 Ἴ

57 2408 85 2457 30
141 2410 216 2459 Novos
231 2423 279 2459 tum
294 2409 364 2460 Roma
379 2409 477 2460 homines
492 2409 614 2471 appellabat
629 2411 675 2471 qui,
690 2412 723 2460 uti
733 2424 786 2464 erat,
797 2409 884 2468 Cicero,

98 2503 109 2529 e
125 2484 243 2542 municipio
257 2483 344 2532 oriundi
357 2484 476 2549 adjurbe'm
489 2484 554 2542 primi
567 2494 579 2531 e
593 2504 631 2531 sua
644 2483 726 2532 familia
738 2484 884 2535 advenissent.

98 2553 146 2604 Hoc
161 2556 220 2604 enim
235 2575 247 2604 a
264 2555 381 2605 maioribus
397 2556 523 2618 institutum
538 2555 625 2605 tenebat
641 2566 694 2606 tunc
710 2556 784 2606 civitas
801 2554 843 2613 illa,
859 2570 884 2606 ut
934 2581 935 2584 ¹
968 2546 970 2552 ἲ

97 2629 208 2678 venientes
219 2628 247 2678 ad
258 2629 336 2678 urbem
347 2629 468 2689 municipes
480 2629 572 2688 benigne
584 2630 702 2689 susciperet
714 2629 852 2689 eosdemque,
865 2631 882 2679 si

59 2720 201 2729 §Q—

57 2819 64 2862 Ι
93 2761 108 2796 2.
121 2761 156 2798 Cic.
168 2767 205 2799 Aa.
218 2763 255 2799 l.2
276 2764 290 2799 1.
340 2763 356 2799 8.
369 2762 407 2799 Sall.
422 2763 460 2801 Car.
480 2764 506 2800 18.
524 2765 540 2802 3.
592 2764 618 2801 ll.
634 2764 695 2802 Ascon.
714 2765 751 2808 rag.
769 2765 827 2809 Corui..
843 2765 883 2809 arg.

64 2833 80 2863 p.
93 2821 171 2868 8201).

61 2907 202 2917 -κ-ξ-

100 2957 128 3002 16.
143 2977 185 3004 esse
198 2979 243 3004 secr.
