2093 3253
265 198 396 231 scurronum
410 198 535 230 ntusrnrun
549 209 563 215 -
577 198 637 230 risun
650 198 691 228 rvr.
849 185 895 228 441¹

105 326 232 372 querentem
240 314 301 373 quod
308 313 337 362 ad
345 312 412 362 ficum
420 332 474 361 uxor
482 313 528 362 eius
537 319 560 362 se
568 313 646 381 laqueo
655 313 810 371 suspendisset,
820 330 828 354 1<
837 314 890 363 Lar-

105 384 157 443 gire,
169 402 213 440 oro,
225 386 263 444 qui
274 385 368 434 inseram
379 385 483 440 surculos,
493 402 502 426 a>
513 385 592 445 inquit.
614 384 702 453 Cenans
713 404 764 434 vero
775 385 834 445 apud
845 385 891 434 Da-

105 457 236 518 masippum,
252 459 290 518 qui
305 458 381 507 vinum
396 471 461 524 tenue
476 458 548 508 verbis
563 457 674 508 extolleret
689 470 711 507 et
726 476 834 507 annorum
849 457 891 506 XL

105 531 222 581 Falernum
236 552 282 580 esse
296 531 320 583 id
334 530 419 591 saepius
430 530 554 585 affirmaret,
568 548 577 572 «
586 531 647 581 Heus
659 544 691 586 tu,
701 548 710 572 ³)
724 530 802 590 inquit,
816 528 825 571 i<
833 544 890 580 aeta·

79 606 99 655 5-
107 618 152 655 tem
167 605 222 654 bene
236 605 286 655 lert.
293 621 302 646 1)
312 604 357 654 Sed
367 605 394 653 L.
403 603 468 654 Cotta
477 623 573 660 censore,
584 605 672 654 homine
682 605 772 671 quidem
782 604 890 671 hebrioso,

105 677 173 727 nobili
182 691 256 728 tamen
264 677 346 729 familia
355 690 415 733 nato,
423 676 500 726 Cicero
509 690 582 727 noster
592 678 621 727 ob
630 678 719 737 negocia
728 678 803 744 sitiens
811 686 891 737 aquarn

105 751 128 800 in
140 750 189 799 loro
200 771 251 800 eum
264 751 347 800 biberet
359 751 440 799 amicos
452 769 491 809 per
503 750 571 801 risum
583 764 607 800 ut
619 771 642 800 se
654 763 758 817 tegerent,
771 771 799 799 ne
811 770 891 809 aquarn

106 824 218 873 bibentem
233 824 310 883 ipsum
317 823 399 872 videret
410 842 493 878 censor,
505 823 601 873 exoravit
612 824 673 882 quasi
686 837 785 872 metuens
796 824 890 872 amoveri

106 907 189 952 senatu,
205 896 222 945 si
237 895 312 946 bibere
323 917 403 956 aquam
415 914 498 952 censor,
512 896 549 956 qui
562 896 692 946 amicaretur
704 896 755 945 vino
767 916 792 945 ac
805 896 891 944 hebrio-

67 973 94 1019 ll)
108 990 145 1019 sus
159 982 221 1026 esset,
237 969 310 1029 ipsum
326 969 417 1019 tortasse
434 969 528 1020 vidisset.
548 969 637 1019 lactanti
654 982 705 1019 vero
722 990 745 1018 se
762 968 853 1032 Metello
869 971 892 1018 in

102 1043 211 1091 concione
221 1063 246 1091 ae
258 1043 343 1102 saepius
355 1043 484 1102 interoganti
495 1043 545 1102 quis
556 1055 617 1102 pater
628 1043 705 1091 luisset
716 1062 769 1091 suus
780 1035 892 1100 respondit

107 1114 191 1164 Cicero:
208 1115 286 1164 «Scitu
302 1115 344 1165 hoc
359 1114 446 1165 difficile
461 1128 498 1165 tua
514 1128 582 1164 mater
597 1115 656 1163 fecie:
666 1131 675 1178 ξ)
691 1115 787 1164 Matrem
803 1115 892 1173 quidem

107 1188 211 1239 Metellus
225 1188 285 1239 haud
302 1189 353 1238 satis
370 1188 473 1249 pudicam
491 1188 656 1238 habuerat-Ad
669 1179 764 1237 ‘Vibium
781 1188 903 1242 Curtium,>

107 1261 146 1320 qui
160 1282 183 1310 se
197 1261 261 1321 longe
274 1281 341 1321 quam
354 1274 409 1310 esset
423 1262 504 1310 diceret
518 1262 632 1316 iuniorem,
642 1278 656 1316 r<
664 1262 722 1329 Ergo
732 1277 741 1302 ³>
754 1261 826 1320 inquit
839 1278 891 1309 ‹rna-

69 1337 94 1384 15
108 1347 144 1384 tus
156 1356 209 1384 non·
219 1354 265 1391 eras
279 1356 330 1384 cum
347 1334 482 1383 declamabas
499 1355 586 1391 mecum
595 1374 600 1384 .
610 1352 619 1375 >¹
637 1332 716 1401 Fabiae
732 1348 807 1399 autem
823 1334 892 1400 Dolo-

107 1407 183 1462 bellae‚
198 1407 397 1457 leminae'annosae
410 1408 449 1456 sed
461 1424 535 1467 annosj
543 1406 602 1457 haud
614 1406 687 1471 plures
700 1406 765 1456 XXX
777 1407 801 1456 se
814 1406 893 1456 babere

108 1480 196 1535 dicenti,
210 1480 328 1539 respondit:
343 1479 469 1538 «Equidem
481 1493 503 1528 te
516 1478 576 1528 istud
589 1479 647 1528 credi
661 1479 755 1528 voluisse
767 1500 836 1528 annos
850 1479 893 1527 iam

107 1552 154 1602 XX·
164 1553 245 1602 audivi.
255 1569 264 1594 i
281 1553 307 1602 ln
322 1552 434 1602 Vatinium
448 1572 506 1607 vero,
522 1552 560 1612 qui
575 1571 641 1610 aeger
653 1572 705 1601 curn
720 1551 813 1620 pedibus
829 1564 892 1606 esset,

107 1625 178 1692 ualere
192 1646 215 1674 se
230 1625 285 1684 bene
299 1645 325 1674 ac
339 1624 390 1674 bina
405 1625 464 1674 milia
479 1644 584 1683 passuum
599 1625 677 1684 quovis
693 1624 728 1673 die
743 1624 854 1675 ambulare
869 1645 892 1672 se

67 1698 198 1754 Zssdiceret,
213 1700 242 1749 ita
256 1698 314 1749 lusit:
330 1717 338 1741 t<
347 1698 401 1749 Dies
415 1698 486 1759 inquit
500 1711 566 1764 «tum
580 1697 687 1758 longiores
701 1710 779 1749 sunt.»
793 1697 838 1749 Sed
853 1697 894 1747 hoc

110 1773 171 1822 lulio
180 1772 268 1833 Caesari
282 1773 415 1827 Macrobius,
437 1772 537 1821 Ciceroni
548 1772 696 1831 Quintilianus
707 1772 813 1827 attribute
823 1771 893 1824 utrius
943 1815 945 1817 .

107 1858 181 1895 autem
195 1844 260 1894 luerit
274 1845 369 1894 incertus
381 1865 437 1895 surn.
449 1844 494 1894 Sed
505 1845 527 1893 in
538 1844 633 1894 eundem
645 1844 729 1900 Cicero,
741 1845 802 1905 quod
813 1865 893 1904 paucos

108 1917 143 1966 ille
158 1918 205 1966 dies
220 1917 296 1966 fuisset
311 1917 393 1972 consul,
411 1934 419 1958 1(
430 1918 555 1967 lnauditum
564 1934 573 1958 s
589 1918 661 1976 inquit
671 1918 699 1975 ad
709 1919 791 1966 amicos
802 1918 893 1976 «prodi-

108 1991 175 2049 gium,
191 1991 253 2050 quod
265 1990 353 2039 Vatinio
362 1989 451 2038 consule
461 2010 505 2038 non
515 2009 559 2045 ver,
571 2010 615 2038 non
625 2003 751 2045 autumnus,
762 2012 806 2058 non
817 1990 893 2045 hiems,

67 2065 95 2114 25
111 2084 155 2113 non
169 2077 241 2112 aestas·
252 2062 301 2113 luit.
311 2080 320 2104 >r
330 2063 423 2112 Caninio
432 2076 512 2118 autern,
522 2064 560 2123 qui
571 2084 615 2122 quo
625 2063 660 2112 die
669 2063 725 2119 iniit,
735 2055 813 2113 eodem
821 2060 906 2122 posuit

109 2136 246 2187 consulatum
260 2149 281 2185 et
296 2150 421 2196 quereretur
437 2137 497 2197 quod
512 2137 541 2185 ad
556 2158 607 2185 eum
622 2138 738 2186 visendum
753 2158 797 2186 non
813 2137 893 2191 ivisset,

109 2210 228 2269 respondit:
243 2210 325 2259 «Volui
339 2211 421 2268 quippe
435 2224 474 2259 tuo
488 2211 511 2258 in
526 2212 639 2260 consulatu
653 2211 733 2265 venire,
749 2211 787 2259 sed
802 2231 845 2259 nox
860 2231 894 2259 me

109 2284 301 2343 comprehendit.»
319 2285 456 2333 Memoratur
474 2285 539 2332 etiam
556 2285 609 2336 alter
627 2285 650 2332 in
669 2284 764 2332 eundern
782 2278 894 2331 Ciceronis

109 2356 177 2424 iocus.
193 2356 316 2406 Conversus
331 2357 390 2406 enim
404 2357 432 2406 ad
446 2357 527 2406 amicos
542 2358 603 2417 quasi
618 2357 708 2406 laudans
723 2355 801 2416 inquit:
817 2374 825 2397 1(
833 2356 894 2414 Vigi-

68 2429 97 2476 30
111 2429 256 2477 lautissimum
270 2430 400 2478 eertelrunc
414 2430 526 2478 consulem
540 2430 663 2484 habuimus;
674 2451 725 2478 nam
734 2450 773 2479 suo
783 2429 805 2478 in
815 2450 894 2477 consu-

109 2500 155 2550 latu
160 2500 265 2549 Caninius
271 2502 374 2549 dormivit
384 2522 504 2561 nunquam.
511 2519 520 2542 ³>
533 2501 590 2550 lllud
600 2522 688 2560 quoque
699 2502 722 2550 in
730 2501 825 2550 eundem
831 2501 860 2549 ab
868 2522 894 2548 eo

106 2572 193 2622 dictum
201 2573 281 2623 lerunt:
291 2591 300 2616 r
309 2573 341 2624 Eo
350 2595 437 2635 nanque
446 2594 479 2624 res
489 2574 592 2634 perducta
602 2586 634 2623 est
644 2575 741 2623 Romana
750 2573 811 2633 quod
819 2572 893 2628 diales,

69 2671 210 2682 ——.-..

107 2731 169 2769 l.Cie.
182 2733 207 2769 De
218 2731 249 2768 Or.
261 2731 282 2768 ll.
295 2731 335 2773 27&
348 2730 406 2775 Quint.
418 2733 458 2770 lust.
470 2731 499 2769 Vl.
513 2732 529 2769 3.
542 2732 572 2769 88.
639 2733 656 2769 4.
672 2732 748 2770 Maerob.
764 2732 801 2769 Sar.
814 2730 835 2769 ll.
848 2731 865 2768 3.
878 2732 897 2769 2.
959 2725 961 2728 .

68 2791 85 2828 6.
98 2791 141 2830 Plut.
154 2791 189 2830 Cic.
202 2792 230 2830 27.
283 2792 308 2829 12.
321 2791 363 2830 Plut.
376 2791 411 2831 Cic.
424 2791 452 2829 26.
493 2792 530 2830 ll.
543 2791 600 2836 Quint.
612 2793 654 2830 lust.
667 2791 696 2829 Vl.
709 2792 726 2829 3.
736 2792 764 2829 73.
815 2790 895 2829 17.lbid.

68 2852 296 2893 21.Macrob.Srrr.ll.¹l.
313 2853 338 2892 16,
400 2853 499 2898 21.Quint.
511 2855 550 2894 lnst.
562 2853 591 2892 Vl.
604 2854 621 2892 3.
635 2855 665 2892 77.
725 2854 754 2892 23.
765 2853 842 2892 Macrob.
858 2853 895 2892 Sat.

10 2957 11 2960 Ἴ
68 2912 149 2953 itas.
198 2914 281 2953 zribid.
331 2915 590 2954 29.Macr0b.sar.1r.3.6.
639 2915 668 2955 32.
682 2914 896 2957 ntacrob.sn.11.2.14;

67 2973 104 3011 Vll.
117 2977 134 3012 3.
149 2976 176 3012 10.
