2093 3253
461 217 553 249 SICCONIS
567 217 682 249 POLENTONI
724 247 725 252 ,

199 347 231 382 ret
245 333 306 382 lehre
321 345 380 382 tanta
395 333 456 392 quod
465 352 504 391 spe
513 334 573 380 omni
583 332 657 382 salutis
667 333 745 381 amissa
755 333 792 390 qui
807 332 896 380 aderant
905 334 984 383 amico·

199 425 249 454 rum
264 427 304 454 suo
319 406 346 455 de
359 403 441 453 lunere'
449 405 576 463 cogitarent.
591 404 673 461 Quanti
683 417 757 452 autem
768 403 838 453 lactus
849 403 928 452 deinde
938 426 984 454 sos-

154 529 156 532 ,
200 498 238 535 pes
253 480 295 526 hoc
312 469 584 537 ipse‘somniumlecerit,
607 497 663 535 quae
685 497 723 524 sua
740 477 889 533 interpretatio
911 475 983 534 fuerit,

200 551 250 598 binc
265 564 324 609 patet
338 551 397 604 satis,
407 550 468 608 quod
476 549 608 608 eloquentia,
618 550 679 609 quod
688 549 764 598 litteris
779 549 915 605 secularium,
926 553 985 609 quod

173 625 185 672 5
202 624 306 683 exemplis
317 624 431 684 gentilium
442 625 521 673 deinde
532 645 571 672 nec
582 644 621 682 per
632 625 767 673 iuventutem
778 624 844 671 modo
852 623 890 672 sed
899 643 985 673 ornnem

200 716 239 754 per
252 710 345 744 aetatem
360 697 473 754 gravisque
486 697 590 753 sapientia
602 717 627 743 ac
639 698 740 753 princeps
753 696 868 743 doctorum
885 695 986 745 ecclesiae

155 804 157 811 ,
201 788 251 815 usus
267 781 306 816 est.
321 767 361 817 Rei
375 768 439 815 buius
453 781 519 816 testes
533 781 584 816 sunt
597 767 700 826 epistolae
714 788 738 815 ac
752 767 801 815 libri
821 768 861 816 sui.
881 767 939 816 Nam
957 769 985 818 ita

200 841 302 890 elaborati
318 854 369 890 sunt
384 862 459 890 omnes
480 862 520 890 nec
540 842 655 890 sentenciis
676 841 742 889 modo
762 839 834 889 referti
855 841 893 889 sed
912 841 984 890 verbis

201 914 265 962 etiam
280 915 376 962 exornati
392 926 416 961 ut
429 934 465 961 eos
478 914 516 972 qui
529 914 607 971 legant,
620 915 638 961 si
651 932 724 961 rerum
737 915 883 962 maturitatem
895 934 920 961 ac
932 935 986 971 pon-

162 987 188 1034 lO
203 986 243 1033 dus
259 986 404 1040 considerant,
415 985 524 1044 profectos
535 1006 587 1033 sane
598 986 724 1043 gravissimo
734 1005 746 1033 a
757 986 804 1033 viro
820 986 900 1041 dicant;
911 987 929 1033 si
939 1007 986 1035 ver·

159 1106 161 1116 ,
201 1059 280 1106 borum
295 1060 477 1117 compositionem
492 1071 514 1107 et
529 1055 615 1108 dicendi
631 1058 746 1107 artificium
757 1079 782 1107 ac
792 1059 921 1108 suavitatem
936 1081 985 1118 gus·

200 1146 254 1188 tant,
270 1133 383 1181 delimatos
401 1132 579 1191 eloquentissimo
595 1133 624 1181 ab
641 1147 725 1181 oratore
746 1154 771 1181 ac
793 1133 909 1185 Cicerone
920 1134 987 1183 altero

201 1205 317 1261 lateantuu
328 1207 346 1254 si
357 1219 476 1264 utrumque
486 1206 631 1264 conspiciunt,
643 1207 734 1263 scriptos
746 1207 830 1264 optimo
840 1226 852 1254 a
863 1205 987 1255 Christiano

202 1279 324 1337 eodemque
340 1279 477 1326 sanctissimo
493 1299 518 1326 ac
535 1278 609 1327 divino
626 1277 653 1326 ab
670 1278 765 1333 bomine,
784 1279 849 1326 etiarn
866 1278 883 1325 si
901 1293 986 1328 careant

163 1351 188 1399 15
204 1350 274 1406 titulo,
289 1351 428 1399 arbitrentur.
443 1351 530 1410 Nempe
542 1351 689 1408 Hieronymus
700 1351 762 1405 mibi,
773 1352 874 1409 quotiens
885 1352 924 1399 sua
932 1351 986 1409 lego,

202 1422 241 1477 vir,
257 1423 289 1470 uti
303 1421 353 1476 fuit,
367 1421 547 1480 sapientissimus,
562 1422 760 1480 eloquentissimus,
775 1422 924 1478 sanctissimus
942 1443 988 1470 esse

202 1495 296 1543 videtur.
312 1496 452 1552 Quamquam
467 1495 526 1542 enim
539 1494 638 1542 studium
649 1495 695 1542 eius
705 1514 730 1542 ac
740 1495 784 1542 vita
795 1484 872 1549 omnis,
884 1495 916 1542 uti
927 1513 986 1552 pres·

164 1609 166 1612 .
203 1567 304 1627 byterum
319 1567 472 1625 optimumque
488 1587 513 1615 ac
530 1579 629 1615 sanctum
654 1566 744 1615 decebat
766 1567 844 1622 virum,
863 1566 942 1615 divinis
964 1567 986 1614 in

203 1639 268 1687 rebus
283 1639 386 1688 collocata
400 1653 463 1695 esset,
478 1640 568 1699 diesque
582 1660 607 1688 ac
620 1653 695 1688 noctes
709 1642 774 1688 sacris
788 1640 811 1688 in
822 1639 898 1689 litteris
909 1653 987 1698 ageret,

161 1713 190 1769 20
205 1733 318 1771 nunquam
332 1725 406 1761 tamen
421 1712 450 1761 ita
465 1713 553 1760 recessit
568 1732 580 1760 a
596 1712 702 1760 Cicerone
716 1733 741 1760 ac
757 1712 893 1770 eloquentiae
908 1732 949 1768 usu
964 1725 988 1759 ut

203 1783 322 1843 quicquam
333 1782 405 1832 minus
416 1783 522 1832 concinne
534 1783 621 1839 diceret,
634 1803 747 1843 nunquam
758 1785 787 1832 ita
798 1783 871 1842 posuit
882 1782 989 1832 librorum*

203 1855 334 1905 secularium
348 1854 463 1913 gentilium
473 1857 585 1905 Ciceronis
597 1856 706 1905 doctrinas
716 1870 738 1905 et
749 1856 821 1905 studia
832 1856 892 1916 quod
903 1856 986 1909 exinde,

177 1967 181 1974 .
203 1949 255 1976 cum
269 1930 352 1977 veniret
368 1929 458 1996 occasio,
475 1949 519 1976 non
534 1942 629 1976 sumeret
644 1929 777 1977 adiumenta.
795 1930 853 1977 Illud
868 1928 987 1977 mirabilius

204 2000 272 2048 videri
288 2013 366 2059 potest,
383 2001 443 2059 quod
454 2000 490 2050 illa
501 2002 523 2049 in
534 2001 625 2059 epistola
636 2021 692 2060 quae
702 2014 734 2050 est
744 2002 772 2049 ab
783 2022 810 2050 eo
821 2002 848 2050 de
863 2001 986 2059 virginitate

162 2073 190 2121 25
206 2074 311 2122 servanda
318 2074 347 2121 ad
355 2072 506 2127 Eustochium,
513 2086 599 2122 sanctae
605 2074 683 2130 Paulae
688 2074 763 2128 filiam,
770 2074 895 2131 gravissime
901 2074 987 2132 scripta,

204 2166 255 2194 cum
270 2146 381 2194 somnium
398 2145 439 2193 hoc
456 2147 582 2194 memoriter
598 2159 712 2200 enarraret,
731 2147 799 2194 multa
816 2147 940 2205 eloquentia
961 2145 989 2194 ad

205 2217 387 2266 contemnendam
403 2217 549 2276 eloquentiam
563 2238 615 2268 usus
626 2231 666 2267 est.
678 2218 725 2267 Sibi
737 2219 796 2267 enim
807 2220 897 2267 minime
908 2218 990 2277 placuit

205 2310 242 2338 eos
251 2290 331 2339 imitari
340 2290 378 2349 qui
388 2309 461 2338 rerum
470 2290 533 2348 eopia
542 2304 563 2338 et
573 2291 676 2350 gravitate
685 2292 782 2341 contenti
791 2292 908 2341 verborum
918 2292 988 2350 digni·

205 2376 279 2419 tatem,
295 2364 430 2422 elegantiam,
447 2377 573 2413 ornamenta
589 2363 729 2423 negligerent.
745 2364 858 2413 Didicerat
878 2366 937 2416 enim
957 2365 990 2414 vir

162 2437 192 2484 30
207 2437 253 2495 ipse
264 2438 371 2485 bonarum
382 2437 461 2485 artium
472 2437 583 2485 studiosus
594 2437 635 2484 hoc
646 2438 688 2485 isto
699 2437 792 2486 mirabili
803 2458 828 2486 ac
839 2437 913 2487 divino
923 2438 990 2486 artifi-

204 2509 239 2558 cio
253 2522 275 2558 et
290 2509 428 2568 persuadenti
444 2510 489 2558 vim
504 2530 593 2558 omnem
605 2509 679 2558 baberi
691 2523 713 2559 et
726 2530 781 2569 quae
794 2510 864 2559 bonae
874 2530 908 2559 res
919 2522 990 2560 essent

205 2583 251 2631 fieri
263 2582 363 2631 meliores
373 2602 444 2641 posse,
456 2583 474 2630 si
488 2596 563 2631 ornate
578 2603 603 2631 ac
619 2584 739 2641 composite
754 2584 898 2633 traderentur.
915 2583 990 2633 Enim·

208 2675 259 2702 vero
265 2655 401 2703 sanctitatem
409 2656 455 2703 eius
462 2676 506 2702 non
513 2655 599 2702 dicendi
605 2654 702 2709 facultas,
710 2677 754 2703 non
763 2656 875 2703 Ciceronis
884 2657 940 2711 libri,
947 2675 991 2704 non

200 2825 227 2862 2⁴.
241 2825 309 2862 Hieron.
321 2826 370 2869 Epist.
386 2825 444 2863 2230.

205 2983 223 3025 7.
237 2993 296 3025 testes
311 3000 355 3025 sscr.
374 3016 376 3024 2
436 3027 442 3038 ,Ἴ
