2093 3253
255 161 388 193 scurronum
403 161 531 194 uuusnuuru
538 163 558 190 1-
572 162 632 193 Lissa
645 163 673 195 iv.
841 149 877 194 t23

73 293 75 296 ’
94 279 154 339 quod
164 279 191 325 sit
199 297 274 326 verum
282 290 339 325 certa
346 278 428 326 ratione
436 279 524 336 possim.
535 280 604 328 lstum
610 279 739 327 Domiciano
749 280 878 339 imperatore

96 352 191 409 quidam,
203 349 297 397 Traiano
307 350 384 407 aliqui,¹
392 350 504 399 Antonino
515 371 565 400 vero
576 352 674 400 nonnulli
686 351 784 400 floruisse
795 352 878 400 dicunt.

96 422 152 471 Mihi
167 434 240 469 autem
254 434 360 480 tempora·
373 435 453 481 quanta
466 443 563 481 possum,
577 424 659 472 ratione
672 444 697 472 ac
710 423 820 481 diligentia
833 443 879 471 me-

96 496 156 544 tienti
171 495 201 542 illi
214 495 315 543 videntur
328 496 422 553 potiores
435 496 528 544 habendi
542 499 579 555 qui
593 517 643 545 eum
656 499 734 554 vixisse
746 514 797 545 cunr
809 498 879 554 impe-

70 573 82 620 5
99 582 153 616 raret
167 567 291 615 Antoninus
302 568 371 616 Verus
381 581 466 627 putant.
477 569 540 618 Hanc
550 571 573 618 in
584 571 713 618 sententiam
723 569 785 618 lacile
797 590 831 617 me
841 570 880 618 ad-

97 640 156 688 ducit
164 659 255 696 magnus
264 653 335 687 orator
344 639 431 693 Fronto,
441 641 501 698 quod
509 642 550 690 isto
558 662 570 690 a
579 656 642 700 poeta
650 644 723 700 ipsum
732 643 802 699 prima
810 655 880 699 satyra

99 734 144 761 esse
161 713 297 761 nominatum
314 713 410 762 constet*
422 712 508 773 Neque·
518 735 569 763 vero
586 714 678 763 difficilis
696 713 729 763 est
746 715 880 773 computatio

97 786 207 844 temporis.
218 785 306 842 Quippe
316 807 384 833 annos
395 786 537 834 Domicianus
547 786 597 841 XV,
609 808 693 835 menses
704 788 730 841 V,
742 801 791 845 post
801 779 880 835 Dom'i.

99 860 184 906 cianum
194 854 267 906 Nerva
276 858 304 906 a'd
314 877 398 906 menses
410 857 456 906 llll
467 877 531 916 supra
541 880 630 914 annum,
640 872 689 917 post
700 859 795 907 Nervam
805 858 881 908 Traia-

62 936 86 983 tt]
101 951 140 979 nus
155 951 223 979 annos
233 930 288 979 duos
298 931 325 979 de
335 930 385 986 XX,
396 943 445 989 post
455 930 573 980 Traianum
582 932 691 980 Adrianus
701 952 769 980 annos
780 950 850 980 unum
859 946 881 981 et

99 1004 148 1059 XX,
164 1016 212 1061 post
228 1004 349 1052 Adrianum
365 1003 488 1052 Antoninus
504 1004 555 1063 Pius
571 1005 643 1052 annos
655 1024 723 1062 prope
738 1017 781 1052 tres
797 1022 824 1052 acv
838 1005 881 1053 XX

99 1077 217 1134 imperavit.
238 1077 346 1124 Successit
366 1077 416 1124 huic
430 1077 553 1125 Antoninus
573 1078 649 1131 Verus,
665 1078 855 1137 quemteruditum
868 1098 881 1124 a

101 1149 209 1198 Frontone
224 1149 321 1198 scribunt
337 1170 412 1199 omnes
427 1151 464 1208 qui
480 1170 573 1208 usquam
586 1171 637 1200 sane
650 1151 695 1199 istis
704 1150 731 1200 de
739 1149 803 1199 rebus
816 1150 881 1200 locuti

99 1236 155 1271 sunt.
169 1222 230 1279 Quae
242 1243 255 1269 a
268 1243 302 1270 me
315 1223 372 1271 dicta
384 1223 439 1270 illud
451 1224 530 1270 docent
545 1224 591 1270 sine
606 1224 723 1271 certamine
737 1242 813 1270 verum
828 1243 881 1277 esse,

62 1297 85 1346 15
104 1296 225 1344 luvenalem
246 1296 329 1344 hunc
324 1310 390 1344 istum
410 1309 497 1354 poetam
517 1317 561 1344 non
576 1296 617 1344 sub
636 1296 765 1358 Domiciano
783 1318 823 1345 nec
841 1297 883 1346 sub

101 1369 200 1423 Traiano,
215 1383 239 1417 ut
253 1382 330 1427 putant
343 1370 439 1427 quidam,
451 1370 489 1418 sed
497 1390 548 1418 cum
556 1371 678 1427 imperaret,
688 1390 754 1428 quem
766 1370 882 1445 nominavi,

101 1442 215 1491 Frontonis
226 1443 318 1497 auditor,
330 1443 453 1492 Antoninus
465 1443 541 1498 Verus,
553 1442 626 1492 luisse

143 1516 178 1563 De
193 1529 253 1574 patre
267 1536 355 1574 quoque
368 1517 428 1574 apud
442 1535 514 1564 rerum
528 1517 618 1563 istarum
632 1514 749 1574 scriptores
761 1515 883 1565 dissensum

103 1592 141 1635 est.
150 1587 179 1634 'ls
194 1606 287 1645 nanque,
298 1599 322 1635 ut
332 1588 439 1635 creditum
449 1600 481 1635 est
490 1608 503 1635 a
513 1587 651 1644 quibusdam,
663 1587 729 1635 homo
739 1588 834 1645 locuples
845 1588 883 1635 sed

62 1662 89 1710 20
104 1660 179 1709 humili
188 1681 200 1708 e
208 1660 271 1719 plebe
279 1680 304 1709 ac
311 1660 424 1709 libertinus
432 1659 481 1709 luit.
489 1660 532 1708 Alii
540 1661 668 1709 nutritorem
676 1659 743 1709 luisse
751 1660 883 1715 libertinum,

102 1746 184 1790 patrem
193 1753 244 1781 vero
258 1734 335 1781 illustri
349 1754 362 1781 e
375 1733 456 1781 familia
465 1747 540 1782 natum
550 1735 632 1782 dicunt.
642 1734 712 1781 Patria
721 1734 762 1781 sibi
771 1734 884 1791 Aquinum

102 1805 150 1854 luit.
167 1806 193 1863 ld
208 1806 339 1865 Campaniae
351 1807 458 1865 oppidum
470 1818 502 1853 est
514 1807 537 1853 in
549 1819 605 1853 terra
620 1806 687 1859 ltalia,
700 1807 718 1852 si
730 1806 771 1852 alia
783 1806 806 1852 re
819 1806 885 1879 nulla,

102 1879 132 1927 sal
133 1868 181 1929 temv
193 1880 307 1938 splendore
321 1881 415 1929 nominis
427 1892 503 1963 poetae
515 1879 578 1929 liuius
590 1900 614 1928 ac
626 1877 755 1938 praestantia
766 1880 805 1928 viri
818 1875 885 1928 sancti

104 1953 209 2006 Thomas,
218 1973 255 2010 qur
249 1953 397 2010 praedicator
405 1953 469 2000 sacris
478 1954 500 2000 in
508 1952 584 2000 litteris
592 1966 641 2010 post
650 1953 708 2001 hunc
716 1954 781 2010 longo
788 1967 886 2031 tempore

62 2026 88 2074 25
104 2025 185 2081 claruit,
204 2045 248 2074 non
266 2025 390 2074 obscurum.

145 2098 237 2147 Litteras
248 2098 354 2146 luvenalis
364 2111 436 2146 noster
445 2097 520 2146 didicit
530 2097 618 2147 Romae.
628 2093 733 2147 Oratoriis
742 2112 816 2147 autem
824 2098 886 2146 insti

103 2173 154 2220 tutis
166 2171 236 2226 datus,
245 2185 269 2220 ut
280 2171 373 2220 solerent
381 2172 418 2230 qui
430 2184 504 2224 essent
509 2170 645 2230 eloquentiae
652 2172 750 2226 studiosi,
760 2171 887 2221 declamavit

104 2264 174 2301 saepe.
184 2243 239 2290 Rem
249 2262 299 2291 vero
309 2243 417 2301 poeticam
427 2244 486 2291 omni
496 2245 575 2297 studio,
586 2245 680 2301 ingenio,
691 2244 832 2292 delectatione
841 2263 887 2291 sec-

105 2329 161 2366 tatus
170 2329 209 2365 est.
218 2317 298 2365 Versus
307 2330 380 2365 autem
388 2315 439 2364 lacti
448 2316 475 2364 ab
484 2336 510 2363 eo
519 2328 557 2374 per
566 2317 639 2364 ocium
647 2330 668 2364 et
676 2317 749 2364 iocum
757 2336 808 2365 cum
817 2316 888 2379 iunior

65 2391 92 2438 30
107 2405 161 2440 esset
175 2403 322 2440 memorantur
335 2390 377 2439 i'sti:
392 2408 400 2431 t
409 2389 475 2447 Quod
488 2411 532 2438 non
546 2391 598 2438 dant
612 2409 716 2449 proceres,
731 2387 791 2438 dabit
805 2390 887 2439 histrio.

105 2463 141 2511 Tu
151 2463 282 2512 vCamerinos
295 2477 316 2511 et
329 2464 422 2517 Barteas‚
435 2476 460 2511 tu
472 2463 579 2511 nobilium
591 2482 668 2520 magna
680 2464 733 2510 atria
745 2481 813 2516 curas4
826 2481 888 2520 prae-

99 2536 172 2588 'lectos
183 2537 275 2596 Pelopea
285 2536 343 2592 lacit,
356 2536 481 2586 Philomena
491 2536 599 2586 tribunos.
609 2552 617 2577 a
629 2536 676 2585 Hos
688 2537 779 2594 scriptos
790 2536 817 2584 ab
828 2537 888 2586 eoin
931 2582 932 2585 ,

107 2616 172 2668 quem
187 2612 296 2660 nominavi
308 2611 407 2659 Paridem
418 2611 571 2659 Panthomium
583 2610 689 2657 affirmant
700 2610 738 2667 qui
750 2625 803 2656 eumv
812 2610 890 2657 vixisse
934 2664 937 2667 ‚

119 2770 207 2811 olunt.
224 2772 249 2807 12.
299 2771 326 2806 21.
340 2770 374 2805 tuv.
388 2770 416 2805 lll.
429 2770 470 2805 3l9.
520 2769 548 2805 30.
563 2769 720 2805 luv.Vlt.90-92.

69 2855 207 2865 ΜΗ*

118 2911 170 2958 &V
189 2918 202 2955 ι’,
221 2931 242 2962 r.;
262 2921 310 2954 erat>
323 2911 357 2956 X?
419 2901 453 2953 ll.
468 2909 649 2964 post·ad(rianum)
669 2916 682 2952 ι’.
698 2929 719 2960 r.;
741 2929 765 2954 ex
786 2909 891 2962 imperavit

66 2984 132 3021 statim
147 2997 196 3023 corr.
256 2977 284 3022 19.
298 2978 423 3034 quibusdam
434 2983 448 3021 ί.
463 2995 485 3026 ν.;
500 2986 543 3021 erar
557 2974 660 3031 plurisque
701 2975 733 3021 29.
743 2976 810 3021 ocium
818 2986 838 3020 et
847 2982 862 3021 i.
871 2993 891 3021 r.
