2093 3253
131 188 168 236 158
431 202 522 234 sicconis
537 202 652 234 rotsuronr
719 238 720 242 ,

171 320 271 370 fonditus
286 342 310 369 ac
325 320 371 368 solo
385 333 474 378 aequata
488 333 527 368 est.
544 319 617 368 ludaei
631 339 682 367 vero
695 332 744 367 tum
757 339 833 368 omnes
847 321 956 381 capti'pe-

173 395 297 453 remptique
313 393 362 442 tede
378 404 416 441 aut
431 392 513 441 venditi
529 393 672 450 ignominiose
687 405 745 441 sunt.
764 408 765 413 ’
786 438 787 442 ,

216 468 321 526 Iosephus
336 479 409 515 autem
418 466 517 514 omnium
526 486 584 514 unus
594 468 616 515 in
626 466 723 515 libertate
734 468 812 515 mansit
822 480 887 525 atque
896 480 957 517 utro-
1032 467 1035 496 3

172 560 215 598 que
229 561 241 588 a
256 539 354 598 principe
363 539 468 593 Romano,
477 537 610 597 Vespasiano
618 558 643 587 ac
651 538 710 593 Tito,
720 551 741 587 et
749 538 836 587 habitus
844 540 867 587 in
876 539 958 590 honore
1022 550 1039 593 ’ἒξ

145 614 158 660 5
174 624 195 659 et
210 612 279 660 lactus
291 613 351 660 dives
364 611 445 659 Romae
457 611 536 659 deinde
547 612 607 660 vixit.
620 611 695 660 Statua
707 632 793 670 nanque
805 611 853 665 sibi,
865 624 890 660 ut
902 613 956 661 solen

172 698 220 734 rent
238 703 278 744 pro
292 687 372 735 virtute
387 684 486 739 Romani,
502 684 529 733 de
543 684 631 743 publico
646 684 708 740 lacta,
724 685 800 733 datum
814 705 902 744 quoque
916 687 957 737 sibi

173 779 293 817 cognomen
308 771 333 807 ut
347 757 473 817 Vespasiani
489 757 591 806 elamilia
607 757 692 807 Flavius
703 758 821 807 vocaretur.
833 758 957 817 Vespasiani

173 832 263 891 quidem
282 846 371 890 paterna
390 829 471 878 familia
491 830 583 878 Reatino
598 852 610 879 e
625 831 744 888 municipio
760 831 832 880 Flavia
847 832 904 881 dicta
918 846 958 888 est,
1023 849 1034 877 υ

174 916 269 952 materna
278 922 328 953 vero
338 901 430 952 Nursiae
439 902 531 951 oriunda
540 902 642 962 Vespasia
650 902 763 964 appellata.
772 902 899 963 lpseautem
904 904 957 954 Ves·

134 979 273 1035 lOpasianus
293 978 364 1025 dictus
386 976 554 1035 haudquaquam
570 997 583 1024 a
598 977 677 1034 vespis,
693 989 719 1024 ut
734 990 812 1035 putant
829 977 899 1033 multi,
920 980 959 1027 sed

174 1062 270 1097 materna
285 1070 297 1097 a
313 1061 383 1107 gente,
400 1050 460 1106 quod
474 1050 533 1106 apud
549 1062 640 1097 matrem
656 1048 748 1097 Nursiae
764 1050 882 1097 nutriretur
896 1069 957 1108 puer,

175 1134 261 1171 mortuo
276 1135 337 1180 patre
351 1120 470 1179 appellatus
482 1133 523 1169 est.
536 1120 617 1170 Romae
633 1121 699 1179 igitur
713 1120 818 1181 Iosephus
829 1142 897 1170 annos
909 1136 958 1182 post

176 1214 272 1244 eversam
287 1194 461 1253 Hierosolymam
471 1194 500 1243 ad
511 1193 541 1243 VI
554 1206 575 1242 et
587 1193 630 1242 XX
640 1195 700 1243 vixit.
713 1194 795 1243 Romae
806 1204 894 1253 quoque
905 1195 959 1245 obiit

176 1281 275 1321 mortem,
296 1287 347 1315 cum
366 1268 481 1324 imperaret
496 1267 576 1314 Nerva.

137 1341 161 1389 l5
220 1339 298 1388 Libros
312 1351 385 1388 autem
395 1339 486 1397 scriptos
496 1338 583 1398 reliquit
593 1339 620 1387 de
629 1338 764 1398 Antiquitate
776 1338 862 1388 Iudaica
871 1339 922 1396 XX;
932 1341 960 1389 de
1026 1396 1039 1401 ,.

176 1412 315 1460 lVlachabaeis
330 1432 408 1466 unum;
424 1413 446 1460 in
459 1413 591 1469 Appionem
606 1412 770 1470 grammaticum
780 1411 959 1467 Alexandrinum,

176 1485 238 1540 duos;
254 1485 281 1533 de
292 1485 421 1543 Captivitate
433 1485 519 1550 Iudaica
529 1484 580 1539 Vll,
591 1485 629 1544 qui
639 1497 732 1543 utroque
741 1506 753 1534 a
763 1485 867 1544 principe,
878 1486 959 1545 Vespa·
1027 1534 1047 1556 χ

176 1558 236 1605 siano
250 1570 272 1604 et
287 1558 347 1609 Tito,
362 1557 442 1604 laudati
456 1568 521 1613 atque
536 1569 561 1604 ut
575 1569 680 1614 perpetuo
694 1569 829 1604 servarentur
844 1557 959 1606 bibliothe·
1027 1554 1047 1618 ¹}*i

176 1649 213 1676 cae
228 1628 327 1688 publicae
342 1628 386 1676 dati
396 1641 454 1677 sunt.
466 1627 527 1685 Quos
537 1640 610 1676 autem
622 1628 707 1688 losephi
718 1628 828 1677 nominavi
839 1628 912 1685 libros,
923 1650 959 1679 eos

135 1703 164 1753 20
178 1702 279 1761 plurique
293 1704 384 1761 scriptos
398 1702 426 1750 ab
441 1722 474 1757 eo,
482 1703 514 1750 uti
522 1715 573 1751 sunt
580 1702 640 1760 apud
647 1723 694 1757 nos,
703 1701 778 1751 litteris
786 1702 869 1752 latinis
876 1705 960 1759 volunt,
1028 1701 1047 1768 l

177 1776 237 1832 quod
252 1777 285 1822 vir
299 1788 355 1823 esset
369 1775 450 1832 peritus
464 1787 485 1822 et
498 1775 578 1822 litteras
591 1795 635 1822 non
649 1775 757 1822 Hebraeas
771 1775 837 1823 modo
849 1777 888 1823 sed
901 1776 959 1824 Lati·

177 1868 214 1895 nas
235 1848 300 1896 etiam
319 1867 343 1896 ac
364 1847 444 1895 Grecas
460 1847 554 1895 haberet.
571 1847 628 1895 Sunt
643 1848 681 1906 qui
697 1867 747 1895 eum
762 1847 872 1907 scripsisse
885 1848 959 1897 litteris
1007 1850 1008 1853 ’

178 1921 254 1970 Grecis
275 1933 359 1979 putant,
380 1934 454 1979 postea
473 1940 523 1969 vero
538 1922 560 1968 in
576 1921 679 1969 latinum
693 1940 765 1969 versos
780 1920 827 1969 illos
842 1942 854 1970 e
869 1921 959 1977 Graeco,

178 1994 216 2041 sed
231 1993 321 2051 quidam
335 2012 347 2040 a
362 1992 449 2040 Ruffino
463 1992 622 2049 Aquilegiense
637 1992 672 2039 alii
687 1991 715 2040 ah
728 1992 775 2040 aliis
790 1993 900 2041 traductos
915 2014 960 2042 ma·
1038 2009 1047 2049 ᾗ

136 2066 164 2114 25
180 2064 235 2114 lunt.

196 2143 197 2146 ’
221 2138 263 2186 Hic
273 2139 331 2187 enim
342 2137 376 2186 hic
388 2138 492 2197 Iosephus
502 2152 534 2187 est
543 2137 579 2186 ille
589 2158 654 2197 quem
664 2138 719 2187 libro
729 2138 831 2187 Virorum
843 2139 961 2188 illustrium
1029 2117 1045 2191 Ῐ

180 2211 327 2269 Hieronymus
344 2223 449 2260 memorat
466 2211 575 2277 scripsisse
592 2211 647 2259 libro
664 2210 826 2269 Antiquitatum
843 2211 920 2261 XVIII
938 2226 959 2261 et
1031 2219 1037 2260 r?
1045 2234 1047 2237 ’

181 2285 301 2332 Iohannem
314 2283 513 2340 Baptistam'tuisse
527 2283 656 2341 prophetam
670 2296 691 2331 et
705 2283 841 2332 Hierusalem
855 2284 884 2332 ob
898 2304 961 2333 neca·
1031 2317 1047 2325 η.

179 2369 227 2405 tum
243 2356 348 2406 Iacobum
362 2356 484 2414 apostolum
497 2356 591 2404 dirutam
604 2376 657 2411 esse,
671 2370 770 2405 nostrum
783 2376 834 2405 vero
848 2357 962 2406 dominum

137 2432 166 2479 30
183 2431 255 2480 lesum
272 2430 384 2478 Christum
400 2430 504 2478 mirabilia
520 2430 548 2477 ob
564 2431 624 2486 signa
634 2450 646 2477 a
656 2430 761 2478 Phariseis
773 2430 838 2487 (secta
849 2444 893 2478 erat
903 2430 962 2490 apud
1032 2451 1044 2480 i

181 2504 260 2551 ludeos
275 2503 324 2561 ista)
339 2501 478 2550 interfectum
489 2521 535 2550 esse
547 2502 684 2560 eundemque
696 2502 723 2550 de
734 2503 782 2561 ipso
793 2502 918 2561 loquentem
929 2502 962 2549 his
1033 2523 1043 2571 ξ]

142 2692 143 2696 ¹
174 2643 203 2679 27.
215 2643 283 2695 Hieron.
297 2644 332 2681 Vir.
345 2643 371 2679 Ill.
387 2642 414 2680 13.
467 2686 468 2690 Ἰ

178 2771 198 2813 2.
220 2770 343 2821 ignominise.
398 2769 417 2811 8.
440 2768 523 2811 Reatino
546 2786 557 2810 e
580 2787 603 2812 ex
626 2766 692 2811 Flavia
715 2766 799 2821 dicuat)
823 2774 890 2811 statim
913 2785 962 2811 corr.

141 2836 171 2883 12.
190 2847 268 2880 mortuo
287 2854 310 2881 ex
329 2833 468 2889 appellatum)
487 2840 555 2879 statim
574 2852 622 2879 corr.
681 2833 710 2879 l6.
728 2832 759 2880 Ex
780 2832 896 2880 Machabeis
914 2851 963 2879 corr.

141 2904 171 2950 18,
185 2902 215 2949 Ex
226 2900 341 2948 bibliotecae
350 2920 399 2946 corr.
456 2899 485 2946 l9.
495 2901 572 2954 Quos...
582 2899 808 2953 maluntimdnfiarld.
866 2901 962 2947 19·e0s...
996 2909 998 2912 “

139 2969 214 3015 malunt
228 2977 242 3015 ι’.
256 2989 271 3014 r.
327 2968 359 3013 26.
374 2968 427 3012 enim
441 2986 464 3013 ex
478 2985 559 3022 nanque
572 2986 631 3019 corr.;
646 2967 682 3011 ille
691 2985 736 3011 sscr.
