2093 3253
245 188 376 221 SCRIPTORUM
391 191 518 222 lucustarum
531 202 545 208 *
559 192 617 224 traca
631 193 684 224 xvii>
835 179 874 227 469

90 317 111 351 et
127 303 224 362 Pompeii
239 302 303 357 filios,
319 303 408 352 Gneum
431 318 452 352 et
474 305 572 359 Sextum,
595 307 654 365 apud
677 307 786 356 Mundam
808 306 877 367 prelio

91 376 207 436 superavit.
225 376 311 425 Deinde
327 397 360 429 res
377 378 399 425 in
416 378 521 437 Hispania
537 380 617 438 quiete
634 401 684 429 nam
701 377 786 435 Sextus,
803 381 876 440 quoad

92 450 171 499 Caesar
186 450 245 506 vixit,
260 450 370 500 interdum
383 452 442 512 apud
456 451 616 509 Cordubenses,
631 453 741 504 interdum
754 453 878 515 apudCel·

93 524 174 572 tiberos
188 524 257 578 latuit,
271 525 347 574 Gneus
360 544 411 573 vero
423 546 435 573 e
447 546 519 583 pugna
531 526 616 584 lugiens
629 547 641 575 a
653 527 877 581 Caesonio,·Caesaris

67 598 79 647 5
96 597 172 655 legato,
181 597 241 656 apud
250 596 373 646 Lauronem
382 598 488 657 oppidum
498 600 581 649 occisus
590 614 630 649 est.
639 599 730 649 Caesare
738 613 812 649 autem
821 620 878 650 mora

94 683 133 718 tuo
146 671 275 719 renascentis
289 669 339 720 belli
353 670 420 719 civilis
434 673 546 720 occasione
556 671 627 721 oblata
638 673 717 721 Sextus
727 693 816 722 omnem
826 673 878 721 His-

95 735 181 803 paniam
196 742 218 790 in
233 761 292 791 arma
308 744 379 792 traxit.
396 743 441 792 Sed
457 742 492 792 ille
509 745 532 793 in
548 744 623 793 Asiam
644 744 729 804 lugiens
753 743 879 794 interfectus

95 818 134 872 est,
145 816 298 866 Cordubenses
308 836 359 865 vero
368 837 392 865 ac
403 838 477 866 omnes
488 817 605 877 Hispaniae
615 817 691 878 populi
701 815 750 877 post
760 816 816 868 bella
825 817 878 867 civi·

95 891 123 940 lia
138 890 242 940 domitia
256 889 348 939 Caesare
359 890 458 949 Augusto
470 904 532 940 sunt„
541 890 600 940 Tum
613 891 702 951 quidem
715 891 792 940 missus
804 891 832 940 ab
844 912 877 945 eo,

56 968 83 1016 10
98 983 152 1018 reor,
168 964 190 1011 in
205 963 333 1012 Catambros
341 963 424 1012 bellum
433 976 519 1022 gerente
528 984 579 1013 cum
588 963 692 1024 expeditis
701 962 769 1023 copiis
778 963 823 1013 Gn.
833 964 881 1013 Do-

97 1039 173 1092 micius
188 1037 316 1086 Enobardus
330 1036 398 1095 (hunc
410 1036 478 1086 luisse
491 1037 590 1087 Neronis
598 1058 703 1097 proavum
716 1037 816 1086 dixerunt
828 1037 878 1096 qui-

97 1110 156 1169 dam)
168 1110 295 1161 Cordubam
306 1110 326 1160 vi
338 1110 426 1169 recepit.
438 1110 498 1160 Bona
509 1110 615 1166 omnium,
627 1123 651 1168 ut
662 1123 724 1170 capta
735 1111 758 1159 in
769 1106 823 1159 urbe
833 1110 880 1159 fieri

97 1183 158 1237 solet,
175 1182 279 1231 militibus
301 1182 406 1230 hostiliter
427 1182 548 1241 diripienda
570 1174 658 1237 dimisih‘
681 1182 787 1243 populum
807 1196 881 1233 autem

97 1259 144 1306 iure
156 1257 207 1306 belli
220 1269 314 1317 captum,
328 1270 352 1305 ut
364 1276 457 1315 poenam
469 1256 595 1305 temeritatis
607 1256 707 1315 exigeret,
720 1257 744 1306 in
756 1253 882 1306 servitutem
931 1285 933 1288 ⁴

59 1334 84 1381 l5
100 1332 150 1390 egit.
562 1328 564 1334 Ι

141 1403 246 1452 Senecam
260 1422 311 1452 vero
325 1416 373 1452 tum
388 1402 443 1451 torte
457 1404 616 1453 adolescentem
630 1402 823 1462 philosophiaeque
837 1414 884 1451 stu*

99 1478 186 1526 diosum
197 1497 222 1525 ac
232 1478 333 1526 iuvenem
344 1477 455 1526 eruditum
465 1477 494 1526 ob
506 1477 636 1539 singularem
647 1476 776 1530 studiorum,
793 1476 883 1534 ingenii,

99 1551 192 1604 virtutis,
207 1551 322 1598 memoriae
336 1551 454 1598 bonitatem
468 1550 566 1598 libertate
579 1550 673 1598 donavit*
681 1550 820 1608 eundemque*
831 1550 880 1596 data

100 1644 139 1682 spe
154 1622 247 1687 melioris
262 1620 361 1688 fortunae
375 1634 399 1669 ut
414 1621 584 1679 proficisceretur
599 1620 828 1671 Romam'exhortatus
843 1634 883 1675 est,

58 1699 86 1746 20
101 1696 162 1755 quod
175 1696 244 1744 virtus
258 1694 289 1743 ibi
303 1694 387 1753 amplos
401 1708 423 1743 et
437 1695 529 1744 honores
544 1708 565 1743 et
579 1694 663 1744 lructus
678 1695 773 1743 haberet.
787 1694 886 1744 Assensit

100 1771 119 1817 ei
134 1769 197 1818 facile
211 1769 300 1823 Seneca,
313 1780 361 1817 tum
374 1768 434 1826 quod
446 1768 527 1826 patriae
539 1779 614 1826 captae
626 1765 701 1816 infelix
713 1783 775 1816 casus
787 1766 811 1815 id
822 1766 883 1815 iube-

101 1853 140 1894 ret,
157 1852 206 1888 tum
221 1840 281 1899 quod
296 1840 372 1889 avidus
389 1858 473 1898 semper
489 1840 596 1888 bonarum
611 1840 691 1887 artium
706 1839 761 1887 istuc
777 1839 883 1898 proficisci

93 1925 151 1961 ante
165 1912 209 1961 iam
223 1932 287 1971 saepe
304 1912 377 1961 animo
395 1912 515 1971 cogitasset,
535 1912 595 1972 quod
612 1911 697 1961 audiret
714 1933 767 1961 voce
784 1910 884 1961 omniurn

102 2007 146 2035 non
161 1986 246 2046 imperii
262 1986 327 2035 modo
336 1986 423 2035 culmen
432 1997 544 2035 summum
553 2006 599 2035 esse
608 1988 630 2035 in
639 2007 664 2035 ea
672 1986 727 2035 urbe
735 2004 811 2035 verum
820 1986 886 2035 etiam

61 2060 89 2107 25
105 2060 257 2116 magistrorum
271 2059 356 2117 copiam
370 2072 391 2107 et
405 2058 481 2107 florem
494 2061 522 2107 ad
538 2059 699 2117 percipiendam
714 2079 780 2116 quam
795 2071 884 2117 cuperet

103 2132 196 2191 quisque
210 2132 331 2181 doctrinam
347 2133 452 2191 optimam
468 2144 489 2180 et
504 2131 607 2181 virtutem
623 2132 704 2181 haberi.
722 2131 797 2191 lpsum
812 2143 886 2180 autem

103 2204 196 2254 Romam
207 2226 233 2254 ex
244 2203 343 2254 consulto
353 2204 414 2264 prius
426 2205 456 2254 ire
468 2204 579 2263 prohibuit
590 2219 657 2264 atque
666 2206 689 2254 in
700 2226 751 2254 eum
762 2205 820 2253 diem
831 2205 888 2253 intra

104 2277 200 2326 coloniae
215 2297 265 2326 suae
273 2276 353 2326 vallum
360 2278 468 2327 continuit
476 2278 558 2326 bellum
565 2278 633 2333 civile.
643 2299 687 2338 quo
695 2278 807 2337 flagrarent
815 2277 888 2326 omnia

106 2349 161 2398 lulio
176 2350 267 2398 Caesare
278 2363 372 2399 mortuo.
384 2351 454 2399 Patria
465 2351 538 2410 itaque
549 2363 617 2410 capta,
630 2363 654 2399 ut
666 2350 717 2404 dixi,
728 2363 794 2408 atque
805 2350 889 2398 deserta

63 2422 91 2471 30
107 2423 199 2472 Romam
214 2444 264 2472 cum
279 2422 376 2472 discendi
392 2423 498 2472 desiderio
512 2437 560 2472 tum
575 2423 713 2482 persuasione
728 2422 823 2471 Domicii
837 2442 889 2482 pro-

64 2559 206 2567 ———-—-

103 2640 122 2684 3.
137 2638 258 2683 interdum...
273 2638 373 2683 interdum
389 2656 427 2682 om.
441 2639 464 2688 F,
478 2644 492 2683 ι’.
506 2657 531 2683 m.
545 2637 591 2682 add.
605 2637 668 2682 Sicco.
706 2655 708 2657 ·
723 2638 741 2680 7.
755 2634 887 2690 interfectus)

64 2710 77 2750 i.
91 2724 114 2758 r.;
129 2724 153 2753 ex
166 2706 274 2763 o(ceisus?)
288 2700 355 2753 statim
366 2705 449 2766 corcO
463 2706 539 2762 occisus
553 2705 576 2751 F.
630 2706 650 2750 8.
664 2703 822 2758 Cordubenses)
836 2709 851 2748 i.
865 2721 889 2754 r.;

64 2789 87 2816 ex
102 2774 130 2819 Hi
144 2773 220 2828 p(ost?)
234 2779 302 2818 statim
312 2768 361 2818 corr.
372 2772 392 2817 Ο
404 2773 433 2819 Ηί
444 2782 489 2826 post
498 2770 549 2817 bella
557 2770 622 2818 civilia
631 2772 655 2817 F.
699 2770 729 2815 ll.
738 2769 856 2815 Enobarbus
866 2770 890 2815 F.

64 2839 97 2885 16.
111 2839 290 2895 philosophiaeque
303 2840 432 2896 studi(osum)
443 2847 457 2885 ι’.
464 2858 487 2890 r.;
499 2859 523 2885 ex
534 2841 561 2885 ob
573 2838 723 2893 singutarpma)
732 2843 800 2883 statim
811 2836 890 2882 como

64 2906 262 3031 philosoghsseque...
282 2908 382 2954 eruditum
400 2927 437 2954 om.
457 2908 479 2953 F.
542 2906 571 2953 l8.
585 2905 666 2951 donavit
684 2915 704 2949 et
722 2923 757 2959 spe
775 2923 803 2949 m.
816 2903 831 2949 h
845 2904 890 2952 data

73 2985 96 3018 ut
110 2994 146 3021 omi
189 3011 193 3020 .
