2093 3253
153 237 193 283 480
450 249 543 283 srccoms
557 249 675 281 aoirurour

193 362 233 412 teri
248 382 273 410 ac
287 362 389 417 doctoris,
405 364 511 412 sententia
524 357 547 411 in
562 376 687 412 sanctorum
701 363 813 421 cathalogo
826 371 980 410 annumeratus

194 448 234 484 est.
878 436 879 439 ¹

238 508 355 558 Caeterum
369 509 429 557 Nero
444 509 528 558 virilem
542 510 632 558 tandem
646 522 738 558 aetatem
752 511 861 567 ingressus
876 509 982 557 scelerum
1035 563 1038 564 ⁷

195 581 287 631 claustra
295 581 367 641 erupit
375 594 397 631 et
405 600 461 641 quae
470 580 531 632 illum
548 582 570 631 in
580 580 638 631 diem
647 580 746 630 simulata
755 594 776 630 et
785 580 868 648 occulta
877 580 982 629 latuerant

169 657 182 703 5
198 667 286 713 repente
300 655 361 713 quasi
376 654 472 703 refractis
487 656 577 703 carceris
591 657 659 713 portis
674 655 756 704 eduxit.
784 654 914 722 Obsequens
929 673 982 702 nan-

196 747 239 787 que
265 727 366 787 deinceps
380 726 478 776 consiliis-
488 748 532 777 non
545 727 616 783 Burri,
630 748 674 777 non
687 727 789 782 Senecae,
803 725 981 779 nonmatrisfuit.

197 800 235 848 sed
250 818 315 858 opera
327 801 377 848 data
389 800 449 847 omni
462 800 544 848 curavit
557 799 645 859 reliquis
657 800 714 848 vitae
725 800 788 848 annis
800 799 884 847 efficere
896 811 921 846 ut
933 816 982 856 pre«

197 873 322 921 termissum
332 873 360 921 ab
371 893 397 920 eo
407 872 516 920 videretur
527 871 581 920 nihil
592 873 653 931 quod
662 884 700 920 aut
711 872 753 920 dici
764 884 802 919 aut
812 871 900 929 cogitari
911 882 983 928 posset

198 946 256 995 unde
271 945 397 994 crudelitate
414 966 439 993 ac
457 945 517 993 omni
535 945 614 993 scelere
633 958 722 1010 cunctos
740 957 842 1003 tyrannos
865 943 994 1011 excelleret..

160 1021 185 1067 10
201 1018 296 1067 Matrem
310 1018 332 1065 in
346 1018 429 1076 primis,
444 1018 509 1065 cuius
519 1029 571 1070 arte,
586 1018 659 1074 gratia,
674 1018 752 1065 astutia
766 1018 872 1075 potiretur
885 1014 984 1073 imperio,

199 1090 291 1150 privavit
302 1101 408 1149 potestate
419 1090 485 1145 omni,
497 1090 559 1139 eiecit
571 1089 649 1139 deinde
660 1089 708 1139 aula
719 1090 886 1150 vituperoseque
896 1087 985 1137 tandem

200 1184 224 1211 ac
239 1163 355 1211 crudeliter
369 1164 485 1211 interemit.
501 1163 596 1211 Burrum
609 1177 690 1217 autem,
705 1164 777 1211 virum
791 1163 901 1220 egregium
915 1181 940 1210 ac
955 1161 985 1208 rei

201 1234 299 1283 militaris
313 1236 398 1289 ducem,
413 1255 497 1283 veneno
510 1236 571 1294 quasi
585 1255 624 1293 per
637 1236 741 1283 solacium
755 1236 806 1282 dato
819 1235 847 1282 ad
860 1234 933 1281 fauces
946 1252 986 1290 pro

197 1307 297 1355 'remedio
311 1306 426 1355 interfecit.
442 1307 521 1367 Neque
537 1326 588 1355 vero
604 1308 663 1356 stetit
679 1309 775 1366 potentia
791 1307 885 1372 Senecae
901 1305 940 1354 sed
955 1304 986 1352 la·

163 1381 188 1428 l5
203 1380 254 1427 bare
269 1379 377 1438 extemplo
392 1399 417 1427 ac
433 1398 494 1428 ruere
510 1380 591 1428 sensim
606 1381 684 1439 coepit.
701 1380 792 1429 Mortuo
808 1381 894 1437 nanque
910 1380 986 1431 Burro,

204 1472 270 1509 quem
284 1451 307 1499 in
322 1471 345 1499 re
360 1450 490 1510 quacunque
505 1452 606 1501 obeunda
622 1453 733 1510 collegam,
749 1454 851 1505 amicum,
867 1452 988 1498 adiutorem

204 1524 298 1577 haberet,
307 1541 355 1572 raro
366 1524 411 1571 eius
423 1525 513 1573 consilio
524 1544 576 1573 usus
587 1538 620 1573 est
628 1525 688 1573 Nero
697 1544 736 1572 nec
747 1524 841 1573 multum
852 1523 931 1572 deinde
939 1540 988 1580 pre-

204 1596 272 1644 sentia
287 1616 325 1644 sua
340 1596 457 1644 delectatus
472 1610 512 1646 est.

245 1668 301 1717 Aula
311 1688 399 1728 quoque
408 1669 431 1717 in'
441 1690 492 1718 eum
501 1669 623 1725 confestim,
634 1684 659 1720 ut
669 1670 735 1718 sensit
746 1689 816 1719 mores
826 1669 989 1728 principismu-

163 1745 191 1791 20
206 1756 261 1790 tatos
278 1762 330 1809 esse,
347 1741 482 1801 perfremuit.
499 1744 548 1792 Hoc
564 1744 623 1792 enim
638 1745 698 1792 curia
713 1744 804 1792 insitum
819 1741 884 1808 habet
900 1740 989 1793 malum,

205 1815 265 1873 quod
278 1814 332 1864 alius
347 1816 414 1864 aliurn
426 1836 488 1865 ruere
500 1817 569 1865 libens
582 1817 641 1867 videt
653 1838 693 1866 nec
705 1838 781 1865 manus
793 1816 878 1864 cadenti
891 1814 990 1874 quamvis

205 1887 263 1934 bono
278 1899 300 1934 et
314 1888 426 1935 moderato
440 1888 487 1936 viro
497 1889 614 1948 quisquam
624 1889 652 1937 ad
662 1888 754 1936 salutem
765 1888 803 1935 sed
813 1887 850 1934 leti
861 1906 886 1934 ac
896 1886 990 1934 ridentes

206 1959 372 2017 deridentesque
382 1960 444 2008 multi
454 1962 482 2010 ad
490 1962 609 2019 perniciem
618 1975 639 2010 et
648 1963 761 2010 interitum
770 1960 894 2018 praebeant.
904 1959 992 2016 Quippe

208 2032 278 2079 omnis
293 2045 315 2080 et
329 2033 410 2081 invidia
422 2047 443 2081 et
455 2034 553 2083 simultas
566 2048 587 2082 et
599 2035 705 2093 quicquid
717 2047 749 2082 est
762 2034 867 2082 malarum
877 2033 958 2081 artium
969 2032 993 2078 in

166 2105 194 2153 25
209 2124 233 2151 ea
248 2104 388 2152 dominantur
399 2125 423 2152 ac
435 2119 532 2163 regnant.
544 2105 595 2153 Eius
608 2127 694 2164 nanque
705 2105 834 2154 criminandi
846 2104 915 2152 rabies
926 2124 993 2168 quam¹

212 2177 262 2224 dam
277 2189 323 2225 orta
336 2177 444 2236 extemplo
457 2192 496 2227 est.
510 2179 626 2227 Sermones
640 2179 667 2227 de
680 2180 727 2237 ipso
740 2179 819 2236 ignitos
833 2178 956 2241 invidiaque
969 2173 993 2224 ac

210 2249 353 2299 malivolentia
365 2250 440 2314 plenos
452 2250 487 2300 alii
500 2252 641 2301 delectatione
654 2252 803 2306 maledicendi,
816 2251 851 2300 alii
864 2251 936 2300 studio
948 2250 994 2309 pla¹

210 2323 273 2371 cendi
288 2324 434 2382 adulandique
448 2325 539 2379 Neroni,
554 2326 589 2374 alii
605 2327 712 2374 desiderio
726 2325 798 2374 virum
812 2327 920 2383 optimum
934 2342 994 2373 ever-

211 2395 271 2443 tendi
286 2396 392 2445 serebant.
411 2397 560 2455 congratulati
579 2418 654 2446 omnes
672 2399 756 2446 venisse
774 2397 891 2456 aliquando
909 2410 1006 2461 tempus

170 2471 198 2517 30
213 2484 257 2527 quo
272 2489 294 2516 se
309 2468 369 2517 Nero
378 2471 531 2529 imperatorem
540 2492 586 2519 esse
596 2484 741 2529 cognosceret,
752 2493 797 2530 quo
805 2471 922 2529 imperium
931 2491 996 2518 suum

212 2542 257 2599 regi
271 2543 298 2590 ab
314 2564 346 2596 eo,
359 2564 403 2591 non
414 2542 431 2591 a
438 2544 527 2598 Seneca,
539 2545 627 2593 homine
639 2545 738 2603 Hispano
750 2559 771 2593 et
782 2545 913 2602 paedagogo,
925 2543 996 2597 vellet;

213 2615 263 2661 satis
274 2614 293 2662 ei
303 2615 386 2662 consilii
397 2628 418 2663 et
428 2616 576 2665 doctrinarum
585 2616 632 2665 fore
642 2636 682 2675 pro
692 2618 776 2674 imperii
787 2618 853 2675 gloria
863 2629 885 2664 et
895 2617 998 2674 dignitate

213 2688 230 2735 si
247 2688 353 2737 maiorum
367 2689 456 2746 vestigia
471 2702 604 2749 sequeretur:
627 2692 700 2749 ipsum
723 2710 793 2751 neque
808 2703 880 2739 tutore
896 2692 997 2749 deinceps

215 2781 255 2807 nec
270 2761 371 2817 magistro
385 2782 436 2809 cum
449 2776 506 2810 aetas
520 2762 586 2810 virilis
600 2764 656 2811 adsit
669 2783 731 2821 egere
745 2785 816 2822 neque
829 2764 905 2811 decere
918 2765 999 2821 princi-

220 2946 249 2991 ll.
264 2948 416 3003 vituperoseque
433 2954 446 2992 ι’.
461 2968 476 2993 r.
494 2950 545 3003 (erat
562 2962 622 3005 atque
638 2953 759 3008 vituperose)
775 2953 795 2998 Ο
811 2972 874 3007 acque
890 2956 1002 3009 vituperose

174 3014 275 3061 interemit
288 3013 369 3060 tandem
384 3015 414 3070 (ac
427 3015 533 3061 crudeliter
546 3019 592 3073 om.)
608 3019 630 3065 F.
