2093 3253
231 217 363 254 scansorium
377 216 503 247 nuusmrun
516 227 530 232 -
544 214 669 246 urrunnun.
817 199 856 246 403

71 333 211 392 proficiscens
222 331 281 391 ltalia
290 343 412 390 portaverat
420 332 443 379 in
453 330 551 389 Epirum,
560 330 584 395 id
592 343 664 378 totum
672 342 710 376 aut
715 329 762 387 ipse
767 329 857 378 advitae

72 406 123 455 suae
137 405 287 468 necessitatem
300 416 337 452 aut
352 403 450 462 publicos
465 403 516 452 belli
530 402 559 452 ad
572 416 673 461 sumptus
687 401 803 460 Pompeius
818 402 856 450 ab·

72 489 200 535 sumpserat.
215 476 276 533 Quae
290 489 363 525 autem
381 476 440 524 domi
458 489 604 524 remanserant
622 482 688 534 opes,
700 493 735 522 eas
754 473 856 523 Terentia

72 571 126 610 uxor
140 550 222 609 (nescio
235 571 290 610 quae
302 549 418 609 mutandae
430 549 546 599 voluntatis
559 569 622 599 causa
635 547 743 606 subesset)
755 548 809 597 adeo
822 547 862 597 vel

46 624 59 671 5
75 619 207 691 negligenter
224 623 352 671 ministravit
369 622 402 670 vel
419 622 510 681 turpiter
526 622 637 681 dissipavit
653 621 713 681 quod
723 620 794 670 alieno
804 638 857 669 aere

72 695 147 754 grandi
161 694 254 758 conflato
267 714 332 756 usura
343 716 400 755 ‘quae
414 707 554 755 superessent
563 695 635 743 omnia
649 690 783 742 absorberet.
820 708 822 711 ’

89 828 91 831 v
115 769 190 817 Mariti
210 769 299 828 quidem
310 788 365 828 rem
385 789 473 818 omnem
488 768 596 823 Terentia,
612 769 760 827 lposteaquam
776 768 854 817 Cicero

73 841 217 902 navigavitin
231 841 352 896 Graeciam,
371 843 431 900 quod
449 862 562 900 nunquam
580 841 702 890 rediturum
720 841 793 899 ipsum
812 840 857 888 lor-

73 927 129 962 tasse
140 926 232 973 putaret,
245 916 324 963 mirum
335 915 465 974 contempsit
476 915 499 962 in
511 913 609 962 modum.
621 911 673 962 Non
684 913 712 961 ad
724 908 775 962 eum
786 912 857 961 visen-

28 988 60 1049 ,10
75 987 135 1041 dum,
146 1007 197 1035 cum
212 988 302 1036 redisset
315 988 338 1035 in
350 987 434 1046 ltaliam
442 1007 467 1035 ac
477 987 554 1045 perdiu
564 986 681 1035 Brundusii
691 985 772 1034 fractus
781 986 857 1034 adver·

38 1086 40 1088 ·
73 1060 135 1121 sitate
146 1078 219 1108 rerum
228 1079 253 1108 ac
263 1059 340 1118 plenus
349 1060 459 1108 moesticia
467 1071 593 1113 moraretur,
602 1057 699 1117 prolecta
709 1071 742 1105 est
752 1078 857 1117 unquam.

69 1130 125 1180 'Non
140 1132 178 1191 qui
193 1132 238 1196 eius
250 1132 278 1181 de
289 1132 358 1181 salute
370 1134 444 1192 curam
457 1132 545 1181 haberet
556 1145 594 1180 aut
605 1131 740 1190 perquireret
752 1131 858 1179 nuncium

74 1205 132 1254 misit
146 1224 251 1265 unquam.
266 1206 318 1254 Non
332 1201 447 1264 pecuniam
458 1204 488 1253 illi
499 1205 527 1253 ad
537 1205 593 1254 vitae
604 1201 705 1263 sumptus
716 1204 858 1253 necessariam

73 1299 97 1327 ac
112 1299 175 1342 saepe
190 1298 228 1337 per
242 1278 322 1341 litteras
336 1293 357 1328 et
365 1281 460 1338 nuncios
473 1279 604 1338 postulatam
617 1279 675 1328 misit
687 1298 792 1336 unquam.
805 1277 857 1326 Non

36 1353 61 1400 15
76 1351 184 1400 Tulliolae
198 1351 254 1400 filiae
269 1353 300 1399 ire
315 1352 343 1399 ad
358 1364 442 1409 patrem
457 1352 554 1410 pergenti
570 1351 658 1409 dignam
673 1371 733 1403 sexu,
747 1349 858 1408 dignitate,

74 1436 143 1485 aetate
172 1419 210 1472 sua
232 1424 355 1484 comitivam
378 1423 444 1483 dedit.
468 1423 581 1481 Quaedam
606 1424 665 1473 enim
691 1423 731 1471 hoc
752 1435 857 1481 tempore,

74 1498 135 1556 quasi
150 1498 217 1545 fidem
231 1499 293 1546 uxori
311 1510 394 1546 mutare
409 1518 460 1557 cum
475 1497 562 1546 fortuna
580 1498 660 1557 liceret,
681 1496 735 1544 adeo
756 1495 858 1561 scelerate

73 1568 125 1625 lecit
134 1568 237 1632 Terentia
245 1581 271 1629 ut
280 1590 304 1632 ea
314 1570 390 1617 marito
399 1569 495 1618 audienti
505 1587 573 1626 prope
582 1567 716 1617 incredibilia
725 1567 857 1616 viderentur.

75 1642 123 1691 Hoc
131 1662 224 1705 nanque
235 1642 357 1691 acerbitatis
369 1642 468 1701 Ciceroni
481 1655 573 1691 caeteras
585 1643 613 1692 ad
627 1640 765 1696 calamitates,
778 1640 858 1700 quibus

33 1716 61 1762 20
76 1715 173 1773 undique
183 1714 306 1772 urgebatur,
317 1715 396 1763 adiecit
405 1713 498 1769 fortuna,
510 1728 534 1762 ut
545 1734 611 1773 quam
621 1733 711 1763 uxorem
721 1713 864 1772 duorumque·

74 1787 169 1851 filiorum
186 1800 277 1837 matrem
293 1808 318 1836 ac
335 1787 414 1837 multos
432 1808 499 1837 annos
517 1788 572 1837 vitae
589 1788 671 1836 sociam
688 1786 804 1843 habuisset,
811 1806 859 1835 eam

72 1863 144 1918 vipsam
162 1861 203 1909 hoc
220 1873 318 1919 tempore
336 1874 493 1916 contumacem,
511 1860 610 1916 alienam,
631 1860 857 1910 molestamhaberet.

75 1934 177 1997 Denique
193 1934 313 1991 repudiavit
329 1954 377 1982 eam
394 1932 478 1983 Cicero.
497 1933 523 1982 ld
539 1934 598 1983 enim
614 1933 726 1992 perleges
742 1940 767 1982 a'c
784 1932 858 1996 multis
934 1971 935 1974 ,

74 2006 177 2064 exemplis
191 2006 297 2055 maiorum
310 2025 370 2054 more
383 2006 468 2056 licebat.

34 2079 76 2125 25,
110 2078 195 2136 ΗΗὶῑεὶο
205 2090 282 2131 autem
300 2079 382 2137 petenti
400 2093 432 2135 ut,
443 2098 539 2130 sororem
558 2099 619 2127 suam
637 2079 745 2137 acciperet
761 2097 859 2133 uxorem,

75 2164 216 2210 posteaquam
231 2150 356 2200 Terentiam
372 2150 494 2207 dimisisset,
506 2151 618 2211 respondit
628 2151 669 2199 sibi
683 2151 766 2200 nubere
776 2149 859 2200 nullam

75 2224 136 2280 velle,
152 2224 212 2284 quod
226 2244 303 2274 navare
323 2244 410 2283 operam
430 2225 579 2284 philosophiae
593 2225 658 2274 simul
672 2246 697 2273 ac
712 2225 773 2273 uxori
789 2225 858 2273 baud-

75 2318 185 2357 quaquam
200 2311 279 2356 posset.
293 2298 420 2356 Supersedit
433 2299 523 2358 quidem
535 2298 669 2357 aliquamdiu
682 2297 759 2346 Cicero
772 2310 797 2345 ut
809 2310 860 2356 post

76 2370 211 2429 repudiatam
225 2368 351 2419 Terentiam
362 2390 452 2419 uxorem
465 2370 547 2419 nullam
558 2370 682 2419 adduceret.
696 2370 740 2418 Sed
751 2390 803 2418 curn
814 2368 860 2418 Te·

35 2442 62 2489 30
78 2443 158 2491 rentiae
173 2442 254 2498 dotem,
264 2463 319 2501 quae
329 2442 400 2501 ampla
410 2457 472 2498 esset,
483 2443 595 2492 restituere
604 2443 690 2502 penitus
700 2456 812 2501 cogeretur
820 2463 860 2490 nec

75 2516 163 2573 aliunde
181 2528 320 2574 suppeterent
339 2513 458 2570 lacultates,
483 2515 609 2571 Publiciam,
634 2515 724 2565 divitem
747 2514 858 2569 feminam,

76 2589 137 2637 duxit
152 2607 248 2636 uxorem.
267 2588 298 2636 Ita
314 2588 370 2636 dotis
386 2588 493 2638 solutione
508 2609 533 2637 ac
547 2588 663 2637 Terentiae
679 2589 779 2643 stimulis,
796 2589 859 2648 quasi

77 2679 155 2717 magno
170 2658 266 2717 pondere
276 2659 366 2708 leviatus
378 2660 489 2719 respiravit
507 2659 598 2719 paulum
615 2673 681 2719 atque
700 2660 779 2716 deinde
797 2661 859 2719 quie-

77 2731 120 2780 tius
144 2732 207 2780 solito
228 2731 362 2792 aliquamdiu
385 2732 442 2782 bona
463 2754 514 2782 cum
537 2753 576 2791 spe
604 2733 720 2782 Caesarem
744 2745 859 2792 expectans

34 2800 62 2850 35
79 2804 138 2854 vixit.

34 2915 180 2930 ..κ-

88 2986 107 3030 2.
117 2985 143 3030 ad
152 2992 165 3031 i.
171 3005 196 3037 r.,·
205 2997 247 3032 erat
256 2999 296 3032 aut.
354 2986 384 3033 10.
393 2987 423 3034 Ex
432 2987 538 3034 Brondusii
545 3007 594 3036 corr.
649 2989 681 3035 26.
690 2988 813 3046 (dimipisset
825 2996 838 3034 ί.
844 3008 860 3034 r.
