2093 3253
259 165 390 196 scanaonun
405 164 529 195 rmusrnrun
544 173 558 179 -
571 164 629 195 iram
642 166 657 195 r.
847 149 871 193 23

91 279 215 330 Lactantius
227 277 286 326 enim
297 290 325 333 et,
338 277 375 337 qui
387 276 451 336 longe
462 275 504 326 luit
516 276 628 326 Lactantio
636 296 687 325 cum
695 275 873 335 aetatetumdig·

91 355 158 401 nitate
178 373 202 400 ac
223 351 316 405 nominis
337 350 395 399 lama
410 351 514 417 superior,
530 350 655 399 Aristoteles
671 351 753 408 quique
768 363 819 410 sunt
834 350 873 397 hos

91 427 158 474 secuti
173 426 231 483 docti
241 424 281 472 viri
291 437 346 472 artes
356 424 406 472 istas
416 424 573 482 Aegyptiorum
581 444 593 471 e
600 422 698 472 lontibus
706 423 802 482 primum
810 421 874 471 haus-

50 544 52 550 ,
91 512 123 546 tas
143 498 225 545 dicunt.
252 495 355 553 Iosephus
378 509 451 543 autem
471 495 562 543 Iudaeus
581 508 602 542 et
620 494 688 542 nobili
706 495 765 552 apud
785 494 874 542 ludaeos

66 570 174 623 filamilia
188 583 251 618 natus
272 568 436 627 sacerdotioque
456 589 481 616 ac
502 567 603 626 singulari
624 567 739 627 prudentia
759 579 781 616 et
802 566 875 616 multis

95 643 171 692 litteris
185 642 294 701 praeditus
306 655 335 696 et,
346 642 384 700 qui
395 640 459 698 longe
470 655 520 699 post
536 661 587 691 eum
596 640 646 696 fuit,
656 642 759 692 'Aurelius
770 641 872 699 augusti-

93 737 141 770 nus,
153 716 270 765 Christiani
285 715 380 763 nominis
395 714 539 763 clarissimum
555 714 615 761 sidus
630 734 655 761 ac
671 715 779 773 singulare
794 714 875 768 lumen,

94 790 149 837 hanc
160 787 264 836 Hebraeis
274 786 347 836 deberi
359 786 446 836 laudern
456 786 518 836 firma
528 786 630 845 opinione
641 799 725 845 putant.
742 786 800 836 Sunt
811 787 876 835 etiam

94 862 131 920 qui
147 880 221 909 earum
236 861 359 909 inventores
375 859 441 907 luisse
458 860 552 907 Graecos
568 861 661 908 tradant.
677 861 802 907 Memorant
811 861 876 908 'enim

56 937 82 983 111
97 934 238 992 Pythagoram
249 933 354 987 Samium,
361 933 450 981 doctum
460 953 511 980 sane
518 953 543 980 ac
551 932 777 988 excellentemvirum,
786 932 877 980 medita-

94 1007 159 1058 tione,
167 1005 260 1062 ingenio,
268 1022 319 1052 cura
330 1023 368 1051 sua
378 1004 471 1061 primam
481 1004 566 1051 dedisse
577 1004 635 1051 viam
644 1002 785 1051 inveniendae
797 1004 877 1052 doctri-

95 1100 134 1127 nae
148 1078 205 1126 illius
214 1097 257 1136 qua
266 1077 293 1126 de
301 1078 397 1133 numeris
402 1076 493 1135 paribus
507 1077 672 1139 disparibusque
686 1077 811 1135 colligendis
819 1077 878 1136 apud

97 1151 191 1198 Graecos
205 1163 262 1197 certa
276 1151 330 1197 ratio
344 1149 466 1198 haberetur.
481 1149 528 1197 Nec
543 1149 621 1197 desunt
635 1150 673 1206 qui
687 1148 802 1196 Thaletem
813 1148 878 1197 Mile-

97 1223 160 1276 sium,
174 1221 236 1270 illum
248 1222 364 1279 antiquum
377 1221 510 1279 doctumque
523 1241 548 1269 ac
562 1221 683 1279 sapientem
694 1222 766 1269 virum
779 1219 879 1279 (Thalete

1 1324 2 1327 ¹
58 1296 81 1345 l5
98 1294 187 1353 quidem
200 1292 289 1342 inferior
301 1292 431 1361 Pythagoras
444 1314 512 1342 annos
526 1293 585 1359 haud
598 1292 677 1342 multos
694 1312 758 1352 supra
771 1293 879 1353 quinqua-

98 1370 156 1426 ginta
165 1367 222 1425 luit),
229 1368 269 1415 ista
274 1367 302 1415 de
310 1385 333 1415 re
338 1368 398 1425 prius
407 1366 504 1416 locutum
513 1366 593 1416 lerunt.
602 1366 650 1415 Hoc
656 1387 744 1426 quoque
752 1368 794 1415 isto
802 1366 879 1430 aTha·

97 1441 145 1494 lete,
157 1441 175 1487 si
186 1439 294 1498 Apulleio,
305 1440 395 1497 antiquo
406 1459 457 1486 sane
467 1459 493 1486 ac
503 1440 572 1497 perito
583 1441 636 1494 viro,
648 1440 763 1494 credimus,
775 1459 834 1498 quae*
841 1439 879 1487 ha-

98 1514 160 1560 betur
176 1513 282 1560 metiendi
294 1513 349 1559 ratio
363 1512 451 1559 inventa
460 1525 505 1559 est.
520 1511 601 1560 Plinius
611 1525 690 1560 :autem
706 1511 879 1560 scribit-phedo-

98 1606 149 1633 nem
164 1584 204 1639 vel,
225 1597 250 1633 ut
270 1583 354 1633 Gellius
369 1584 458 1638 mavult,
469 1584 605 1640 Palamedem
621 1604 731 1633 mensuras
747 1597 768 1633 et
785 1584 880 1643 pondera

57 1661 86 1707 20
100 1659 213 1706 invenisse.
233 1656 316 1705 Eodem
337 1657 390 1705 item
403 1677 415 1705 a
430 1657 549 1714 Pythagora
563 1670 638 1706 cantus
652 1659 758 1706 rationem
771 1658 881 1707 inventam

99 1750 144 1777 esse
160 1729 292 1783 Macrobius,
314 1729 393 1776 somnii
414 1729 522 1787 Scipionis
543 1742 654 1777 accuratus
675 1730 788 1788 interpres,
809 1729 881 1778 refert.
940 1783 942 1786 ¹

81 1865 83 1870 ,
100 1803 198 1851 laudem
212 1803 267 1851 hanc
281 1802 363 1851 Plinius
377 1802 496 1862 Amphioni
511 1815 532 1851 et
547 1801 632 1858 Cethio,
647 1802 738 1862 quidam
752 1803 809 1851 Lino
822 1802 887 1859 'lhe-¹

58 1929 60 1931 ,
90 1876 153 1925 'baeo
168 1876 242 1924 deberi
258 1888 343 1935 putant.
362 1877 487 1925 Inventores
503 1876 570 1934 aliqui
587 1875 711 1935 Tyrrhenos
728 1875 794 1925 luisse
810 1876 882 1930 tubae,

77 1955 80 1995 J
99 1948 203 2005 Phrygios
217 1948 327 2004 tibiarum,
342 1947 473 2006 Apollinem.
482 1948 567 2002 citarae,
584 1947 720 1995 Mercurium
734 1948 785 2001 lirae
800 1948 883 1997 dicunt.

59 2020 86 2068 25
103 2019 196 2068 Fistulae
210 2033 283 2071 autem
301 2020 449 2069 inventionem
467 2020 557 2079 quidam
577 2020 695 2075 Mercurio,
714 2020 781 2080 aliqui
801 2020 883 2075 Fauno,

100 2093 198 2148 nonnulli
209 2094 289 2151 pastori
301 2093 443 2152 Agrigentino
454 2093 550 2142 tradunt,
562 2093 651 2152 Moyses
662 2112 713 2141 vero
725 2093 817 2142 Genesis
828 2094 883 2143 libro

100 2178 183 2222 patrem
197 2167 321 2218 canentium
333 2167 356 2213 in
368 2167 434 2214 citara
446 2178 468 2214 et
480 2184 560 2225 organo
568 2157 640 2214 *luisse
655 2166 715 2214 lubal
728 2166 811 2216 scribit.
825 2166 883 2215 Caeli

101 2252 173 2285 autem
182 2240 287 2286 rationem
295 2259 320 2287 ac
329 2239 425 2287 siderum
434 2240 479 2286 vim
488 2251 509 2285 et
518 2258 601 2292 cursus,
611 2241 630 2286 si
639 2253 671 2286 est
680 2240 734 2292 {ides
743 2236 884 2297 scriptoribus

101 2309 190 2359 Graecis
202 2309 279 2366 danda,
294 2310 378 2367 Athlas,
391 2311 472 2370 Libyae
483 2310 548 2365 lilius,
560 2311 687 2369 investigare
698 2312 795 2370 primum
806 2313 884 2370 coepit.

59 2382 87 2430 30
103 2383 258 2431 Fictum'enim
268 2384 297 2432 ob
308 2404 356 2432 eam
367 2403 413 2432 rem
424 2404 470 2432 esse
479 2404 493 2431 a
504 2385 573 2442 poetis
585 2383 797 2433 dicunththlantem
808 2384 884 2434 hume?

101 2457 129 2502 ris
145 2456 250 2504 sustinere
265 2455 356 2504 caelum.
372 2455 450 2504 Cicero
465 2475 522 2510 vero,
539 2477 589 2504 cum
605 2457 632 2504 de
648 2457 818 2506 divinationibus
833 2458 886 2506 scri-

98 2613 112 2649 l.
125 2615 171 2651 Lacr.
184 2616 223 2652 lust.
236 2614 249 2650 l.
262 2615 278 2651 6.
292 2614 311 2651 2?
360 2616 376 2652 2.
388 2614 438 2651 Arist.
450 2614 495 2652 Met.
507 2614 539 2653 981
559 2615 571 2650 b
589 2615 616 2651 23.
666 2616 683 2652 4.
699 2615 763 2659 loseph.
782 2612 837 2662 Antio.
851 2617 887 2661 Iud„
932 2654 934 2656 ,

61 2671 74 2710 l.
86 2675 103 2711 2.
115 2676 131 2711 2.
181 2675 198 2712 6.
210 2675 248 2713 Hoc
260 2690 292 2711 non
299 2676 359 2712 inveni.
411 2675 437 2712 17.
445 2674 496 2719 Apul.
504 2675 548 2713 Flor.
560 2675 579 2711 18
589 2675 614 2720 (p.
627 2675 656 2712 37.
668 2676 685 2713 ll
696 2675 760 2721 Helm).
811 2677 838 2714 18.
846 2677 888 2715 Plin.

61 2733 84 2769 N.
100 2737 123 2772 H.
140 2735 176 2772 Vll.
195 2736 233 2772 198.
291 2737 317 2773 19.
334 2736 385 2779 apud
401 2736 448 2776 Ptin,
464 2736 495 2772 loc.
514 2737 541 2773 cit.
597 2736 626 2772 2l.
645 2736 776 2780 Macrob.'Sal.
794 2737 816 2775 ll.
837 2739 852 2780 l.
871 2740 889 2774 8.

62 2794 90 2831 22.
103 2794 143 2832 Plin.
155 2795 179 2834 Ν.
191 2797 215 2834 H.
227 2795 264 2835 Vll.
274 2796 318 2834 204.
367 2795 395 2833 26.
408 2795 449 2834 Gen.
463 2795 479 2833 4,
492 2795 520 2833 21.
570 2796 599 2833 31.
611 2796 647 2834 Cic.
660 2799 698 2836 Dio.
711 2797 725 2834 l.
738 2797 754 2835 2.

61 2880 204 2889 -ῄ-

102 2927 121 2970 5.
135 2926 166 2973 Ex
180 2927 332 2982 sacerdocioque
346 2946 396 2972 corr.
