2093 3253
125 237 166 282 444
425 250 520 283 sicconis
534 237 657 281 aocaurour‘

167 368 221 415 tiam
241 366 308 416 animi
319 366 473 424 improperavit
485 366 511 420 ei,
523 366 584 424 quod
594 364 652 414 bello
663 365 720 413 civili
731 364 809 413 lavisse
820 384 878 413 nunc
889 364 954 413 Pom-

168 440 225 500 peio,
239 459 297 488 nunc
310 438 397 488 Caesari
409 439 526 489 videretur.
539 438 575 489 Ad
588 437 689 488 Cassium
701 457 759 501 vero,
772 458 824 487 cum
836 449 886 496 post
898 436 953 489 Caea

168 514 221 564 saris
236 526 329 563 mortem
348 512 457 563 Antonius
477 532 524 562 rem
544 512 655 573 publicam
675 511 805 567 deturbaret
824 517 835 552 'a
843 510 935 567 Vellem,
945 528 954 552 ³>

141 607 143 611 ·
170 588 248 646 inquit,
263 603 272 627 <t
281 607 294 634 ο
309 587 377 641 Cassi,
395 587 470 635 Idibus
485 586 571 635 Martiis·
587 606 622 635 me
636 587 664 634 ad
678 605 754 633 cenam
768 585 888 642 invitasses;
903 603 954 643 pro«

143 658 229 715 Sclecto
242 658 382 718 reliquiarum
408 657 550 716 superfuisset
563 656 624 712 nihil,
638 678 678 718 nec
692 678 726 707 me
740 653 795 716 quae
809 678 867 706 nunc
880 676 955 716 supera

171 746 221 781 sunt
236 744 318 781 vestrae
336 732 439 790 reliquiae
457 743 587 779 exercerent.
597 747 606 769 u
624 730 773 789 Reliquiarum
791 731 850 778 enim
867 730 956 778 nomine

172 806 206 854 Μ.
220 805 342 853 Antonium
359 803 469 852 denotavit
486 803 599 860 increpans
617 803 717 850 Cassium
734 802 795 860 quod
812 802 874 850 illum
890 802 956 850 simul

171 892 222 927 cum
238 876 329 926 Caesare
344 897 388 925 non
403 874 523 925 occidisset.
922 881 923 884 ’

215 952 328 1009 Ingentem
344 948 421 998 silvam
436 945 557 1007 ingressum
574 970 609 997 me
625 949 695 1002 video,
712 948 730 995 si
747 958 890 1007 quaecunque
906 961 957 997 sunt

132 1026 158 1073 10
173 1044 185 1072 a
200 1023 305 1072 Cicerone
318 1021 374 1069 dicta
386 1020 454 1070 facete
466 1021 581 1080 complecti
593 1021 665 1070 velim.
679 1021 794 1079 Ingenium
806 1021 865 1070 enirn
876 1021 904 1070 ad
916 1021 958 1070 hoc

170 1094 359 1156 ‘quemadmodum
371 1094 400 1143 ad
413 1107 496 1143 caetera
508 1093 532 1143 in
545 1094 625 1153 quibus
639 1094 718 1142 versari
733 1106 753 1142 et
767 1093 846 1142 habere
860 1094 958 1143 studium

173 1167 288 1217 oblectavit
300 1179 321 1215 et
332 1166 396 1215 facile
408 1179 429 1215 et
441 1167 629 1226 promptissimum
641 1166 724 1214 habuit.
737 1166 852 1225 Siquidem
865 1166 957 1215 delecta-

172 1254 207 1289 tus
222 1253 255 1289 est
269 1239 316 1287 istis
330 1259 355 1287 ac
371 1238 439 1288 multa
455 1259 514 1287 nunc
529 1238 614 1293 ludens,
631 1259 690 1287 nunc
706 1239 771 1287 etiam
786 1238 873 1288 laedens
889 1235 959 1287 facete

174 1312 234 1367 dixit,
246 1311 337 1370 proinde
347 1331 359 1359 a
369 1311 456 1360 Vatinio
466 1330 491 1359 ac
501 1311 590 1359 caeteris
601 1311 639 1369 qui
649 1311 724 1359 virtuti
734 1310 896 1360 inimicarentur
906 1331 965 1367 suae·

134 1385 158 1436 15
175 1402 330 1445 saepenumero
340 1382 415 1443 infami
422 1383 514 1433 ‘nomine
525 1389 598 1432 scurra
605 1395 693 1433 vocatus
704 1396 743 1433 est.
755 1382 815 1443 Tyro
823 1396 896 1433 autem
903 1382 958 1433 Tul-

173 1459 221 1513 lius,
234 1458 272 1516 qui
284 1458 330 1505 eius
342 1456 432 1505 libertus
444 1457 483 1504 sed
494 1456 586 1504 liberalis
599 1450 679 1516 ingenii
690 1456 719 1504 ad
730 1457 822 1515 optimas
835 1456 959 1515 disciplinas

174 1543 236 1583 esset,
253 1548 280 1577 ne
294 1547 343 1586 pars
353 1528 393 1576 ista
402 1528 537 1586 eloquentiae
546 1528 660 1587 deperiret,
670 1528 736 1591 libros
745 1541 788 1576 tres
798 1528 825 1577 de
834 1528 886 1577 iocis
896 1528 958 1578 Cice-

153 1610 158 1623 ’”
175 1603 233 1651 ronis
250 1602 342 1661 scripsit.
360 1601 407 1651 Hos
424 1601 513 1661 quidam
530 1602 578 1661 ipso
594 1621 606 1649 a
623 1601 728 1650 Cicerone
744 1603 842 1661 scriptos,
860 1603 959 1652 nonnulli

116 1686 119 1689 '
175 1677 232 1725 visos
252 1676 318 1725 modo
333 1676 361 1724 ab
377 1695 403 1724 eo
418 1684 483 1734 atque
503 1675 601 1724 laudatos
616 1675 696 1725 lerunt.
723 1676 768 1724 Sed
782 1670 885 1725 libertum
901 1676 959 1724 hune

133 1751 162 1798 20
178 1749 251 1797 multis
264 1746 341 1796 litteris
355 1747 479 1796 institutum
492 1767 516 1795 ac
529 1748 593 1805 plane
606 1749 695 1796 doctum
708 1739 777 1796 luisse
788 1740 926 1807 eundemque
939 1762 960 1796 et

119 1827 121 1831 ’
175 1834 225 1869 ante
240 1840 315 1869 omnes
331 1832 502 1868 commentatum
517 1832 578 1867 notas
594 1833 615 1868 et
629 1819 696 1868 libros
711 1820 834 1879 complures
850 1822 960 1881 scripsisse

176 1893 258 1943 dicunt.
274 1892 340 1942 Tanti
353 1911 405 1942 vero
418 1893 491 1952 ipsum
504 1891 581 1941 Cicero
594 1891 645 1941 lecit
657 1905 682 1942 ut
695 1905 740 1943 non
752 1893 881 1944 libertorum
894 1896 960 1944 modo

176 1968 215 2016 sed
229 1967 349 2015 amicorum
363 1967 428 2014 etiam
442 1966 552 2013 neminem
565 1965 610 2014 lere
624 1966 692 2024 pluris
706 1965 776 2014 lacere
790 1968 906 2023 videretur,
921 1989 967 2024 nec⁴

176 2038 241 2088 ullius
255 2059 386 2097 quacunque
399 2039 422 2085 in
435 2057 458 2085 re
470 2038 578 2092 obeunda,
592 2039 637 2087 sive
650 2038 678 2086 ad
690 2040 779 2097 negocia
792 2041 837 2089 sive
849 2040 878 2089 ad
890 2042 961 2090 studia
1001 2098 1004 2102 ι
1046 2055 1047 2058 ’

135 2115 162 2163 25
178 2114 301 2172 pertineret,
321 2112 388 2170 magis
407 2131 473 2170 quarn
491 2110 562 2159 liberti
580 2111 645 2160 huius
663 2110 713 2168 lide,
732 2113 853 2172 prudentia,
872 2114 962 2163 consilio

176 2189 296 2234 uteretur.‘
472 2246 474 2249 .
737 2229 739 2239 ,

219 2258 264 2308 Sed
278 2277 317 2306 nos
332 2257 376 2306 iam
392 2255 451 2306 locus
467 2257 569 2306 admonet
585 2257 625 2306 iste
640 2258 771 2307 recensenda
786 2279 833 2309 esse
848 2280 904 2320 quae
919 2250 964 2310 sint

178 2334 225 2391 ipso
239 2352 252 2380 a
267 2330 372 2379 Cicerone
393 2330 479 2389 scripta.
501 2330 589 2389 Quippe
610 2331 799 2389 scripsit'Cicero,
814 2333 888 2383 multa.
912 2335 963 2394 lpso

179 2424 265 2464 nanque
279 2404 302 2451 in
319 2404 437 2451 iuventutis
455 2403 507 2451 flore
524 2403 614 2461 poeticis
632 2404 749 2466 delectatus
767 2406 839 2455 iocosa
856 2408 963 2467 quaedam

125 2479 165 2526 30
181 2490 280 2535 poemata
294 2476 370 2524 edidit.
390 2475 415 2524 ln
434 2475 537 2524 Latinum
554 2484 642 2536 quoque
660 2498 672 2526 e
689 2477 774 2527 Graeco
791 2479 964 2531 traduxit'Arati

179 2570 263 2608 poema.
276 2548 361 2596 Graeco
373 2560 417 2596 erat
429 2548 459 2601 id,
472 2548 532 2606 quod
544 2550 631 2598 natione
643 2550 740 2598 Graecus
751 2551 830 2601 Aratus
843 2566 905 2609 esset,
918 2575 964 2603 me-

179 2635 213 2671 tro
227 2623 340 2680 scriptum.
354 2621 430 2671 Soluta
442 2639 494 2670 vero
507 2622 586 2680 scripta
599 2624 696 2672 oratione
709 2623 786 2673 Cicero
799 2626 822 2674 in
836 2626 939 2677 Latinum
952 2650 963 2676 e

180 2695 265 2744 Graeco
277 2694 373 2743 traduxit
387 2715 398 2742 e
411 2694 506 2744 Platonis
520 2698 680 2745 commentariis
694 2698 854 2757 Prothagoram
869 2700 964 2749 traduxit

138 2794 280 2801 ...--.-«

172 2849 190 2893 3.
202 2854 278 2894 Macrob.
291 2854 328 2893 Su.
341 2854 362 2893 Il.
377 2855 395 2892 3.
411 2854 437 2892 l3.

141 2955 282 2962 -—-—---·-

164 3013 184 3057 9.
201 3010 306 3065 lugentem
320 3010 390 3055 silvam
404 3018 417 3055 ι’.
431 3031 447 3055 r.
502 3012 534 3057 23.
549 3011 591 3057 lere
605 3033 650 3058 sscr.
