2093 3253
162 178 215 224 286>
466 196 557 226 srcconrs
571 196 686 226 ronanrom

204 307 302 358 viderent
313 308 387 366 potius
399 328 466 366 quam
475 309 583 358 audirent.
595 310 670 368 ltaque
678 328 805 368 permanere
814 310 836 358 in
844 309 899 359 urbe
910 312 988 370 magis·
1037 307 1045 368 ι;

204 394 317 442 tratusque
328 381 431 441 deinceps
442 382 612 441 haudquaquam
623 396 722 432 externos
736 387 776 431 nec
791 383 933 441 provinciales
943 386 988 432 'sed
1042 440 1043 443 Ἴ

203 454 298 502 urbanos
311 453 462 514 peterentque
474 455 535 503 obire
547 456 667 504 constituit.
1037 455 1043 510 s

247 527 340 575 Romam
351 540 425 575 autem
437 540 487 585 post
499 540 638 586 quaesturam
646 529 678 576 ¹'ad
690 548 794 577 causase
811 547 871 577 more
893 529 987 587 agendas
1039 547 1041 552 ’

178 600 190 648 5
206 600 229 648 in
244 599 299 655 loro,
311 599 372 659 quod
383 612 439 649 esset
450 600 468 648 is
479 599 593 660 peculiaris
603 622 628 650 ac
640 601 741 660 proprius
751 601 793 651 sibi
804 601 877 657 ludus,
888 620 986 652 reversus
1037 594 1045 635 ss

203 670 243 721 est.
252 671 313 721 Tum
320 691 372 724 vero
383 693 458 722 secum
468 686 571 731 reputans
582 671 629 722 lore
639 673 756 731 pulchrum
766 674 792 727 si,
801 674 988 732 quemadmodum

204 743 260 791 labri
272 765 329 803 quae
342 744 446 792 baberent
458 746 654 793 instrumentorum
666 745 711 793 vim
723 757 744 792 et
757 745 845 793 nomina
857 745 944 799 scirent,
957 745 986 793 ita
1041 738 1046 770 J

185 815 186 818 ¹
203 829 342 875 cognosceret
354 816 401 876 ipse
413 816 495 866 civium
506 838 531 867 ac
543 836 616 867 rerum
629 818 717 866 nomina
734 818 815 878 quibus
832 833 988 877 saepenumero
1043 822 1046 854 J

203 902 307 945 uteretur,
322 903 409 940 tantum
424 891 447 939 in
470 911 494 940 ea
514 909 537 940 re
552 891 692 949 percipienda
707 892 818 949 temporis,
835 890 909 944 studii,
925 909 989 940 curae
1045 933 1046 936 ,

150 964 190 1017 „10
205 963 266 1011 dedit
280 963 340 1021 quod
354 962 490 1020 singulorum
503 982 572 1022 prope
585 962 667 1027 civium
680 962 775 1017 nomina,
791 980 868 1017 mores,
888 962 987 1016 lamilias,

203 1032 320 1089 clientelas,
330 1033 398 1089 villas,
409 1032 530 1090 facultates·
538 1055 594 1094 quae
603 1048 641 1090 aut
650 1035 673 1084 in
682 1034 736 1084 urbe
743 1048 783 1084 ‘aut
796 1048 856 1102 extra
873 1035 951 1084 urbem
959 1036 987 1084 ‘in

202 1120 259 1156 terra
276 1107 337 1156 ltalia
348 1128 442 1166 usquam
452 1120 531 1162 essent,
542 1108 622 1156 noticia
632 1109 727 1167 quadam
738 1122 759 1158 et
770 1109 874 1157 memoria
889 1109 987 1157 contine-
1045 1160 1047 1163 ,

204 1194 243 1229 ret.
260 1181 380 1230 Historiam
392 1201 480 1240 quoque
492 1193 605 1238 tantopere
617 1180 694 1229 didicit
705 1194 730 1229 ut
742 1185 866 1229 nemo'esse
877 1180 988 1230 videretur

203 1253 249 1310 quie
260 1253 299 1301 ubi
310 1253 414 1301 Romanis
426 1253 453 1300 de
464 1253 528 1300 rebus
539 1254 576 1300 aut
587 1253 653 1309 gestis
663 1251 714 1300 ullis
724 1252 843 1310 quicquam
853 1252 876 1299 in
887 1251 935 1300 loro
950 1266 987 1301 aut

163 1324 188 1372 l5
204 1335 297 1383 usquam
313 1323 431 1373 dicendum
443 1336 506 1377 esset,
519 1322 748 1382 plenius'quacunque
760 1323 822 1373 dere
834 1323 894 1383 loqui
907 1338 987 1383 posset.

203 1395 243 1444 His
259 1397 323 1445 rebus
338 1396 440 1445 adiuncta
454 1409 499 1445 erat
512 1396 620 1455 quaedam
633 1416 683 1454 erga
696 1416 772 1445 omnes
787 1396 909 1445 humanitas
922 1409 988 1456 atque

203 1471 315 1519 modestia.
324 1469 356 1518 lta
365 1469 425 1519 enim
433 1470 559 1519 versabatur
568 1468 591 1518 in
599 1468 648 1518 loro
657 1482 682 1519 ut
691 1482 800 1519 accusaret
809 1470 926 1524 neminem,
933 1490 987 1528 quos

202 1543 275 1599 posset
287 1543 399 1591 accusatos
412 1541 545 1597 defenderet,
554 1542 704 1600 patrocinium
717 1542 837 1591 venditaret
850 1541 911 1598 nulli,
924 1543 986 1591 ades-

202 1619 234 1664 set
244 1615 319 1665 favens
328 1615 408 1674 cuique
417 1616 500 1674 petenti
509 1615 652 1679 gratisfdomi
661 1615 730 1664 ianua:
735 1628 818 1674 pateret
827 1615 918 1671 cunctis,
928 1615 987 1665 clau-

160 1689 191 1737 20'
204 1708 228 1737 sa
235 1687 360 1744 nulliesset,
369 1687 437 1738 libere
444 1688 517 1747 ipsum
524 1688 584 1736 adire
591 1687 666 1736 volens
679 1688 773 1748 quisque
785 1701 865 1747 posset.
879 1687 926 1737 Hac
934 1709 987 1737 nan·
998 1711 1003 1715 ‘¹

203 1781 246 1819 que
260 1760 307 1818 lege
322 1761 385 1813 vitae,
401 1779 458 1817 quae
471 1761 539 1808 comis
553 1778 603 1817 erga
617 1779 692 1807 omnes
706 1759 844 1817 liberalisque
858 1779 883 1807 ac
893 1759 986 1817 benigna

204 1845 267 1887 esset,
279 1832 321 1881 sibi
332 1831 451 1881 vivendum
461 1851 508 1879 esse
516 1832 635 1886 constituit,
645 1831 712 1891 quod.
721 1831 753 1880 uti
762 1830 840 1886 evenit,
850 1830 879 1879 ita
887 1829 987 1880 futurum

204 1905 343 1959 existimaret,
352 1916 376 1953 ut
384 1904 423 1963 qui
430 1904 515 1962 Arpino
522 1925 534 1952 e
542 1903 662 1961 municipio
670 1903 764 1952 Romam
771 1904 864 1953 venisset
872 1923 987 1962 novusque

203 1976 311 2025 diceretur
323 1995 348 2024 ac
360 1989 416 2024 esset
434 1975 500 2023 homo
517 1975 557 2024 bac
572 1975 659 2025 vivendi
677 1975 760 2024 ratione
777 1988 850 2035 presto
866 1975 895 2023 ad
911 1974 1003 2039 populi

161 2050 188 2100 25
206 2049 298 2099 Romani
317 2063 337 2099 et
357 2049 482 2108 principum
500 2049 647 2108 cognitionem
665 2047 879 2108 benivolentiamque
896 2050 1004 2099 veniret*

203 2121 250 2172 Nec
261 2124 351 2182 quidem
363 2143 425 2171 secus
436 2143 503 2181 quam
513 2136 608 2180 speraret
619 2122 718 2181 implevit
729 2135 826 2171 eventus.
836 2121 987 2180 Conspicuum

201 2216 289 2254 nanque
303 2196 378 2254 ipsum
390 2214 415 2243 ac
427 2195 535 2243 celebrem
547 2195 590 2243 cito
602 2206 624 2242 et
636 2215 692 2253 quae
704 2195 754 2248 sibi,
767 2207 790 2243 ut
803 2193 855 2248 dixi,
868 2194 986 2243 constituta

202 2280 246 2317 erat
264 2267 352 2318 vivendi
373 2268 428 2317 ratio
446 2281 468 2317 et
486 2288 541 2327 quae
560 2269 583 2317 in
601 2287 627 2316 eo
645 2280 728 2317 matura
747 2287 793 2316 esse
809 2266 987 2327 admirabilisque

201 2362 226 2390 ac
241 2342 318 2390 llorere
326 2341 425 2390 omnium
433 2340 514 2390 iudicio
522 2341 632 2390 videretur
639 2341 763 2399 eloquentia
777 2340 836 2395 lecit,
849 2340 987 2400 breviterque
1004 2401 1005 2405 Ἰ

159 2412 195 2463 30¹
203 2414 231 2463 ad
246 2434 313 2472 quam
327 2412 442 2462 affectabat
457 2411 533 2471 populi
549 2412 641 2462 Romani
656 2433 681 2461 ac
696 2413 821 2472 principum
841 2413 987 2470 cognitionem

201 2486 392 2543 familiaritemque
410 2485 518 2542 perduxit.
538 2484 609 2532 Tanta
627 2485 686 2533 enim
704 2485 832 2533 adeuntium
851 2484 924 2543 ipsum
942 2497 987 2533 erat

201 2557 300 2617 quotidie
311 2556 429 2607 multitudo
440 2569 464 2605 ut
476 2556 518 2606 dici
529 2577 579 2606 vere
590 2557 649 2607 istud
659 2556 735 2617 possit,
747 2557 807 2617 quod
823 2578 867 2607 non
881 2557 987 2606 Crassum

200 2631 263 2681 illum
277 2631 370 2680 divitem
384 2630 413 2679 ob
427 2631 544 2679 immensas
558 2650 618 2688 opes,
632 2651 677 2679 non
692 2630 822 2689 Pompeium
836 2630 944 2689 Magnum
958 2629 986 2678 ob

201 2705 258 2752 clara
265 2716 326 2762 gesta
333 2716 400 2761 atque
407 2702 538 2761 triumphos,
547 2723 591 2752 non
598 2702 681 2762 templa
689 2702 719 2751 ob
727 2701 853 2761 religionem
865 2723 891 2751 ac
899 2721 946 2752 rem
953 2702 985 2751 di-

199 2867 218 2911 4.
232 2866 263 2912 Ex
276 2866 352 2911 Romae
365 2883 414 2911 corr.
428 2865 448 2909 O
461 2865 537 2908 Romae
551 2866 572 2915 H
586 2864 650 2910 Rome
659 2864 684 2909 V.
698 2927 699 2931 Ἰ
722 2893 724 2914 2
739 2866 758 2910 9.
768 2881 788 2908 re
798 2883 834 2909 om.
844 2864 864 2909 0
873 2875 919 2910 sscrss
927 2865 954 2911 Ο1
966 2880 987 2908 re

157 2938 284 2993 percipienda
299 2957 347 2984 erus.
362 2947 381 2982 er
395 2937 418 2982 de
433 2953 482 2981 novo
496 2944 571 2988 scripsit
585 2937 620 2982 0¹.
