<?xml version="1.0" encoding="UTF-8"?>
<!DOCTYPE html PUBLIC "-//W3C//DTD XHTML 1.0 Transitional//EN"
    "http://www.w3.org/TR/xhtml1/DTD/xhtml1-transitional.dtd">
<html xmlns="http://www.w3.org/1999/xhtml" xml:lang="en" lang="en">
 <head>
  <title>
</title>
<meta http-equiv="Content-Type" content="text/html;charset=utf-8" />
  <meta name='ocr-system' content='tesseract 3.04.00' />
  <meta name='ocr-capabilities' content='ocr_page ocr_carea ocr_par ocr_line ocrx_word'/>
</head>
<body>
  <div class='ocr_page' id='page_1' title='image "MN40033ucmf_2_0131.png"; bbox 0 0 2093 3253; ppageno 0'>
   <div class='ocr_carea' id='block_1_1' title="bbox 262 162 873 222">
    <p class='ocr_par' dir='ltr' id='par_1_1' title="bbox 262 162 873 222">
     <span class='ocr_line' id='line_1_1' title="bbox 262 162 873 222; baseline 0.005 -14"><span class='ocrx_word' id='word_1_1' title='bbox 262 176 394 222; x_wconf 82' lang='grc'>1011101111</span> <span class='ocrx_word' id='word_1_2' title='bbox 408 176 536 209; x_wconf 82' lang='grc'>1111111111</span> <span class='ocrx_word' id='word_1_3' title='bbox 548 187 563 193; x_wconf 96' lang='grc'>-</span> <span class='ocrx_word' id='word_1_4' title='bbox 576 176 634 210; x_wconf 83' lang='lat' dir='ltr'>uam</span> <span class='ocrx_word' id='word_1_5' title='bbox 649 177 672 210; x_wconf 90' lang='lat' dir='ltr'>u.</span> <span class='ocrx_word' id='word_1_6' title='bbox 852 162 873 211; x_wconf 81' lang='grc'>61</span> 
     </span>
    </p>
   </div>
   <div class='ocr_carea' id='block_1_2' title="bbox 52 290 879 2458">
    <p class='ocr_par' dir='ltr' id='par_1_2' title="bbox 52 290 879 2458">
     <span class='ocr_line' id='line_1_2' title="bbox 93 290 877 355; baseline -0.003 -12"><span class='ocrx_word' id='word_1_7' title='bbox 93 295 161 344; x_wconf 86' lang='lat' dir='ltr'>lectus</span> <span class='ocrx_word' id='word_1_8' title='bbox 173 306 205 342; x_wconf 88' lang='lat' dir='ltr'>est</span> <span class='ocrx_word' id='word_1_9' title='bbox 217 293 258 341; x_wconf 87' lang='lat' dir='ltr'>hoc</span> <span class='ocrx_word' id='word_1_10' title='bbox 269 290 366 347; x_wconf 88' lang='lat' dir='ltr'>consilio,</span> <span class='ocrx_word' id='word_1_11' title='bbox 378 304 403 340; x_wconf 93' lang='lat' dir='ltr'>ut</span> <span class='ocrx_word' id='word_1_12' title='bbox 413 304 484 340; x_wconf 87' lang='lat' dir='ltr'>tractu</span> <span class='ocrx_word' id='word_1_13' title='bbox 495 291 547 340; x_wconf 90' lang='lat' dir='ltr'>inde</span> <span class='ocrx_word' id='word_1_14' title='bbox 558 290 618 341; x_wconf 86' lang='lat' dir='ltr'>brevi</span> <span class='ocrx_word' id='word_1_15' title='bbox 629 291 653 340; x_wconf 91' lang='lat' dir='ltr'>in</span> <span class='ocrx_word' id='word_1_16' title='bbox 666 291 750 355; x_wconf 84' lang='lat' dir='ltr'>ltaliam</span> <span class='ocrx_word' id='word_1_17' title='bbox 761 293 877 351; x_wconf 78' lang='lat' dir='ltr'>navigaret.</span> 
     </span>
     <span class='ocr_line' id='line_1_3' title="bbox 62 364 878 423; baseline -0.004 -8"><span class='ocrx_word' id='word_1_18' title='bbox 62 419 63 422; x_wconf 11' lang='grc' dir='ltr'><strong>Ἴ</strong></span> <span class='ocrx_word' id='word_1_19' title='bbox 94 367 138 416; x_wconf 84' lang='lat' dir='ltr'>Sed</span> <span class='ocrx_word' id='word_1_20' title='bbox 152 366 216 423; x_wconf 85' lang='lat' dir='ltr'>longe</span> <span class='ocrx_word' id='word_1_21' title='bbox 233 385 295 412; x_wconf 88' lang='lat' dir='ltr'>secus</span> <span class='ocrx_word' id='word_1_22' title='bbox 313 384 380 422; x_wconf 86' lang='lat' dir='ltr'>quam</span> <span class='ocrx_word' id='word_1_23' title='bbox 397 364 470 411; x_wconf 90' lang='lat' dir='ltr'>animo</span> <span class='ocrx_word' id='word_1_24' title='bbox 488 365 609 421; x_wconf 80' lang='lat' dir='ltr'><strong>cogitasset,</strong></span> <span class='ocrx_word' id='word_1_25' title='bbox 627 376 652 412; x_wconf 91' lang='lat' dir='ltr'>ut</span> <span class='ocrx_word' id='word_1_26' title='bbox 670 384 733 421; x_wconf 84' lang='lat' dir='ltr'>saepe</span> <span class='ocrx_word' id='word_1_27' title='bbox 752 365 878 413; x_wconf 80' lang='lat' dir='ltr'>mortalibus</span> 
     </span>
     <span class='ocr_line' id='line_1_4' title="bbox 93 435 879 495; baseline -0.003 -8"><span class='ocrx_word' id='word_1_28' title='bbox 93 439 178 493; x_wconf 84' lang='lat' dir='ltr'>accidit,</span> <span class='ocrx_word' id='word_1_29' title='bbox 194 456 227 485; x_wconf 91' lang='lat' dir='ltr'>res</span> <span class='ocrx_word' id='word_1_30' title='bbox 246 437 325 485; x_wconf 86' lang='lat' dir='ltr'>evenit.</span> <span class='ocrx_word' id='word_1_31' title='bbox 340 435 426 486; x_wconf 88' lang='lat' dir='ltr'>Navem</span> <span class='ocrx_word' id='word_1_32' title='bbox 445 436 535 495; x_wconf 85' lang='lat' dir='ltr'>quidem</span> <span class='ocrx_word' id='word_1_33' title='bbox 554 435 656 485; x_wconf 88' lang='lat' dir='ltr'>omnibus</span> <span class='ocrx_word' id='word_1_34' title='bbox 676 456 727 486; x_wconf 88' lang='lat' dir='ltr'>cum</span> <span class='ocrx_word' id='word_1_35' title='bbox 747 437 834 486; x_wconf 75' lang='lat' dir='ltr'><strong>sarcinis</strong></span> <span class='ocrx_word' id='word_1_36' title='bbox 854 458 879 485; x_wconf 89' lang='lat' dir='ltr'>ae</span> 
     </span>
     <span class='ocr_line' id='line_1_5' title="bbox 93 509 878 569; baseline -0.003 -10"><span class='ocrx_word' id='word_1_37' title='bbox 93 512 178 569; x_wconf 88' lang='lat' dir='ltr'>scriptis</span> <span class='ocrx_word' id='word_1_38' title='bbox 193 509 305 558; x_wconf 84' lang='lat' dir='ltr'>turbatum</span> <span class='ocrx_word' id='word_1_39' title='bbox 322 527 381 558; x_wconf 88' lang='lat' dir='ltr'>mare</span> <span class='ocrx_word' id='word_1_40' title='bbox 398 510 454 558; x_wconf 90' lang='lat' dir='ltr'>circa</span> <span class='ocrx_word' id='word_1_41' title='bbox 471 509 590 558; x_wconf 79' lang='lat' dir='ltr'>Maliacum</span> <span class='ocrx_word' id='word_1_42' title='bbox 607 510 680 558; x_wconf 91' lang='lat' dir='ltr'>sinum</span> <span class='ocrx_word' id='word_1_43' title='bbox 697 509 791 558; x_wconf 87' lang='lat' dir='ltr'>adversis</span> <span class='ocrx_word' id='word_1_44' title='bbox 808 511 878 558; x_wconf 88' lang='lat' dir='ltr'>ventis</span> 
     </span>
     <span class='ocr_line' id='line_1_6' title="bbox 67 581 879 639; baseline -0.005 -6"><span class='ocrx_word' id='word_1_45' title='bbox 67 585 79 633; x_wconf 92' lang='grc'>5</span> <span class='ocrx_word' id='word_1_46' title='bbox 95 583 214 631; x_wconf 86' lang='lat' dir='ltr'>obsorbuit.</span> <span class='ocrx_word' id='word_1_47' title='bbox 232 582 281 639; x_wconf 87' lang='lat' dir='ltr'>lpse</span> <span class='ocrx_word' id='word_1_48' title='bbox 293 599 344 629; x_wconf 91' lang='lat' dir='ltr'>vero</span> <span class='ocrx_word' id='word_1_49' title='bbox 356 581 412 629; x_wconf 76' lang='lat' dir='ltr'>hanc</span> <span class='ocrx_word' id='word_1_50' title='bbox 424 581 453 629; x_wconf 87' lang='lat' dir='ltr'>ob</span> <span class='ocrx_word' id='word_1_51' title='bbox 465 600 511 629; x_wconf 92' lang='lat' dir='ltr'>rem</span> <span class='ocrx_word' id='word_1_52' title='bbox 523 593 584 630; x_wconf 83' lang='lat' dir='ltr'>tanto</span> <span class='ocrx_word' id='word_1_53' title='bbox 596 594 628 629; x_wconf 88' lang='lat' dir='ltr'>est</span> <span class='ocrx_word' id='word_1_54' title='bbox 641 581 715 629; x_wconf 91' lang='lat' dir='ltr'>dolore</span> <span class='ocrx_word' id='word_1_55' title='bbox 727 600 841 639; x_wconf 89' lang='lat' dir='ltr'>percussus</span> <span class='ocrx_word' id='word_1_56' title='bbox 854 594 879 629; x_wconf 90' lang='lat' dir='ltr'>ut</span> 
     </span>
     <span class='ocr_line' id='line_1_7' title="bbox 93 653 878 716; baseline -0.003 -11"><span class='ocrx_word' id='word_1_57' title='bbox 93 655 203 716; x_wconf 80' lang='lat' dir='ltr'>proiectus</span> <span class='ocrx_word' id='word_1_58' title='bbox 222 655 244 703; x_wconf 90' lang='lat' dir='ltr'>in</span> <span class='ocrx_word' id='word_1_59' title='bbox 259 654 375 704; x_wconf 73' lang='lat' dir='ltr'>Arcadiam</span> <span class='ocrx_word' id='word_1_60' title='bbox 394 654 471 703; x_wconf 86' lang='lat' dir='ltr'>morbo</span> <span class='ocrx_word' id='word_1_61' title='bbox 489 654 602 713; x_wconf 88' lang='lat' dir='ltr'>repentino</span> <span class='ocrx_word' id='word_1_62' title='bbox 621 667 697 713; x_wconf 88' lang='lat' dir='ltr'>captus</span> <span class='ocrx_word' id='word_1_63' title='bbox 716 653 774 704; x_wconf 92' lang='lat' dir='ltr'>diem</span> <span class='ocrx_word' id='word_1_64' title='bbox 793 653 878 704; x_wconf 85' lang='lat' dir='ltr'>obierit.</span> 
     </span>
     <span class='ocr_line' id='line_1_8' title="bbox 93 727 878 788; baseline -0.004 -10"><span class='ocrx_word' id='word_1_65' title='bbox 93 729 196 788; x_wconf 81' lang='lat' dir='ltr'><strong>Sepultus</strong></span> <span class='ocrx_word' id='word_1_66' title='bbox 211 741 243 777; x_wconf 91' lang='lat' dir='ltr'>est</span> <span class='ocrx_word' id='word_1_67' title='bbox 261 729 289 776; x_wconf 91' lang='lat' dir='ltr'>de</span> <span class='ocrx_word' id='word_1_68' title='bbox 306 728 395 786; x_wconf 87' lang='lat' dir='ltr'>publico</span> <span class='ocrx_word' id='word_1_69' title='bbox 413 740 434 775; x_wconf 91' lang='lat' dir='ltr'>et</span> <span class='ocrx_word' id='word_1_70' title='bbox 452 748 530 786; x_wconf 86' lang='lat' dir='ltr'>magno</span> <span class='ocrx_word' id='word_1_71' title='bbox 548 747 599 776; x_wconf 87' lang='lat' dir='ltr'>curn</span> <span class='ocrx_word' id='word_1_72' title='bbox 617 727 706 777; x_wconf 88' lang='lat' dir='ltr'>honore.</span> <span class='ocrx_word' id='word_1_73' title='bbox 720 728 802 777; x_wconf 76' lang='lat' dir='ltr'>Audita</span> <span class='ocrx_word' id='word_1_74' title='bbox 819 729 878 777; x_wconf 88' lang='lat' dir='ltr'>enim</span> 
     </span>
     <span class='ocr_line' id='line_1_9' title="bbox 93 800 878 864; baseline -0.001 -14"><span class='ocrx_word' id='word_1_75' title='bbox 93 802 187 850; x_wconf 89' lang='lat' dir='ltr'>nominis</span> <span class='ocrx_word' id='word_1_76' title='bbox 202 802 235 849; x_wconf 90' lang='lat' dir='ltr'>sui</span> <span class='ocrx_word' id='word_1_77' title='bbox 250 800 308 864; x_wconf 84' lang='lat' dir='ltr'>lama</span> <span class='ocrx_word' id='word_1_78' title='bbox 322 800 440 848; x_wconf 90' lang='lat' dir='ltr'>commovit</span> <span class='ocrx_word' id='word_1_79' title='bbox 454 800 549 848; x_wconf 73' lang='lat' dir='ltr'>Arcades</span> <span class='ocrx_word' id='word_1_80' title='bbox 564 813 588 848; x_wconf 92' lang='lat' dir='ltr'>ut</span> <span class='ocrx_word' id='word_1_81' title='bbox 603 820 683 849; x_wconf 91' lang='lat' dir='ltr'>munus</span> <span class='ocrx_word' id='word_1_82' title='bbox 697 800 721 848; x_wconf 92' lang='lat' dir='ltr'>id</span> <span class='ocrx_word' id='word_1_83' title='bbox 735 819 878 858; x_wconf 91' lang='lat' dir='ltr'>suppremum</span> 
     </span>
     <span class='ocr_line' id='line_1_10' title="bbox 93 872 878 933; baseline -0.003 -9"><span class='ocrx_word' id='word_1_84' title='bbox 93 875 211 924; x_wconf 85' lang='lat' dir='ltr'>clarissimo</span> <span class='ocrx_word' id='word_1_85' title='bbox 223 885 299 932; x_wconf 90' lang='lat' dir='ltr'>poetae</span> <span class='ocrx_word' id='word_1_86' title='bbox 313 885 334 921; x_wconf 85' lang='lat' dir='ltr'>et</span> <span class='ocrx_word' id='word_1_87' title='bbox 347 872 414 921; x_wconf 87' lang='lat' dir='ltr'>libere</span> <span class='ocrx_word' id='word_1_88' title='bbox 427 886 448 921; x_wconf 89' lang='lat' dir='ltr'>et</span> <span class='ocrx_word' id='word_1_89' title='bbox 461 872 555 931; x_wconf 81' lang='lat' dir='ltr'>benigne</span> <span class='ocrx_word' id='word_1_90' title='bbox 568 873 721 931; x_wconf 86' lang='lat' dir='ltr'>persolverent.</span> <span class='ocrx_word' id='word_1_91' title='bbox 737 872 878 933; x_wconf 84' lang='lat' dir='ltr'>Epitaphium</span> 
     </span>
     <span class='ocr_line' id='line_1_11' title="bbox 54 942 878 1005; baseline -0.005 -7"><span class='ocrx_word' id='word_1_92' title='bbox 54 951 80 998; x_wconf 92' lang='grc'>10</span> <span class='ocrx_word' id='word_1_93' title='bbox 95 949 140 997; x_wconf 89' lang='lat' dir='ltr'>eius</span> <span class='ocrx_word' id='word_1_94' title='bbox 156 949 197 996; x_wconf 92' lang='lat' dir='ltr'>hoc</span> <span class='ocrx_word' id='word_1_95' title='bbox 218 967 264 995; x_wconf 90' lang='lat' dir='ltr'>esse</span> <span class='ocrx_word' id='word_1_96' title='bbox 285 946 380 995; x_wconf 86' lang='lat' dir='ltr'>tradunt:</span> <span class='ocrx_word' id='word_1_97' title='bbox 396 963 405 986; x_wconf 80' lang='lat' dir='ltr'>u</span> <span class='ocrx_word' id='word_1_98' title='bbox 413 942 484 994; x_wconf 82' lang='lat' dir='ltr'>Natus</span> <span class='ocrx_word' id='word_1_99' title='bbox 505 946 528 994; x_wconf 95' lang='lat' dir='ltr'>in</span> <span class='ocrx_word' id='word_1_100' title='bbox 549 945 637 994; x_wconf 86' lang='lat' dir='ltr'>excelsis</span> <span class='ocrx_word' id='word_1_101' title='bbox 658 946 720 995; x_wconf 86' lang='lat' dir='ltr'>tectis</span> <span class='ocrx_word' id='word_1_102' title='bbox 742 945 878 1005; x_wconf 76' lang='lat' dir='ltr'>Carthaginis</span> 
     </span>
     <span class='ocr_line' id='line_1_12' title="bbox 93 1017 878 1077; baseline -0.003 -8"><span class='ocrx_word' id='word_1_103' title='bbox 93 1021 147 1069; x_wconf 88' lang='lat' dir='ltr'>altae</span> <span class='ocrx_word' id='word_1_104' title='bbox 162 1020 265 1068; x_wconf 87' lang='lat' dir='ltr'>Romanis</span> <span class='ocrx_word' id='word_1_105' title='bbox 280 1018 373 1068; x_wconf 88' lang='lat' dir='ltr'>ducibus</span> <span class='ocrx_word' id='word_1_106' title='bbox 387 1017 464 1066; x_wconf 87' lang='lat' dir='ltr'>bellica</span> <span class='ocrx_word' id='word_1_107' title='bbox 478 1018 558 1077; x_wconf 85' lang='lat' dir='ltr'>praeda</span> <span class='ocrx_word' id='word_1_108' title='bbox 572 1017 611 1067; x_wconf 88' lang='lat' dir='ltr'>lui.</span> <span class='ocrx_word' id='word_1_109' title='bbox 627 1018 738 1077; x_wconf 88' lang='lat' dir='ltr'>Descripsi</span> <span class='ocrx_word' id='word_1_110' title='bbox 753 1038 823 1067; x_wconf 87' lang='lat' dir='ltr'>mores</span> <span class='ocrx_word' id='word_1_111' title='bbox 839 1018 878 1067; x_wconf 85' lang='lat' dir='ltr'>ho·</span> 
     </span>
     <span class='ocr_line' id='line_1_13' title="bbox 94 1090 878 1155; baseline -0.004 -14"><span class='ocrx_word' id='word_1_112' title='bbox 94 1093 179 1141; x_wconf 91' lang='lat' dir='ltr'>minum</span> <span class='ocrx_word' id='word_1_113' title='bbox 193 1093 341 1150; x_wconf 88' lang='lat' dir='ltr'>iuvenumque</span> <span class='ocrx_word' id='word_1_114' title='bbox 355 1110 483 1149; x_wconf 86' lang='lat' dir='ltr'>senumque,</span> <span class='ocrx_word' id='word_1_115' title='bbox 499 1090 591 1149; x_wconf 77' lang='lat' dir='ltr'>qualiter</span> <span class='ocrx_word' id='word_1_116' title='bbox 606 1102 628 1137; x_wconf 92' lang='lat' dir='ltr'>et</span> <span class='ocrx_word' id='word_1_117' title='bbox 643 1092 699 1155; x_wconf 66' lang='lat' dir='ltr'>serui</span> <span class='ocrx_word' id='word_1_118' title='bbox 714 1091 823 1149; x_wconf 85' lang='lat' dir='ltr'>decipiant</span> <span class='ocrx_word' id='word_1_119' title='bbox 838 1091 878 1138; x_wconf 92' lang='lat' dir='ltr'>do·</span> 
     </span>
     <span class='ocr_line' id='line_1_14' title="bbox 94 1162 878 1237; baseline -0.004 -23"><span class='ocrx_word' id='word_1_120' title='bbox 94 1164 171 1220; x_wconf 89' lang='lat' dir='ltr'>minos,</span> <span class='ocrx_word' id='word_1_121' title='bbox 186 1163 240 1223; x_wconf 87' lang='lat' dir='ltr'>quid</span> <span class='ocrx_word' id='word_1_122' title='bbox 257 1163 364 1219; x_wconf 77' lang='lat' dir='ltr'>meretrix,</span> <span class='ocrx_word' id='word_1_123' title='bbox 382 1162 437 1237; x_wconf 86' lang='lat' dir='ltr'>quid</span> <span class='ocrx_word' id='word_1_124' title='bbox 453 1162 502 1211; x_wconf 92' lang='lat' dir='ltr'>leno</span> <span class='ocrx_word' id='word_1_125' title='bbox 519 1162 574 1211; x_wconf 92' lang='lat' dir='ltr'>dolis</span> <span class='ocrx_word' id='word_1_126' title='bbox 591 1163 701 1221; x_wconf 86' lang='lat' dir='ltr'>conlingat</span> <span class='ocrx_word' id='word_1_127' title='bbox 716 1181 800 1212; x_wconf 78' lang='lat' dir='ltr'>avarus</span> <span class='ocrx_word' id='word_1_128' title='bbox 818 1163 878 1211; x_wconf 90' lang='lat' dir='ltr'>Haec</span> 
     </span>
     <span class='ocr_line' id='line_1_15' title="bbox 93 1235 561 1297; baseline -0.004 -12"><span class='ocrx_word' id='word_1_129' title='bbox 93 1238 218 1297; x_wconf 86' lang='lat' dir='ltr'>quicunque</span> <span class='ocrx_word' id='word_1_130' title='bbox 227 1236 312 1296; x_wconf 84' lang='lat' dir='ltr'>legit,</span> <span class='ocrx_word' id='word_1_131' title='bbox 269 1248 326 1285; x_wconf 87' lang='lat' dir='ltr'>tsre</span> <span class='ocrx_word' id='word_1_132' title='bbox 336 1249 390 1296; x_wconf 90' lang='lat' dir='ltr'>puto</span> <span class='ocrx_word' id='word_1_133' title='bbox 404 1235 480 1286; x_wconf 87' lang='lat' dir='ltr'>cautus</span> <span class='ocrx_word' id='word_1_134' title='bbox 495 1236 542 1285; x_wconf 88' lang='lat' dir='ltr'>erit.</span> <span class='ocrx_word' id='word_1_135' title='bbox 552 1252 561 1276; x_wconf 78' lang='grc'>1</span> 
     </span>
     <span class='ocr_line' id='line_1_16' title="bbox 55 1308 878 1392; baseline -0.004 -33"><span class='ocrx_word' id='word_1_136' title='bbox 55 1310 80 1359; x_wconf 94' lang='grc'>15</span> <span class='ocrx_word' id='word_1_137' title='bbox 139 1309 221 1357; x_wconf 88' lang='lat' dir='ltr'>ludicia</span> <span class='ocrx_word' id='word_1_138' title='bbox 235 1328 286 1356; x_wconf 89' lang='lat' dir='ltr'>vero</span> <span class='ocrx_word' id='word_1_139' title='bbox 301 1309 342 1357; x_wconf 91' lang='lat' dir='ltr'>hoc</span> <span class='ocrx_word' id='word_1_140' title='bbox 356 1309 384 1357; x_wconf 92' lang='lat' dir='ltr'>de</span> <span class='ocrx_word' id='word_1_141' title='bbox 401 1322 465 1392; x_wconf 81' lang='lat' dir='ltr'>poeta</span> <span class='ocrx_word' id='word_1_142' title='bbox 481 1309 540 1366; x_wconf 83' lang='lat' dir='ltr'>apud</span> <span class='ocrx_word' id='word_1_143' title='bbox 557 1310 637 1374; x_wconf 74' lang='lat' dir='ltr'>peritos</span> <span class='ocrx_word' id='word_1_144' title='bbox 655 1321 706 1356; x_wconf 91' lang='lat' dir='ltr'>sunt</span> <span class='ocrx_word' id='word_1_145' title='bbox 724 1308 796 1357; x_wconf 86' lang='lat' dir='ltr'>habita</span> <span class='ocrx_word' id='word_1_146' title='bbox 813 1309 878 1358; x_wconf 88' lang='lat' dir='ltr'>varia.</span> 
     </span>
     <span class='ocr_line' id='line_1_17' title="bbox 94 1381 878 1442; baseline -0.003 -10"><span class='ocrx_word' id='word_1_147' title='bbox 94 1383 182 1442; x_wconf 86' lang='lat' dir='ltr'>Quippe</span> <span class='ocrx_word' id='word_1_148' title='bbox 197 1382 298 1431; x_wconf 91' lang='lat' dir='ltr'>omnibus</span> <span class='ocrx_word' id='word_1_149' title='bbox 313 1382 351 1441; x_wconf 87' lang='lat' dir='ltr'>qui</span> <span class='ocrx_word' id='word_1_150' title='bbox 366 1382 450 1431; x_wconf 91' lang='lat' dir='ltr'>comico</span> <span class='ocrx_word' id='word_1_151' title='bbox 465 1395 516 1431; x_wconf 92' lang='lat' dir='ltr'>sunt</span> <span class='ocrx_word' id='word_1_152' title='bbox 534 1400 611 1440; x_wconf 83' lang='lat' dir='ltr'>genere</span> <span class='ocrx_word' id='word_1_153' title='bbox 628 1381 662 1430; x_wconf 89' lang='lat' dir='ltr'>usi</span> <span class='ocrx_word' id='word_1_154' title='bbox 680 1393 787 1439; x_wconf 86' lang='lat' dir='ltr'>praestare</span> <span class='ocrx_word' id='word_1_155' title='bbox 804 1381 878 1439; x_wconf 89' lang='lat' dir='ltr'>ipsum</span> 
     </span>
     <span class='ocr_line' id='line_1_18' title="bbox 94 1454 877 1514; baseline -0.003 -10"><span class='ocrx_word' id='word_1_156' title='bbox 94 1456 210 1504; x_wconf 89' lang='lat' dir='ltr'>verborum</span> <span class='ocrx_word' id='word_1_157' title='bbox 229 1456 360 1514; x_wconf 88' lang='lat' dir='ltr'>proprietate</span> <span class='ocrx_word' id='word_1_158' title='bbox 380 1456 468 1504; x_wconf 87' lang='lat' dir='ltr'>Servius</span> <span class='ocrx_word' id='word_1_159' title='bbox 488 1457 640 1513; x_wconf 82' lang='lat' dir='ltr'>grammaticus</span> <span class='ocrx_word' id='word_1_160' title='bbox 661 1454 733 1504; x_wconf 86' lang='lat' dir='ltr'>relert.</span> <span class='ocrx_word' id='word_1_161' title='bbox 749 1454 877 1512; x_wconf 80' lang='lat' dir='ltr'>Quintiliani</span> 
     </span>
     <span class='ocr_line' id='line_1_19' title="bbox 94 1526 878 1586; baseline 0 -11"><span class='ocrx_word' id='word_1_162' title='bbox 94 1546 144 1575; x_wconf 91' lang='lat' dir='ltr'>vero</span> <span class='ocrx_word' id='word_1_163' title='bbox 158 1527 264 1575; x_wconf 88' lang='lat' dir='ltr'>sententia</span> <span class='ocrx_word' id='word_1_164' title='bbox 278 1539 311 1575; x_wconf 89' lang='lat' dir='ltr'>est</span> <span class='ocrx_word' id='word_1_165' title='bbox 325 1528 404 1585; x_wconf 85' lang='lat' dir='ltr'>scripta</span> <span class='ocrx_word' id='word_1_166' title='bbox 418 1528 471 1582; x_wconf 88' lang='lat' dir='ltr'>eius,</span> <span class='ocrx_word' id='word_1_167' title='bbox 486 1528 525 1576; x_wconf 88' lang='lat' dir='ltr'>etsi</span> <span class='ocrx_word' id='word_1_168' title='bbox 539 1527 581 1575; x_wconf 92' lang='lat' dir='ltr'>hoc</span> <span class='ocrx_word' id='word_1_169' title='bbox 594 1528 617 1575; x_wconf 93' lang='lat' dir='ltr'>in</span> <span class='ocrx_word' id='word_1_170' title='bbox 630 1546 708 1585; x_wconf 83' lang='lat' dir='ltr'>genere</span> <span class='ocrx_word' id='word_1_171' title='bbox 721 1526 878 1586; x_wconf 89' lang='lat' dir='ltr'>elegantissima</span> 
     </span>
     <span class='ocr_line' id='line_1_20' title="bbox 93 1597 877 1657; baseline 0 -11"><span class='ocrx_word' id='word_1_172' title='bbox 93 1598 214 1652; x_wconf 89' lang='lat' dir='ltr'>videantur,</span> <span class='ocrx_word' id='word_1_173' title='bbox 229 1598 278 1657; x_wconf 89' lang='lat' dir='ltr'>plus</span> <span class='ocrx_word' id='word_1_174' title='bbox 293 1611 365 1646; x_wconf 87' lang='lat' dir='ltr'>tamen</span> <span class='ocrx_word' id='word_1_175' title='bbox 380 1599 459 1656; x_wconf 83' lang='lat' dir='ltr'>gratiae</span> <span class='ocrx_word' id='word_1_176' title='bbox 479 1598 578 1646; x_wconf 88' lang='lat' dir='ltr'>habitura</span> <span class='ocrx_word' id='word_1_177' title='bbox 597 1597 671 1653; x_wconf 79' lang='lat' dir='ltr'>luisse,</span> <span class='ocrx_word' id='word_1_178' title='bbox 691 1599 709 1646; x_wconf 93' lang='lat' dir='ltr'>si</span> <span class='ocrx_word' id='word_1_179' title='bbox 728 1599 784 1646; x_wconf 90' lang='lat' dir='ltr'>intra</span> <span class='ocrx_word' id='word_1_180' title='bbox 803 1617 877 1647; x_wconf 89' lang='lat' dir='ltr'>versus</span> 
     </span>
     <span class='ocr_line' id='line_1_21' title="bbox 52 1670 878 1730; baseline 0 -11"><span class='ocrx_word' id='word_1_181' title='bbox 52 1671 80 1720; x_wconf 82' lang='lat'>20</span> <span class='ocrx_word' id='word_1_182' title='bbox 95 1671 202 1719; x_wconf 83' lang='lat' dir='ltr'>trimetros</span> <span class='ocrx_word' id='word_1_183' title='bbox 222 1671 338 1720; x_wconf 87' lang='lat' dir='ltr'>stetissent.</span> <span class='ocrx_word' id='word_1_184' title='bbox 358 1670 504 1730; x_wconf 88' lang='lat' dir='ltr'>Hieronymus</span> <span class='ocrx_word' id='word_1_185' title='bbox 527 1683 607 1726; x_wconf 88' lang='lat' dir='ltr'>autem,</span> <span class='ocrx_word' id='word_1_186' title='bbox 628 1670 661 1719; x_wconf 91' lang='lat' dir='ltr'>vir</span> <span class='ocrx_word' id='word_1_187' title='bbox 681 1670 818 1719; x_wconf 90' lang='lat' dir='ltr'>doctissimus</span> <span class='ocrx_word' id='word_1_188' title='bbox 838 1691 878 1720; x_wconf 87' lang='lat' dir='ltr'>nec</span> 
     </span>
     <span class='ocr_line' id='line_1_22' title="bbox 93 1743 877 1803; baseline 0 -11"><span class='ocrx_word' id='word_1_189' title='bbox 93 1744 116 1792; x_wconf 94' lang='lat' dir='ltr'>in</span> <span class='ocrx_word' id='word_1_190' title='bbox 131 1744 195 1792; x_wconf 87' lang='lat' dir='ltr'>sacris</span> <span class='ocrx_word' id='word_1_191' title='bbox 210 1744 276 1793; x_wconf 92' lang='lat' dir='ltr'>modo</span> <span class='ocrx_word' id='word_1_192' title='bbox 293 1744 332 1793; x_wconf 90' lang='lat' dir='ltr'>sed</span> <span class='ocrx_word' id='word_1_193' title='bbox 348 1744 394 1793; x_wconf 84' lang='lat' dir='ltr'>istis</span> <span class='ocrx_word' id='word_1_194' title='bbox 411 1744 476 1792; x_wconf 87' lang='lat' dir='ltr'>etiam</span> <span class='ocrx_word' id='word_1_195' title='bbox 492 1743 545 1803; x_wconf 90' lang='lat' dir='ltr'>ipsis</span> <span class='ocrx_word' id='word_1_196' title='bbox 561 1756 627 1803; x_wconf 84' lang='lat' dir='ltr'>atque</span> <span class='ocrx_word' id='word_1_197' title='bbox 643 1743 745 1793; x_wconf 87' lang='lat' dir='ltr'>omnibus</span> <span class='ocrx_word' id='word_1_198' title='bbox 762 1744 785 1792; x_wconf 92' lang='lat' dir='ltr'>in</span> <span class='ocrx_word' id='word_1_199' title='bbox 802 1744 877 1793; x_wconf 83' lang='lat' dir='ltr'>litteris</span> 
     </span>
     <span class='ocr_line' id='line_1_23' title="bbox 94 1815 877 1881; baseline 0.003 -18"><span class='ocrx_word' id='word_1_200' title='bbox 94 1835 149 1881; x_wconf 86' lang='lat' dir='ltr'>quae</span> <span class='ocrx_word' id='word_1_201' title='bbox 164 1815 233 1863; x_wconf 88' lang='lat' dir='ltr'>bonos</span> <span class='ocrx_word' id='word_1_202' title='bbox 248 1815 276 1864; x_wconf 83' lang='lat' dir='ltr'>ad</span> <span class='ocrx_word' id='word_1_203' title='bbox 293 1835 363 1864; x_wconf 88' lang='lat' dir='ltr'>mores</span> <span class='ocrx_word' id='word_1_204' title='bbox 380 1828 402 1864; x_wconf 89' lang='lat' dir='ltr'>et</span> <span class='ocrx_word' id='word_1_205' title='bbox 419 1815 576 1864; x_wconf 88' lang='lat' dir='ltr'>humanitatem</span> <span class='ocrx_word' id='word_1_206' title='bbox 593 1816 714 1874; x_wconf 84' lang='lat' dir='ltr'>pertineant</span> <span class='ocrx_word' id='word_1_207' title='bbox 732 1816 877 1871; x_wconf 87' lang='lat' dir='ltr'>doctissimus.</span> 
     </span>
     <span class='ocr_line' id='line_1_24' title="bbox 94 1887 877 1948; baseline 0.004 -13"><span class='ocrx_word' id='word_1_208' title='bbox 94 1887 169 1936; x_wconf 89' lang='lat' dir='ltr'>ordine</span> <span class='ocrx_word' id='word_1_209' title='bbox 178 1888 220 1947; x_wconf 88' lang='lat' dir='ltr'>isto</span> <span class='ocrx_word' id='word_1_210' title='bbox 229 1888 358 1944; x_wconf 90' lang='lat' dir='ltr'>Homerum,</span> <span class='ocrx_word' id='word_1_211' title='bbox 367 1888 490 1947; x_wconf 80' lang='lat' dir='ltr'>Virgilium,</span> <span class='ocrx_word' id='word_1_212' title='bbox 500 1887 656 1943; x_wconf 87' lang='lat' dir='ltr'>Menandrum,</span> <span class='ocrx_word' id='word_1_213' title='bbox 665 1887 795 1938; x_wconf 88' lang='lat' dir='ltr'>Terentium</span> <span class='ocrx_word' id='word_1_214' title='bbox 803 1904 877 1948; x_wconf 84' lang='lat' dir='ltr'>poetas</span> 
     </span>
     <span class='ocr_line' id='line_1_25' title="bbox 93 1960 878 2020; baseline 0.004 -12"><span class='ocrx_word' id='word_1_215' title='bbox 93 1960 222 2009; x_wconf 83' lang='lat' dir='ltr'>clarissimos</span> <span class='ocrx_word' id='word_1_216' title='bbox 236 1962 341 2017; x_wconf 88' lang='lat' dir='ltr'>nominat,</span> <span class='ocrx_word' id='word_1_217' title='bbox 354 1974 379 2010; x_wconf 91' lang='lat' dir='ltr'>ut</span> <span class='ocrx_word' id='word_1_218' title='bbox 392 1961 464 2010; x_wconf 74' lang='lat' dir='ltr'>latini</span> <span class='ocrx_word' id='word_1_219' title='bbox 477 1960 542 2010; x_wconf 91' lang='lat' dir='ltr'>modo</span> <span class='ocrx_word' id='word_1_220' title='bbox 555 1974 631 2020; x_wconf 86' lang='lat' dir='ltr'>poetae</span> <span class='ocrx_word' id='word_1_221' title='bbox 643 1961 687 2011; x_wconf 91' lang='lat' dir='ltr'>duo</span> <span class='ocrx_word' id='word_1_222' title='bbox 700 1961 802 2010; x_wconf 85' lang='lat' dir='ltr'>excellere</span> <span class='ocrx_word' id='word_1_223' title='bbox 814 1962 878 2012; x_wconf 79' lang='lat' dir='ltr'>adae·</span> 
     </span>
     <span class='ocr_line' id='line_1_26' title="bbox 53 2033 878 2093; baseline 0.004 -13"><span class='ocrx_word' id='word_1_224' title='bbox 53 2033 80 2081; x_wconf 84' lang='grc'>25</span> <span class='ocrx_word' id='word_1_225' title='bbox 96 2034 199 2092; x_wconf 83' lang='lat' dir='ltr'>quatique</span> <span class='ocrx_word' id='word_1_226' title='bbox 213 2034 299 2083; x_wconf 87' lang='lat' dir='ltr'>duobus</span> <span class='ocrx_word' id='word_1_227' title='bbox 314 2035 405 2083; x_wconf 87' lang='lat' dir='ltr'>summis</span> <span class='ocrx_word' id='word_1_228' title='bbox 430 2035 500 2093; x_wconf 90' lang='lat' dir='ltr'>poetis</span> <span class='ocrx_word' id='word_1_229' title='bbox 524 2034 628 2083; x_wconf 84' lang='lat' dir='ltr'>Graeciae</span> <span class='ocrx_word' id='word_1_230' title='bbox 651 2035 772 2085; x_wconf 84' lang='lat' dir='ltr'>videantur.</span> <span class='ocrx_word' id='word_1_231' title='bbox 787 2036 878 2085; x_wconf 87' lang='lat' dir='ltr'>Sextum</span> 
     </span>
     <span class='ocr_line' id='line_1_27' title="bbox 94 2106 877 2167; baseline 0.004 -14"><span class='ocrx_word' id='word_1_232' title='bbox 94 2124 144 2154; x_wconf 90' lang='lat' dir='ltr'>vero</span> <span class='ocrx_word' id='word_1_233' title='bbox 159 2106 232 2164; x_wconf 88' lang='lat' dir='ltr'>ipsum</span> <span class='ocrx_word' id='word_1_234' title='bbox 247 2107 312 2156; x_wconf 90' lang='lat' dir='ltr'>modo</span> <span class='ocrx_word' id='word_1_235' title='bbox 326 2108 421 2156; x_wconf 88' lang='lat' dir='ltr'>comicos</span> <span class='ocrx_word' id='word_1_236' title='bbox 429 2107 486 2156; x_wconf 91' lang='lat' dir='ltr'>inter</span> <span class='ocrx_word' id='word_1_237' title='bbox 493 2119 574 2165; x_wconf 73' lang='lat' dir='ltr'>poetas</span> <span class='ocrx_word' id='word_1_238' title='bbox 584 2119 608 2157; x_wconf 93' lang='lat' dir='ltr'>ut</span> <span class='ocrx_word' id='word_1_239' title='bbox 616 2107 668 2162; x_wconf 85' lang='lat' dir='ltr'>dixi,</span> <span class='ocrx_word' id='word_1_240' title='bbox 677 2107 779 2166; x_wconf 80' lang='lat' dir='ltr'>Nigidius</span> <span class='ocrx_word' id='word_1_241' title='bbox 788 2108 877 2167; x_wconf 85' lang='lat' dir='ltr'>Figulus</span> 
     </span>
     <span class='ocr_line' id='line_1_28' title="bbox 94 2178 877 2239; baseline 0.003 -13"><span class='ocrx_word' id='word_1_242' title='bbox 94 2192 200 2228; x_wconf 85' lang='lat' dir='ltr'>numerat.</span> <span class='ocrx_word' id='word_1_243' title='bbox 215 2179 325 2229; x_wconf 82' lang='lat' dir='ltr'>Petrarcae</span> <span class='ocrx_word' id='word_1_244' title='bbox 336 2193 409 2229; x_wconf 86' lang='lat' dir='ltr'>autern</span> <span class='ocrx_word' id='word_1_245' title='bbox 419 2180 526 2229; x_wconf 87' lang='lat' dir='ltr'>iudicium</span> <span class='ocrx_word' id='word_1_246' title='bbox 536 2179 578 2229; x_wconf 88' lang='lat' dir='ltr'>luit</span> <span class='ocrx_word' id='word_1_247' title='bbox 589 2193 676 2239; x_wconf 89' lang='lat' dir='ltr'>poetam</span> <span class='ocrx_word' id='word_1_248' title='bbox 687 2178 745 2230; x_wconf 88' lang='lat' dir='ltr'>hunc</span> <span class='ocrx_word' id='word_1_249' title='bbox 756 2201 796 2229; x_wconf 89' lang='lat' dir='ltr'>suo</span> <span class='ocrx_word' id='word_1_250' title='bbox 807 2181 830 2229; x_wconf 96' lang='lat' dir='ltr'>in</span> <span class='ocrx_word' id='word_1_251' title='bbox 841 2202 877 2239; x_wconf 87' lang='lat' dir='ltr'>ge-</span> 
     </span>
     <span class='ocr_line' id='line_1_29' title="bbox 94 2253 877 2314; baseline 0.005 -15"><span class='ocrx_word' id='word_1_252' title='bbox 94 2271 145 2300; x_wconf 93' lang='lat' dir='ltr'>nere</span> <span class='ocrx_word' id='word_1_253' title='bbox 159 2264 180 2300; x_wconf 92' lang='lat' dir='ltr'>et</span> <span class='ocrx_word' id='word_1_254' title='bbox 195 2253 276 2311; x_wconf 87' lang='lat' dir='ltr'>priores</span> <span class='ocrx_word' id='word_1_255' title='bbox 291 2253 367 2303; x_wconf 87' lang='lat' dir='ltr'>vicisse</span> <span class='ocrx_word' id='word_1_256' title='bbox 381 2273 456 2302; x_wconf 85' lang='lat' dir='ltr'>omnes</span> <span class='ocrx_word' id='word_1_257' title='bbox 470 2265 492 2302; x_wconf 90' lang='lat' dir='ltr'>et</span> <span class='ocrx_word' id='word_1_258' title='bbox 506 2265 603 2312; x_wconf 80' lang='lat' dir='ltr'>posteros</span> <span class='ocrx_word' id='word_1_259' title='bbox 617 2253 672 2303; x_wconf 88' lang='lat' dir='ltr'>adeo</span> <span class='ocrx_word' id='word_1_260' title='bbox 686 2253 787 2303; x_wconf 85' lang='lat' dir='ltr'>terruisse</span> <span class='ocrx_word' id='word_1_261' title='bbox 801 2267 825 2303; x_wconf 88' lang='lat' dir='ltr'>ut</span> <span class='ocrx_word' id='word_1_262' title='bbox 839 2254 877 2314; x_wconf 89' lang='lat' dir='ltr'>qui</span> 
     </span>
     <span class='ocr_line' id='line_1_30' title="bbox 94 2325 878 2385; baseline 0.005 -14"><span class='ocrx_word' id='word_1_263' title='bbox 94 2325 161 2381; x_wconf 82' lang='lat' dir='ltr'>genus</span> <span class='ocrx_word' id='word_1_264' title='bbox 176 2325 199 2373; x_wconf 92' lang='lat' dir='ltr'>id</span> <span class='ocrx_word' id='word_1_265' title='bbox 213 2337 296 2373; x_wconf 86' lang='lat' dir='ltr'>tentare</span> <span class='ocrx_word' id='word_1_266' title='bbox 308 2327 335 2374; x_wconf 91' lang='lat' dir='ltr'>sit</span> <span class='ocrx_word' id='word_1_267' title='bbox 347 2346 412 2375; x_wconf 88' lang='lat' dir='ltr'>ausus</span> <span class='ocrx_word' id='word_1_268' title='bbox 424 2338 474 2385; x_wconf 93' lang='lat' dir='ltr'>post</span> <span class='ocrx_word' id='word_1_269' title='bbox 486 2345 537 2374; x_wconf 91' lang='lat' dir='ltr'>eum</span> <span class='ocrx_word' id='word_1_270' title='bbox 549 2328 653 2374; x_wconf 86' lang='lat' dir='ltr'>memoria</span> <span class='ocrx_word' id='word_1_271' title='bbox 665 2327 756 2385; x_wconf 86' lang='lat' dir='ltr'>dignum</span> <span class='ocrx_word' id='word_1_272' title='bbox 768 2327 878 2376; x_wconf 90' lang='lat' dir='ltr'>neminem</span> 
     </span>
     <span class='ocr_line' id='line_1_31' title="bbox 52 2395 878 2458; baseline 0.007 -15"><span class='ocrx_word' id='word_1_273' title='bbox 52 2395 81 2444; x_wconf 79' lang='lat'>30</span> <span class='ocrx_word' id='word_1_274' title='bbox 96 2396 220 2446; x_wconf 84' lang='lat' dir='ltr'>habeamus.</span> <span class='ocrx_word' id='word_1_275' title='bbox 235 2397 270 2447; x_wconf 82' lang='lat' dir='ltr'>M.</span> <span class='ocrx_word' id='word_1_276' title='bbox 285 2412 358 2447; x_wconf 86' lang='lat' dir='ltr'>autem</span> <span class='ocrx_word' id='word_1_277' title='bbox 377 2399 452 2454; x_wconf 86' lang='lat' dir='ltr'>Varro,</span> <span class='ocrx_word' id='word_1_278' title='bbox 473 2399 534 2448; x_wconf 88' lang='lat' dir='ltr'>cuius</span> <span class='ocrx_word' id='word_1_279' title='bbox 555 2400 684 2448; x_wconf 85' lang='lat' dir='ltr'>sententiam</span> <span class='ocrx_word' id='word_1_280' title='bbox 704 2399 775 2458; x_wconf 82' lang='lat' dir='ltr'>magni</span> <span class='ocrx_word' id='word_1_281' title='bbox 795 2398 878 2449; x_wconf 78' lang='lat' dir='ltr'>iaciunt</span> 
     </span>
    </p>
   </div>
   <div class='ocr_carea' id='block_1_3' title="bbox 53 2554 878 2673">
    <p class='ocr_par' dir='ltr' id='par_1_3' title="bbox 53 2554 878 2661">
     <span class='ocr_line' id='line_1_32' title="bbox 91 2554 878 2602; baseline 0.008 -13"><span class='ocrx_word' id='word_1_282' title='bbox 91 2554 117 2590; x_wconf 90' lang='grc'>10.</span> <span class='ocrx_word' id='word_1_283' title='bbox 129 2554 206 2597; x_wconf 84' lang='lat' dir='ltr'>Epitaph.</span> <span class='ocrx_word' id='word_1_284' title='bbox 218 2556 235 2590; x_wconf 94' lang='lat' dir='ltr'>in</span> <span class='ocrx_word' id='word_1_285' title='bbox 248 2556 296 2593; x_wconf 87' lang='lat' dir='ltr'>codd.</span> <span class='ocrx_word' id='word_1_286' title='bbox 309 2556 415 2594; x_wconf 80' lang='lat' dir='ltr'>Terentianis.</span> <span class='ocrx_word' id='word_1_287' title='bbox 467 2558 493 2593; x_wconf 90' lang='grc'>17.</span> <span class='ocrx_word' id='word_1_288' title='bbox 506 2557 552 2593; x_wconf 83' lang='lat' dir='ltr'>Serv.</span> <span class='ocrx_word' id='word_1_289' title='bbox 571 2557 592 2593; x_wconf 86' lang='lat' dir='ltr'>ad</span> <span class='ocrx_word' id='word_1_290' title='bbox 608 2558 729 2596; x_wconf 70' lang='grc'>14111410</span> <span class='ocrx_word' id='word_1_291' title='bbox 781 2559 807 2594; x_wconf 92' lang='grc'>17</span> <span class='ocrx_word' id='word_1_292' title='bbox 821 2560 878 2602; x_wconf 84' lang='lat' dir='ltr'>Quint</span> 
     </span>
     <span class='ocr_line' id='line_1_33' title="bbox 53 2611 877 2673; baseline 0.011 -24"><span class='ocrx_word' id='word_1_293' title='bbox 53 2611 92 2651; x_wconf 74' lang='lat' dir='ltr'>Inst-</span> <span class='ocrx_word' id='word_1_294' title='bbox 105 2613 126 2653; x_wconf 92' lang='grc' dir='ltr'><strong>Χ</strong></span> <span class='ocrx_word' id='word_1_295' title='bbox 143 2614 156 2652; x_wconf 98' lang='grc'>1</span> <span class='ocrx_word' id='word_1_296' title='bbox 170 2614 198 2652; x_wconf 93' lang='grc'>99</span> <span class='ocrx_word' id='word_1_297' title='bbox 248 2615 276 2653; x_wconf 87' lang='grc'>20.</span> <span class='ocrx_word' id='word_1_298' title='bbox 289 2615 356 2654; x_wconf 81' lang='lat' dir='ltr'>Hieron</span> <span class='ocrx_word' id='word_1_299' title='bbox 368 2616 418 2661; x_wconf 76' lang='lat' dir='ltr'>Epist.</span> <span class='ocrx_word' id='word_1_300' title='bbox 432 2616 460 2654; x_wconf 85' lang='grc'>58.</span> <span class='ocrx_word' id='word_1_301' title='bbox 474 2616 490 2654; x_wconf 91' lang='grc'>5.</span> <span class='ocrx_word' id='word_1_302' title='bbox 541 2617 568 2655; x_wconf 87' lang='lat'>27.</span> <span class='ocrx_word' id='word_1_303' title='bbox 581 2618 664 2658; x_wconf 83' lang='lat' dir='ltr'>Petrarch</span> <span class='ocrx_word' id='word_1_304' title='bbox 675 2619 700 2658; x_wconf 80' lang='lat' dir='ltr'>De</span> <span class='ocrx_word' id='word_1_305' title='bbox 714 2617 783 2658; x_wconf 80' lang='lat' dir='ltr'>Terentii</span> <span class='ocrx_word' id='word_1_306' title='bbox 800 2619 866 2673; x_wconf 49' lang='lat' dir='ltr'>Vitas</span> <span class='ocrx_word' id='word_1_307' title='bbox 861 2635 877 2658; x_wconf 92' lang='grc'>111</span> 
     </span>
    </p>
   </div>
   <div class='ocr_carea' id='block_1_4' title="bbox 53 2674 878 2782">
    <p class='ocr_par' dir='ltr' id='par_1_4' title="bbox 53 2674 878 2782">
     <span class='ocr_line' id='line_1_34' title="bbox 53 2674 878 2728; baseline 0.011 -18"><span class='ocrx_word' id='word_1_308' title='bbox 53 2674 78 2711; x_wconf 89' lang='lat' dir='ltr'>ed.</span> <span class='ocrx_word' id='word_1_309' title='bbox 92 2675 163 2714; x_wconf 87' lang='lat' dir='ltr'>Terentii</span> <span class='ocrx_word' id='word_1_310' title='bbox 176 2677 313 2720; x_wconf 72' lang='lat' dir='ltr'>Westerhomna,</span> <span class='ocrx_word' id='word_1_311' title='bbox 328 2678 379 2721; x_wconf 84' lang='grc'>1526,</span> <span class='ocrx_word' id='word_1_312' title='bbox 393 2678 406 2716; x_wconf 91' lang='lat' dir='ltr'>l.</span> <span class='ocrx_word' id='word_1_313' title='bbox 418 2693 435 2723; x_wconf 92' lang='lat' dir='ltr'>p.</span> <span class='ocrx_word' id='word_1_314' title='bbox 448 2694 497 2717; x_wconf 81' lang='lat' dir='ltr'>xxxiv</span> <span class='ocrx_word' id='word_1_315' title='bbox 504 2680 534 2725; x_wconf 83' lang='lat' dir='ltr'>(cl</span> <span class='ocrx_word' id='word_1_316' title='bbox 548 2681 566 2721; x_wconf 99' lang='lat' dir='ltr'>P</span> <span class='ocrx_word' id='word_1_317' title='bbox 581 2680 602 2716; x_wconf 88' lang='lat' dir='ltr'>de</span> <span class='ocrx_word' id='word_1_318' title='bbox 610 2680 679 2724; x_wconf 81' lang='lat' dir='ltr'>Nolhac</span> <span class='ocrx_word' id='word_1_319' title='bbox 688 2683 773 2728; x_wconf 66' lang='lat' dir='ltr'>Patraeque</span> <span class='ocrx_word' id='word_1_320' title='bbox 780 2682 816 2720; x_wconf 82' lang='lat' dir='ltr'>etl</span> <span class='ocrx_word' id='word_1_321' title='bbox 816 2685 878 2721; x_wconf 81' lang='lat' dir='ltr'>Humo</span> 
     </span>
     <span class='ocr_line' id='line_1_35' title="bbox 53 2732 698 2782; baseline 0.014 -13"><span class='ocrx_word' id='word_1_322' title='bbox 53 2738 105 2777; x_wconf 58' lang='lat' dir='ltr'>nime</span> <span class='ocrx_word' id='word_1_323' title='bbox 117 2732 583 2782; x_wconf 59' lang='grc'>1111191192),319111116111</span> <span class='ocrx_word' id='word_1_324' title='bbox 596 2738 626 2777; x_wconf 93' lang='lat' dir='ltr'>Vl.</span> <span class='ocrx_word' id='word_1_325' title='bbox 642 2740 668 2778; x_wconf 86' lang='grc'>14</span> <span class='ocrx_word' id='word_1_326' title='bbox 681 2740 698 2778; x_wconf 88' lang='lat'>6.</span> 
     </span>
    </p>
   </div>
   <div class='ocr_carea' id='block_1_5' title="bbox 53 2824 191 2834">
    <p class='ocr_par' dir='ltr' id='par_1_5' title="bbox 53 2824 191 2834">
     <span class='ocr_line' id='line_1_36' title="bbox 53 2824 191 2834; baseline 0.029 -5"><span class='ocrx_word' id='word_1_327' title='bbox 53 2824 191 2834; x_wconf 56' lang='lat'>--..-.-...-</span> 
     </span>
    </p>
   </div>
   <div class='ocr_carea' id='block_1_6' title="bbox 53 2872 879 3003">
    <p class='ocr_par' dir='ltr' id='par_1_6' title="bbox 53 2872 879 3003">
     <span class='ocr_line' id='line_1_37' title="bbox 93 2872 879 2932; baseline 0.013 -16"><span class='ocrx_word' id='word_1_328' title='bbox 93 2872 112 2916; x_wconf 84' lang='lat'>6.</span> <span class='ocrx_word' id='word_1_329' title='bbox 127 2873 157 2919; x_wconf 83' lang='lat' dir='ltr'>Ex</span> <span class='ocrx_word' id='word_1_330' title='bbox 178 2875 299 2920; x_wconf 67' lang='lat' dir='ltr'>archadiam</span> <span class='ocrx_word' id='word_1_331' title='bbox 319 2894 369 2921; x_wconf 83' lang='lat' dir='ltr'>corr.</span> <span class='ocrx_word' id='word_1_332' title='bbox 384 2877 459 2932; x_wconf 84' lang='lat' dir='ltr'>(sedin</span> <span class='ocrx_word' id='word_1_333' title='bbox 478 2878 542 2924; x_wconf 82' lang='lat' dir='ltr'>indice</span> <span class='ocrx_word' id='word_1_334' title='bbox 559 2878 671 2930; x_wconf 77' lang='lat' dir='ltr'>Arcadiam,</span> <span class='ocrx_word' id='word_1_335' title='bbox 689 2880 753 2925; x_wconf 80' lang='lat' dir='ltr'>nullu¹</span> <span class='ocrx_word' id='word_1_336' title='bbox 763 2888 879 2926; x_wconf 80' lang='lat' dir='ltr'>correctione</span> 
     </span>
     <span class='ocr_line' id='line_1_38' title="bbox 53 2937 707 3003; baseline 0.017 -22"><span class='ocrx_word' id='word_1_337' title='bbox 53 2937 158 2996; x_wconf 80' lang='lat' dir='ltr'>adhibita).</span> <span class='ocrx_word' id='word_1_338' title='bbox 213 2942 232 2987; x_wconf 87' lang='grc'>9.</span> <span class='ocrx_word' id='word_1_339' title='bbox 246 2941 277 2989; x_wconf 87' lang='lat' dir='ltr'>Ex</span> <span class='ocrx_word' id='word_1_340' title='bbox 291 2943 437 2999; x_wconf 89' lang='lat' dir='ltr'>epithaphyum</span> <span class='ocrx_word' id='word_1_341' title='bbox 450 2962 499 2990; x_wconf 84' lang='lat' dir='ltr'>corr.</span> <span class='ocrx_word' id='word_1_342' title='bbox 514 2944 582 2999; x_wconf 81' lang='lat' dir='ltr'>(etiam</span> <span class='ocrx_word' id='word_1_343' title='bbox 595 2952 615 2991; x_wconf 87' lang='lat' dir='ltr'>r&#39;n</span> <span class='ocrx_word' id='word_1_344' title='bbox 629 2946 707 3003; x_wconf 80' lang='lat' dir='ltr'>indice).</span> 
     </span>
    </p>
   </div>
   <div class='ocr_carea' id='block_1_7' title="bbox 0 0 1052 3253">
    <p class='ocr_par' dir='ltr' id='par_1_7' title="bbox 0 0 1052 3253">
     <span class='ocr_line' id='line_1_39' title="bbox 0 0 1052 3253; baseline 0 0"><span class='ocrx_word' id='word_1_345' title='bbox 0 0 1052 3253; x_wconf 95' lang='lat' dir='ltr'> </span> 
     </span>
    </p>
   </div>
  </div>
 </body>
</html>
