2093 3253
160 200 200 245 472
456 208 685 247 siccours‘mianronr

204 327 318 386 placuerat,
337 346 412 376 verum
430 327 538 386 sospitatis
556 328 715 378 conservandae
733 349 796 377 causa
814 328 863 378 luit.
882 330 986 379 Carnium

204 420 290 459 nanque
305 419 370 448 usum
384 400 513 458 prohibebat
527 400 613 450 Sextius
627 401 688 460 quod
700 401 762 450 illum
776 415 797 450 et
810 415 898 452 naturae
912 423 986 461 super-

205 472 274 521 fluum
289 485 310 519 et
324 471 420 520 luxuriae
435 474 600 522 incitamentum
623 495 648 522 ac
672 475 741 523 bonae
765 475 878 524 valitudini
902 489 988 524 contra»

206 545 263 592 rium
277 556 392 602 reputaret.

180 618 192 666 5
236 616 344 676 'Senecae
357 629 431 666 autem
445 617 468 666 id
482 638 494 666 a
509 617 603 667 Focione
627 637 753 677 persuasum
777 632 809 668 est
832 640 883 667 cum
907 621 988 668 ratione

206 703 298 747 utraque
311 700 359 737 tum
373 688 510 738 facundiaset
525 687 654 739 auctoritate¹
666 711 711 740 sua.
722 691 837 741 ‘Facillime
852 693 942 751 quidem
956 705 989 741 te·

207 780 258 811 nera
271 761 357 820 ingenia
371 781 502 821 quocunque
518 763 628 812 ducuntur
643 764 671 812 ab
687 763 720 812 his
736 765 849 823 presertim
864 765 902 824 qui
918 778 939 813 et
955 785 989 813 sa-

207 833 287 892 pientia
301 833 352 883 clari
367 854 413 883 esse
427 835 467 883 viri
478 847 499 884 et
510 835 600 899 suadere
611 835 701 885 honesta
712 848 733 886 et
744 836 801 885 bona
812 835 920 885 videntur.
931 834 989 884 Cum

207 908 266 956 enirn
280 906 434 966 philosophum
448 908 532 958 audiret
545 910 568 958 in
582 923 657 964 errata.
672 910 694 958 in
708 909 766 964 vitia,
781 909 804 957 in
818 908 873 958 mala
886 908 942 958 vitae
956 907 989 957 di-

169 982 194 1030 l0
210 992 323 1034 serentem.
339 981 479 1030 miserebatur
492 1000 622 1041 magnopere
635 982 717 1030 Seneca
729 983 812 1041 generis
826 983 922 1031 humani.
935 982 989 1029 Pau-

208 1063 314 1110 pertatem
327 1052 345 1100 si
360 1054 525 1103 commendabat
544 1054 693 1115 philosophus,
713 1054 782 1103 libens
801 1055 883 1103 Seneca
902 1067 991 1102 tenuem

209 1126 287 1186 opibus
301 1146 326 1174 ac
340 1129 458 1185 pauperem
469 1148 491 1176 se
502 1128 596 1177 videbat.
608 1127 735 1186 Voluptates
747 1128 764 1175 si
776 1127 918 1186 philosophus
929 1127 990 1175 incu-

209 1200 275 1254 sabat,
291 1219 326 1247 eas
343 1199 384 1248 sibi
401 1200 514 1258 fugiendas
531 1201 613 1251 Seneca
630 1202 744 1252 statuebat.
762 1200 853 1250 Castum
869 1201 887 1248 si
904 1219 990 1258 corpus,

209 1274 227 1321 si
242 1292 339 1322 mensam
353 1274 454 1338 sobriam,
473 1275 491 1322 si
510 1295 588 1334 puram
606 1288 702 1324 mentem
720 1273 821 1324 laudabat
839 1272 989 1332 philosophus,

171 1346 196 1394 l5
211 1344 284 1405 gulam
298 1343 339 1393 sibi
350 1347 516 1406 >temperandam
531 1368 577 1396 esse
593 1368 617 1396 ac
633 1360 730 1396 ventrem
746 1347 894 1405 castigandum
910 1346 992 1394 Seneca

209 1417 305 1468 iubebat.
320 1418 382 1476 Quae
395 1419 482 1467 vivendi
494 1422 548 1468 ratio
559 1433 633 1469 tenera
643 1433 712 1469 aetate
723 1432 822 1477 suscepta
833 1420 887 1467 adeo
899 1419 940 1467 sibi
952 1439 991 1467 ceu

210 1491 280 1540 forma
288 1491 507 1551 quaedamimpressa
517 1505 623 1552 astatque
632 1494 711 1543 deinde
720 1512 759 1550 per
767 1513 832 1541 omne
841 1506 927 1551 tempus
936 1492 992 1540 vitae

207 1563 328 1621 permansit
343 1564 403 1621 quod
418 1565 483 1612 etiam
498 1565 586 1619 divitiis,
602 1578 677 1619 aetate,
694 1566 775 1612 honore
791 1584 881 1621 magnus
897 1576 992 1611 uteretur

211 1656 234 1684 re
248 1633 307 1684 nulla
320 1655 375 1695 quae
389 1649 426 1685 aut
439 1636 568 1695 voluptuosa
581 1649 619 1685 aut
632 1636 741 1696 superllua
755 1636 870 1685 videretur.
885 1635 993 1684 Fortunae

170 1710 198 1758 20
212 1721 285 1757 autem
300 1726 395 1772 munera,
409 1729 468 1767 opes,
482 1709 581 1763 bonores,
594 1709 685 1764 lavares,
699 1730 754 1768 quae
767 1709 807 1758 sibi
821 1710 886 1758 etiam
899 1728 942 1757 non
956 1728 994 1767 pe-

211 1782 265 1831 tenti
280 1802 351 1841 neque
365 1781 460 1840 cupienti
481 1782 553 1831 ridens
572 1782 689 1841 aliquando
709 1782 795 1831 lortuna
815 1780 928 1835 conterret.
950 1801 993 1829 non

211 1854 311 1913 neglexit,
327 1876 371 1903 non
386 1855 522 1915 contempsit,
537 1874 614 1904 verum
628 1856 661 1903 uti
676 1854 744 1904 aliena
759 1868 781 1904 et
796 1875 849 1903 vana
860 1874 886 1903 eo
896 1855 944 1902 loco
955 1873 995 1912 po·
1045 1897 1047 1899 a

212 1927 262 1982 suit,
278 1927 360 1981 babuit,
375 1926 452 1976 locavit
468 1927 526 1976 unde
542 1939 614 1986 posset
625 1947 681 1986 quae
691 1927 726 1975 illa
737 1927 825 1976 dederat
836 1926 922 1984 fortuna
933 1944 995 1985 repe·

212 2013 257 2049 tere
267 2013 333 2059 atque
343 2000 372 2049 ita
383 2014 479 2060 repetere
489 2000 550 2059 quod
560 1998 644 2049 auferre
655 2000 711 2055 data,
723 2020 767 2049 non
778 1998 868 2049 evellere
879 1999 994 2049 videretur.

163 2074 199 2122 ,25
214 2072 287 2120 Rebus
302 2073 361 2120 enim
375 2093 398 2120 se
412 2073 460 2121 letis
471 2072 553 2121 inflavit
565 2092 684 2130 nunquam,
697 2073 794 2121 tristibus
806 2071 927 2130 desperavit
938 2085 996 2120 nun>
1045 2106 1047 2139 3

213 2165 285 2206 quam,
301 2144 411 2195 fortunam
426 2145 520 2208 denique
535 2146 615 2205 quibus
631 2144 706 2201 oculis,
722 2165 765 2205 qua
780 2143 858 2198 lronte,
874 2160 919 2203 quo
933 2143 995 2193 vultu
1046 2158 1047 2162 ’

213 2237 345 2277 prosperam,
360 2219 442 2266 eisdem
455 2218 568 2266 adversam
581 2219 674 2276 inspexit
688 2236 780 2275 semper,
795 2229 816 2264 et
830 2229 937 2275 quantum
951 2215 996 2265 ulle

214 2289 297 2339 mortali
308 2289 335 2338 ab
346 2289 434 2338 bomine
443 2290 489 2338 fieri
500 2302 570 2348 potest
578 2290 680 2338 adversus
690 2309 832 2348 quoscunque
842 2308 903 2338 casus
912 2301 933 2337 et
941 2288 997 2337 cala-

214 2366 298 2414 mitates
313 2384 395 2419 omnes
415 2364 513 2413 animum
533 2383 636 2422 magnum
657 2375 678 2413 et
698 2362 803 2412 invictum
824 2361 895 2421 gessit.
915 2361 997 2411 Animo

172 2439 200 2486 30
216 2437 305 2497 quidem
318 2435 369 2485 lorti
384 2451 449 2495 atque
463 2437 569 2485 constanti
584 2447 739 2495 paupertatem,
755 2436 846 2490 dolores,
862 2447 961 2489 mortem,
976 2448 997 2483 et

161 2536 169 2545 κ
214 2529 356 2570 quaecunque
374 2510 496 2559 acciderent
515 2510 573 2558 mala
589 2509 645 2558 tulit.
665 2510 781 2559 Caeterum
799 2508 855 2557 vitae
873 2527 925 2557 suae
943 2508 998 2556 ratio

215 2584 365 2632 haecsumma
380 2581 428 2632 luit:
436 2591 515 2632 'curare
526 2595 576 2631 ante
587 2594 720 2631 senectutem
732 2582 788 2631 bene
799 2582 877 2636 vivere;
889 2582 911 2630 in
923 2601 997 2631 senec-

214 2668 260 2704 tute
271 2654 361 2703 studere
379 2667 403 2703 ut
420 2654 476 2703 bene
494 2654 615 2703 moriretur.
634 2652 712 2713 Neque
729 2653 788 2702 aliud
806 2673 852 2701 esse
869 2653 925 2702 bene
942 2654 997 2702 mori

215 2727 343 2776 existimavit
353 2748 419 2786 quam
429 2726 479 2775 forti
490 2739 511 2775 et
521 2727 579 2775 bono
589 2727 662 2775 animo
672 2727 727 2775 mori
737 2746 788 2774 cum
798 2739 914 2784 oporteret.

173 2804 201 2854 35
259 2801 355 2850 Stoicam
369 2800 440 2860 igitur,
456 2812 480 2849 ut
495 2800 547 2854 dixi,
562 2799 674 2859 amplexus
689 2798 825 2858 disciplinam
841 2812 861 2847 et
876 2799 938 2848 annis
953 2798 999 2847 die·¹

214 2877 254 2924 tim
270 2875 373 2923 maturior
385 2873 455 2923 lactus
468 2894 492 2922 ea
505 2873 551 2932 lege
564 2873 605 2922 sibi
619 2872 736 2922 vivendum
749 2892 795 2922 esse
808 2873 920 2922 constituit
933 2892 1000 2931 seque

168 2957 175 2974 ²
215 2951 244 2996 ita
259 2948 381 3005 composuit
396 2961 417 2995 et
431 2947 530 2995 animum
545 2946 653 2994 induravit
668 2946 771 2994 adversus
787 2967 875 2995 omnem
890 2945 1000 2998 fortunam
