2093 3253
285 160 413 192 scmrronuu
428 160 553 192 rmusmruu
565 172 580 177 —
594 161 652 191 uram
668 161 688 192 v.
854 147 889 193 155

89 277 155 325 „teris
168 274 271 323 debiliore
278 272 397 331 superfuit.
410 273 468 323 Huic
480 275 539 323 enim
551 288 579 330 et,
593 275 630 334 qui
644 274 752 324 horribilis
765 287 820 324 esset
832 275 889 331 visu,

92 349 186 399 'effusus
203 348 290 407 sanguis
306 361 327 396 et
343 347 404 397 triste
419 347 566 407 spectaculum
582 348 699 398 iacentium
716 361 852 397 mortuorum
868 361 889 397 et

106 422 162 471 ultro
174 422 239 469 vitam
250 421 371 469 concedens
384 420 488 479 Iosephus
499 423 605 479 persuasit
616 435 640 470 ut
651 422 709 470 exire
720 442 745 470 ac
755 422 827 470 vivere
838 441 889 470 cum

107 496 167 543 hoste
178 512 252 542 servus
264 512 330 552 quam
341 493 410 541 occidi
421 493 476 541 liber
487 494 566 543 mallet.

79 572 93 620 5
141 568 182 616 'lta
197 568 314 616 concordes
332 568 397 616 ambo
415 569 493 625 egressi
511 568 539 617 ad
554 568 626 617 hostes
642 582 755 617 venerunt.
772 568 890 627 loseplrum

106 641 188 688 tribuni
196 639 224 687 ad
232 638 390 696 Vespasianum
400 640 490 688 ducunt.
500 639 560 688 Tum
568 640 658 698 quidem
666 640 765 699 vulgatus
774 659 813 699 per
821 654 890 688 castra

105 713 186 760 rumor
197 711 276 760 ducem
293 710 389 761 hostium
406 711 456 761 duci
474 712 637 762 multitudinem
653 712 737 762 visendi
754 712 800 761 eius
817 712 890 761 studio

107 786 221 834 concitavit
235 798 260 833 ut
274 784 408 833 confluerent
422 785 529 844 undique
543 785 621 844 Neque
635 805 686 835 vero
700 785 788 834 deerant
803 786 841 844 qui
856 805 890 834 re·

107 858 192 912 bellem,
211 858 248 916 qui
264 856 397 915 proditorem
408 857 556 907 occidendum
571 858 643 908 subito
658 857 806 907 acclamarent.
823 857 889 907 Erant

70 932 94 980 10
109 931 196 989 quoque
210 950 265 988 quos
278 929 319 978 viri
332 942 431 988 aspectus
443 928 491 987 ipse
504 949 529 978 ac
543 931 661 978 recordatio
675 931 777 988 pristinae
790 930 889 980 fortunae

108 1002 136 1051 ad
153 1003 256 1061 pietatem
273 1016 295 1052 et
313 1003 482 1052 misericordiam
499 1017 651 1053 commoveret.
669 1003 733 1053 Titus
743 1015 823 1059 autem,
835 1003 889 1053 Ves-

106 1078 188 1135 pasiani
204 1076 269 1131 lilius,
286 1077 345 1135 apud
356 1089 440 1136 patrem
451 1077 525 1126 salutis
537 1097 587 1126 suae
598 1097 647 1136 pars
659 1097 736 1136 magna
747 1076 796 1127 tuit.
807 1077 889 1137 Vespa-

107 1150 184 1205 sianus>
193 1167 243 1196 vero
257 1150 330 1206 ipsum
343 1151 419 1206 primis
433 1169 484 1197 cum
497 1148 593 1198 navibus
603 1149 695 1198 Romam
709 1150 793 1207 mittere
808 1151 889 1198 statuit.

108 1220 197 1269 Interim
215 1234 288 1288 autem
306 1220 549 1270 cautissime'asservari
567 1233 632 1280 atque
650 1208 767 1271 invinclis
785 1221 888 1270 custodiri

68 1293 92 1344 15
108 1292 177 1342 iubet
194 1292 254 1342 Haec
272 1293 419 1342 dolentissime
437 1294 527 1342 audiens
548 1294 652 1352 Iosephus
670 1294 760 1353 paulum
778 1314 801 1342 se
819 1295 888 1342 audiri

106 1367 173 1424 prius,
193 1367 254 1424 quod
273 1366 361 1415 haberet
380 1387 435 1425 quae
455 1368 557 1415 secretius
576 1367 671 1422 referret,
691 1365 814 1425 postulavit.
835 1366 890 1415 Mox

106 1438 178 1497 itaque
189 1438 294 1487 omnibus
302 1451 374 1497 preter
384 1438 439 1488 duos
451 1439 488 1498 qui
500 1438 624 1497 Vespasiani
635 1440 698 1487 amici
709 1451 781 1487 essent
791 1439 888 1498 precipui

106 1532 130 1560 ac
144 1511 214 1560 filium
227 1508 305 1561 Titum
318 1513 439 1568 summotis,
454 1528 463 1553 t<
471 1512 588 1571 Captivum
602 1532 637 1561 me
646 1529 656 1552 a
669 1513 741 1572 inquit
754 1512 837 1561 «modo
851 1510 889 1560 ha-

107 1585 164 1638 bere,
179 1584 316 1645 Vespasium,
331 1599 394 1643 putas
409 1585 556 1644 custodirique
571 1599 595 1634 ut
609 1586 680 1634 mittas
695 1584 788 1633 Romam
801 1585 829 1633 ad
843 1584 889 1633 Ne-

65 1657 94 1705 20
108 1675 183 1705 ronem
197 1656 265 1706 iubes.
280 1657 332 1706 Non
346 1670 379 1706 est
392 1678 454 1716 opus.
469 1656 577 1716 Equidem
591 1658 720 1716 praemissus
734 1677 747 1705 a
761 1656 889 1723 deorerum

107 1731 212 1779 maiorum
220 1730 248 1779 ad
256 1743 277 1780 te
286 1731 378 1780 nuncius
388 1731 457 1779 venio.
467 1726 570 1779 Tuenim
578 1744 644 1789 atque
652 1729 687 1779 hic
695 1730 753 1778 filius
761 1742 812 1779 tuus
820 1728 888 1780 luturi

106 1815 178 1860 presto
191 1803 300 1858 Caesares,
312 1804 459 1862 imperatores,
472 1803 554 1851 domini
567 1822 639 1852 rerum
651 1803 709 1852 estis.
722 1802 746 1851 Si
759 1803 811 1851 haec
823 1803 888 1861 fingo,

106 1886 130 1922 tu
147 1895 182 1923 me
199 1896 266 1935 quam
283 1876 398 1924 maximam
415 1876 447 1924 vis
463 1876 492 1924 ad
508 1895 601 1934 poenam
617 1896 642 1924 ac
659 1876 797 1924 durissimam
814 1895 890 1924 necem

104 1949 193 1997 servas»
202 1946 267 1997 ¹Haec
276 1961 342 2008 atque
350 1948 391 1998 alia
401 1968 456 2008 quae
466 1947 521 1996 hanc
530 1948 553 1997 in
563 1948 692 1997 sententiam
700 1947 889 2006 luturalosephus

65 2020 93 2068 25
107 2021 229 2077 affirmaret,
247 2023 286 2071 etsi
303 2022 367 2080 gratis
384 2021 472 2072 auribus
488 2022 614 2071 audirentur
630 2043 655 2071 ac
672 2042 756 2070 summe
772 2021 888 2080 placerent,

106 2114 130 2141 ea
145 2094 219 2143 tamen
235 2095 375 2163 deliramenta
390 2116 437 2144 esse
453 2116 508 2153 quae
524 2094 597 2144 salutis
613 2115 651 2153 spe
667 2096 752 2153 captivo
768 2095 889 2153 eodemque

107 2165 184 2216 callido
195 2168 222 2217 ab
234 2167 321 2217 homine
332 2168 463 2227 fingerentur
474 2180 495 2216 et
505 2166 649 2228 Vespasianus
660 2180 681 2215 et
692 2167 730 2227 qui
741 2187 818 2215 eocum
828 2179 889 2215 erant

106 2240 205 2288 amici'ac
216 2240 281 2290 Titus
292 2242 338 2299 ipse
349 2240 461 2300 putabant.
476 2240 569 2289 Proinde
580 2241 641 2300 quasi
653 2240 730 2300 spretis
742 2261 797 2300 quae
809 2241 889 2290 diceret

107 2313 185 2361 missus
196 2326 228 2361 est
238 2313 261 2361 in
271 2314 341 2361 vincla
353 2313 457 2371 Iosephus
467 2326 532 2372 atque
541 2312 620 2362 multos
628 2313 656 2362 ad
664 2314 710 2361 dies
719 2333 745 2361 ex
753 2313 829 2361 ordine
839 2333 889 2361 cus-

66 2382 94 2430 30
108 2384 204 2445 toditus.³⁴
217 2384 296 2444 Neque
317 2385 367 2434 vero
383 2385 426 2433 ulla
442 2385 483 2433 sibi
500 2385 549 2434 data
565 2399 597 2434 est
612 2384 666 2435 fides
682 2385 815 2444 priusquam·
825 2384 889 2444 plane

106 2458 134 2507 sit
144 2458 255 2518 cognitum
264 2479 291 2508 ex
300 2459 390 2519 captivis
400 2458 594 2518 ipsum'diuinandi
602 2480 685 2526 munus
695 2457 774 2508 babere
783 2458 889 2508 eundem-

107 2551 149 2590 que
162 2546 183 2581 et
196 2532 342 2592 captivitatem
355 2552 416 2582 suam
429 2546 450 2581 et
463 2553 519 2592 quae
533 2533 678 2591 lothapatenis
691 2533 813 2582 evenissent
826 2533 888 2587 mala¹

106 2624 131 2655 ea
149 2623 304 2664 saepenumero
322 2605 460 2665 praedixisse.
479 2605 539 2654 Haec
558 2625 644 2664 nanque
662 2606 700 2654 ubi
720 2606 777 2654 dicta
795 2618 847 2654 sunt
865 2626 890 2653 ac

66 2703 207 2712 —-..‚..„..-......

104 2745 130 2783 ta.
143 2747 207 2790 loseph.
219 2747 261 2786 Bell.
273 2747 310 2786 Iud.
322 2746 351 2784 111.
365 2747 381 2784 7.
394 2746 412 2785 9.

66 2826 208 2836 Ἢ

109 2863 139 2907 ll.
153 2873 213 2917 atque
222 2864 243 2907 in
256 2862 326 2908 vinclis
336 2882 359 2909 ex
376 2881 399 2907 ac
414 2863 541 2918 custodiuit)
558 2870 625 2909 statim
641 2867 690 2909 corrss
741 2864 778 2909 30.
791 2864 830 2908 sibi
846 2864 891 2909 data

67 2944 90 2971 ex
104 2938 133 2972 est
147 2928 184 2974 sibi
199 2929 230 2984 (1)
245 2948 293 2975 corr.
307 2929 327 2974 Ο
341 2928 386 2975 data
400 2940 429 2975 est
443 2929 481 2975 sibi
496 2929 523 2975 H.
