2093 3253
158 273 201 318 3601
454 285 547 317 srccours
561 284 679 315 voiuuroui

200 404 261 464 quod
271 415 328 451 terra
341 403 437 462 marique
449 423 473 450 ac
486 401 538 449 orbe
549 412 714 451 terrarumtoto
724 400 841 459 imperium
853 399 903 448 binc
915 398 983 447 latum

200 497 225 526 ac
243 495 351 525 summam
369 487 499 535 potestatem
517 474 618 522 haberet..
631 473 786 522 Perficiendam
804 490 855 521 vero
873 472 937 520 istam
955 473 983 520 ad
1044 480 1047 532 j

201 571 254 605 rem,
271 569 333 608 quae,
350 561 375 597 ut
388 560 439 604 erat,
451 546 543 596 difficilis
554 559 575 596 et
586 547 678 595 maxima
689 545 802 595 videbatur
812 565 852 595 nec
863 557 946 603 poterat
956 545 984 593 ab

193 644 224 677 ⁸eo
232 642 276 676 uno
288 623 370 679 integre
381 622 512 680 pertractari,
525 620 605 679 legatos
616 639 629 668 a
641 631 716 668 senatu
728 620 773 668 dari
785 619 826 667 sibi
834 618 876 667 XV
883 630 905 666 et
913 618 983 665 nomi·
1004 612 1005 615 ¹

175 698 187 745 5
203 696 271 745 natim
286 693 415 742 Ciceronem
429 705 453 741 ut
468 705 524 740 esset
539 692 639 750 princeps
655 691 754 740 omnium
768 690 891 751 postulavit.
907 688 983 738 Cicero

200 780 274 817 autern
294 765 424 824 legationem
445 766 500 813 hanc
522 765 599 819 renuit,
622 777 670 813 tum
691 764 751 823 quod
772 781 893 821 regressum
915 781 984 821 nuper

201 843 275 900 ipsum
288 839 399 887 consulere
413 839 443 887 rei
458 838 588 886 domesticae
602 850 717 896 oporteret,
733 837 793 896 quod
806 858 831 885 ea
844 835 918 886 furore
932 834 984 884 Clo-

203 914 274 966 diano,
288 923 313 966 ut
327 910 378 966 dixi,
393 929 466 960 eversa
480 910 552 965 domo,
567 910 653 958 vastatis
667 909 730 967 agris,
745 909 829 967 direpta
842 907 984 968 suppelectili,

202 985 317 1046 publicatis
330 984 393 1033 bonis
407 983 516 1038 omnibus,
530 995 551 1031 et
564 981 632 1031 tracta
645 995 666 1031 et
679 981 776 1041 dispersa
789 993 851 1037 esset,
865 994 913 1030 turn
926 982 987 1039 quod

163 1063 189 1111 10
203 1061 268 1109 etiam
279 1077 302 1108 re
310 1057 409 1108 familiari
419 1058 539 1117 composita
550 1063 660 1107 remanere
671 1057 694 1105 in
705 1057 759 1106 urbe
767 1068 788 1106 et
798 1056 822 1105 in
830 1055 897 1105 oculis
905 1055 985 1104 civium

202 1130 280 1181 versari
304 1128 405 1179 futurum
428 1130 469 1179 sibi
493 1149 559 1188 quarn
583 1128 690 1187 proficisci
713 1128 845 1190 fructuosius
869 1139 984 1186 reputaret.

245 1205 380 1264 Dignitatem
397 1203 487 1263 quidem
504 1223 572 1259 suam,
588 1215 613 1252 ut
629 1202 757 1251 essetidem
773 1202 811 1262 qui
827 1201 911 1257 soleret,
927 1213 948 1249 et
964 1200 986 1248 in

203 1278 251 1327 loro
261 1291 287 1326 >et
301 1278 324 1326 in
338 1278 397 1326 curia
411 1277 545 1336 recuperavit
559 1277 609 1324 cito.
626 1276 652 1326 ln
666 1295 689 1323 re
702 1290 776 1325 autem
790 1275 889 1324 familiari
903 1294 987 1334 preser-

200 1353 243 1401 tim
257 1352 280 1402 in
296 1350 362 1399 domo
377 1350 523 1409 recuperanda
538 1349 587 1408 plus
603 1348 734 1397 difficultatis
745 1361 766 1397 et
776 1348 855 1397 laboris
869 1348 927 1397 tulit.
938 1348 985 1399 Do-

165 1425 190 1474 15
203 1445 267 1473 mum
284 1423 349 1478 enim,
368 1435 393 1471 ut
410 1422 534 1477 memoravi,
553 1434 713 1470 consecraverat
731 1421 821 1470 Clodius
840 1422 892 1470 deae
910 1421 986 1469 Liber-

203 1497 259 1551 tatis,
276 1516 304 1543 ne
320 1495 403 1543 restitui
419 1514 517 1552 unquam
533 1494 641 1551 religionis
657 1495 736 1543 timore
751 1515 776 1542 ac
792 1495 910 1542 reverentia
925 1506 986 1552 pate-

203 1583 269 1619 retur.
286 1567 385 1617 Domum
401 1568 474 1626 itaque
489 1566 631 1616 sibirestitui
647 1567 733 1625 petebat
750 1567 833 1617 Cicero.
851 1567 932 1617 Contra
948 1567 985 1626 qui

196 1655 264 1691 -erant
284 1640 384 1690 Clodiani
404 1659 451 1689 rem
470 1659 553 1689 sacram
572 1640 656 1688 restitui
676 1639 740 1689 licere
759 1641 873 1700 negabant.
894 1641 986 1690 Senatus

204 1734 262 1775 vero,
279 1714 308 1762 ad
325 1734 392 1773 quem
409 1732 449 1773 pro
467 1713 570 1772 dignitate
588 1731 621 1761 res
639 1714 734 1771 primum
753 1713 822 1763 delata
840 1727 891 1768 erat,
910 1735 986 1773 quarn-

163 1789 191 1835 ΖΟ
206 1807 272 1845 quarn
294 1785 386 1833 domurn
406 1806 477 1844 neque
498 1798 602 1833 sacratam
622 1786 663 1833 rite
684 1806 723 1833 nec
744 1786 841 1844 religioni
863 1786 988 1834 obstrictam

204 1860 250 1908 sine
272 1858 407 1907 dubitatione
429 1871 567 1917 cognosceret
588 1879 613 1906 ac
635 1859 681 1907 iure
703 1880 766 1917 posse
788 1859 871 1908 restitui
887 1859 986 1908 Ciceroni

204 1932 293 1987 videret,
312 1932 386 1980 statuit
403 1944 476 1980 tamen
493 1952 506 1980 e
524 1931 558 1980 M.
576 1931 656 1987 Bibuli,
674 1932 793 1992 consularis
809 1945 830 1981 et
848 1933 921 1992 magni
939 1932 987 1987 viri,

205 2004 317 2058 sententia,
333 2024 361 2053 ne
376 2024 420 2063 qua
435 2005 533 2052 dubietas
553 2005 603 2052 oriri
618 2004 735 2063 aliquando
750 2018 830 2064 posset,
846 2006 906 2064 quod
921 2026 946 2055 ea
961 2007 989 2055 de

204 2097 227 2126 re
242 2076 355 2137 pontifices
370 2077 497 2126 iudicarent.
513 2076 562 2125 Hoc
577 2077 636 2125 enim
651 2089 695 2126 erat
710 2099 722 2126 a
738 2078 856 2127 maioribus
870 2091 939 2138 atque*
951 2079 987 2127 illo

164 2152 192 2199 25
207 2149 365 2208 sapientissimo
378 2170 391 2197 a
404 2168 454 2208 rege
468 2147 564 2198 Numma
578 2149 685 2211 Pompilio
698 2150 829 2205 institutum,
843 2164 868 2199 ut
882 2152 919 2209 qui
933 2173 989 2209 pon·
1007 2199 1009 2203 .

204 2222 272 2272 tifices
289 2234 367 2277 essent,
384 2222 399 2269 ii
415 2234 537 2281 praeessent
553 2221 658 2281 religioni,
675 2221 777 2282 illamque
793 2243 831 2276 sua
846 2223 897 2279 fide,
913 2237 988 2273 aucto-

205 2296 273 2351 ritate,
298 2294 401 2353 sapientia
424 2308 581 2345 conservarent.
605 2295 682 2344 Cicero
705 2295 770 2355 igitur
792 2297 852 2356 apud
874 2298 988 2356 pontifices

205 2387 292 2418 causam
306 2366 370 2416 istam
384 2368 427 2426 egit
440 2381 506 2427 atque
519 2367 678 2417 accuratissime
692 2369 742 2427 egit.
757 2369 844 2428 Nempe
858 2369 876 2417 si
890 2389 989 2429 unquam

206 2442 228 2489 in
244 2439 337 2489 dicendo
352 2459 392 2499 pro
407 2440 452 2488 ullo
467 2454 488 2488 et
503 2439 545 2489 luit
560 2454 581 2489 et
597 2441 669 2499 potuit
683 2442 807 2500 quicquam,
823 2441 847 2489 id
861 2455 933 2490 totum
949 2443 990 2490 hoc

165 2516 193 2565 30
208 2528 305 2573 tempore
322 2513 395 2562 dicens
411 2533 451 2573 pro
467 2535 490 2563 se
507 2515 561 2573 ipso,
578 2534 618 2574 pro
634 2515 705 2563 domo.
716 2535 761 2570 sua,
778 2529 852 2564 contra
868 2516 988 2570 inimicum,

128 2590 129 2593 ’
206 2588 265 2645 apud
283 2586 403 2644 pontifices,
422 2599 447 2635 ut
462 2607 539 2635 eorum
553 2607 667 2643 consensu,
682 2590 815 2643 auctoritate,
832 2590 912 2639 iudicio
928 2591 989 2639 resti-

194 2675 303 2710 tueretur
321 2661 363 2709 sibi
382 2682 437 2720 quae
455 2681 494 2710 sua
513 2674 569 2709 esset
587 2662 678 2717 domus,
692 2665 797 2723 exposuit,
817 2663 902 2718 effudit,
921 2663 989 2722 expli·

207 2731 335 2793 cavitNec
351 2733 438 2783 difficile
454 2734 538 2782 creditu
555 2746 588 2782 est
604 2735 782 2793 quod'accensus
799 2756 878 2795 magno
894 2736 991 2795 quodam

205 2805 271 2855 animi
290 2804 364 2855 dolore
381 2826 406 2864 ac
424 2806 516 2856 maxima
533 2806 611 2857 iniuria
628 2806 738 2858 lacessitus
756 2808 810 2858 dixit
828 2809 909 2859 maiore
926 2808 989 2859 viae

164 2880 192 2928 35
208 2879 271 2937 longe
287 2879 436 2928 vehementius
452 2880 529 2928 suain
545 2898 568 2928 re
584 2901 650 2939 quarn
666 2881 689 2929 in
704 2881 772 2931 aliena
788 2882 879 2937 solerem
895 2894 990 2940 quantus

164 2997 306 3004 ——ae—

207 3060 236 3106 lO.
251 3078 272 3105 re
286 3079 331 3104 sscr.
