2093 3253
159 206 184 254 22
455 226 552 256 srccorvrs
564 226 685 257 eotaxrovr

203 337 282 398 quihus
297 339 332 389 illa
347 339 405 397 regio
420 338 497 397 perdiu
511 352 548 388 aut
558 338 637 397 praeda
647 352 684 388 aut
695 341 767 389 nutrix
781 341 830 391 luit.
843 341 984 400 Prothagoras

202 425 276 470 postea
291 431 364 460 rerum
379 411 496 459 illustrium
512 412 664 470 dispositiones
680 415 791 473 quasdam,
803 435 858 474 quae
874 435 933 465 nunc
943 416 984 465 loci

202 486 337 544 appellantur
351 506 485 539 communes,
498 486 599 533 instituit.
612 485 704 543 Gorgias
717 487 795 535 deinde
808 488 928 536 Leontinus
940 491 985 543 sin·

203 558 301 614 gularum
313 575 385 606 rerum
397 557 471 605 laudes
483 558 695 617 vituperationesque
707 560 834 618 conscripsit
846 558 926 618 quibus
938 579 985 609 rem
1037 557 1046 617 l

162 647 164 650 ’
177 632 189 680 5
205 649 282 689 augere
293 650 355 679 suam
366 642 387 679 et
399 630 544 679 adversarium
556 629 683 679 labefactare
695 644 774 689 posset.
787 631 935 681 Numerorum
946 654 985 682 au·

202 717 246 751 tem
267 705 379 758 rationem,
401 724 444 761 qua
464 702 533 752 soluta
554 704 621 751 oratio
642 705 749 762 expolitur
770 719 834 763 atque
855 706 986 763 splendescit

203 775 275 833 (vulgo
290 795 365 824 cursus
380 788 458 823 vocant
472 775 525 833 eos),
540 777 637 833 primum
651 797 663 824 a
677 776 809 832 Trasimaco,
825 778 907 826 deinde·
917 778 945 826 ab
959 800 985 826 eo

194 870 269 908 *quem
283 849 393 902 nominavi
403 847 468 907 paulo
477 862 533 903 ante,
545 847 632 906 Gorgia,
643 849 770 904 institutam,
781 864 890 908 postremo
899 852 927 899 ab
939 852 985 899 lso-

202 935 266 977 crate,
277 935 302 969 ut
312 935 368 970 esset
377 923 521 979 temperatim
531 934 670 979 expurgatam
679 923 761 971 dicunt.
769 923 887 971 Neminem
895 924 984 982 quidem
1040 975 1041 978 ,

163 989 188 1042 ll]
203 996 245 1042 isto
259 997 281 1042 in
289 1014 373 1052 -genere
388 995 489 1042 scientius
500 1007 608 1042 versatum
618 1015 684 1051 quam
696 996 798 1043 Isocrates
808 995 921 1044 latendum
930 1005 984 1050 esse,

203 1067 240 1114 sed
254 1058 375 1125 principem
388 1066 511 1114 inveniendi
525 1068 609 1114 numeri
624 1067 688 1115 huius
703 1067 853 1117 Trasimacum
866 1068 932 1117 luisse
946 1068 984 1116 Ci-
1045 1082 1046 1085 ’

203 1159 251 1187 cero
265 1140 293 1188 ad
307 1140 399 1188 Brutum
413 1138 494 1187 scribit.
508 1139 560 1186 Arte
574 1159 660 1197 nanque
674 1140 721 1194 ista,
735 1139 807 1188 fructu
822 1142 867 1188 eius
881 1141 946 1199 vique
959 1162 984 1189 ac

203 1214 306 1259 suavitate
321 1224 411 1268 gustata,
423 1211 490 1258 Attici
503 1229 568 1269 supra
581 1231 655 1259 omnes
668 1212 766 1259 delectati
779 1226 837 1261 sunt.
850 1212 984 1269 Negligenti-

163 1323 165 1325 .
203 1283 244 1331 hus
255 1284 313 1331 enim
324 1282 424 1340 gentihus
434 1283 522 1330 caeteris
530 1294 590 1330 tanto
596 1293 650 1331 'sunt
660 1283 701 1341 ipsi
710 1304 757 1330 eam
765 1295 787 1331 et
796 1282 869 1331 studio
877 1296 898 1331 et
908 1283 984 1333 ardore

165 1357 188 1406 15
205 1357 311 1416 complexi
325 1370 350 1405 ut
364 1357 435 1404 omnis
449 1357 534 1405 virtutis
548 1356 611 1405 huius
625 1356 670 1405 laus
683 1355 750 1405 luisse
762 1357 885 1405 Atticorum
898 1358 984 1414 propria

203 1430 307 1479 videatur.
324 1430 396 1488 lpsam
412 1449 499 1487 quoque
514 1442 565 1477 sunt
580 1430 668 1477 Asiatici
683 1443 705 1478 et
720 1430 800 1477 Rhodii
815 1431 930 1487 prosecuti.
946 1431 985 1478 sed

203 1502 335 1561 principatus
349 1520 434 1560 semper
446 1501 505 1560 apud
518 1501 660 1549 Athenienses
673 1501 722 1550 luit.
736 1502 771 1549 Ad
785 1502 873 1565 latinos
887 1511 938 1551 vero
951 1502 984 1551 di-

204 1576 266 1622 cendi
283 1575 335 1623 haec
351 1574 447 1628 facultas,
469 1587 493 1621 ut
511 1587 606 1621 caeterae
621 1587 676 1621 artes
693 1574 737 1622 lere
754 1594 845 1631 omnes„
857 1575 985 1634 demigravit

165 1670 168 1673 ⁴
190 1643 258 1696 sero.
273 1647 421 1696 Romanorum
437 1660 510 1695 autem
526 1648 625 1695 omnium
641 1648 736 1705 primum
754 1647 800 1695 hoc
810 1647 900 1695 artificio
919 1667 984 1696 usum

162 1721 191 1768 20
206 1720 240 1768 M.
256 1720 390 1768 Cornellium
406 1719 527 1777 Cethegum
543 1732 648 1767 memorat
663 1719 749 1767 Tullius
766 1721 903 1778 eundemque
918 1718 984 1768 luisse

204 1794 330 1850 magistrum
342 1793 406 1841 Ennii
418 1804 494 1849 poetae
506 1812 530 1839 ac
542 1791 653 1839 consulem
665 1791 722 1840 bello
734 1791 815 1840 Punico
827 1792 922 1840 secundo
934 1811 985 1840 cum

175 1862 178 1866 ¹
204 1866 227 1916 P.
242 1865 353 1927 Tuditano
366 1864 439 1932 relert.
457 1864 543 1924 Nempe
560 1886 604 1924 quo
622 1885 679 1914 anno
691 1867 782 1914 traiiecit
793 1867 816 1914 in
829 1865 925 1918 Africam
937 1865 984 1914 Sci-

204 1939 247 1996 pio,
263 1939 340 1987 eodem
354 1932 490 2004 capsulatum
504 1938 585 1986 Romae
599 1937 623 1986 P.
637 1938 760 1987 Tuditanus
774 1959 825 1987 cum
840 1938 873 1988 M.
888 1938 984 1997 Cethego

205 2013 275 2068 gessit.
292 2012 383 2059 Secutus
393 2030 443 2059 vero
453 2010 575 2068 Cethegum
584 2025 616 2059 est
626 2010 698 2058 hocin
708 2030 785 2068 genere
794 2011 860 2059 studii
870 2010 925 2059 Cato
931 2020 985 2059 'cen-

162 2086 189 2134 25
206 2086 282 2134 sorius.
299 2086 319 2133 ls
333 2086 391 2133 enim
404 2085 498 2132 nominis
512 2085 583 2132 Latini
597 2086 680 2143 primus
694 2085 721 2133 de
734 2098 779 2133 arte
792 2085 904 2139 rhetorica,
918 2096 943 2133 ut
955 2085 985 2133 ait

205 2158 358 2214 Quintilianus,
367 2158 459 2214 scripsit.
469 2157 583 2206 Oratorem
591 2170 664 2206 autem
673 2159 743 2205 virum
752 2157 890 2205 essebonum
899 2157 984 2205 dicendi

165 2265 167 2269 ι
204 2231 298 2288 peritum
313 2230 373 2280 dixit.
777 2237 779 2240 ’
924 2238 925 2243 ’

165 2300 167 2303 .
247 2304 306 2351 Haec
325 2304 416 2351 oratoria
430 2303 457 2350 de
475 2315 527 2351 arte.
546 2303 659 2359 Originem
677 2320 727 2350 vero
746 2303 846 2349 historiae
864 2323 888 2349 ac
907 2303 985 2360 poesis,

164 2417 165 2420 ,
204 2376 242 2424 etsi
258 2376 286 2424 de
297 2390 388 2436 utraque
400 2375 470 2423 dicere
482 2375 517 2423 hic
528 2375 587 2424 locus
599 2376 698 2433 exigeret,
711 2376 770 2434 quod
782 2375 845 2424 huius
856 2374 931 2424 affines
942 2375 985 2424 sint

161 2449 190 2497 30
204 2463 269 2506 atque
283 2450 382 2504 sororiae,
398 2448 502 2506 explicare
516 2461 588 2496 tamen
604 2450 717 2496 statuimus
731 2448 782 2496 alibi
792 2461 857 2507 atque
867 2460 915 2496 tum
926 2467 986 2496 max¹
1003 2494 1005 2497 .

205 2524 248 2569 ime
263 2543 313 2569 curn
325 2522 387 2570 nohis
399 2540 469 2569 sermo
480 2521 508 2569 de
519 2522 570 2580 ipsis
583 2521 694 2569 habendus
706 2523 752 2570 erit.

246 2594 312 2644 Nunc
323 2614 374 2644 vero
385 2596 408 2643 in
418 2594 490 2643 animo
502 2608 534 2643 est
543 2613 661 2642 memorare
672 2596 709 2653 qui
721 2593 809 2644 luerunt
819 2595 941 2643 inventores
952 2613 986 2644 ar·

204 2671 260 2717 tium
274 2669 360 2717 illarum
374 2689 429 2728 quae
444 2683 494 2716 sunt
509 2667 671 2720 mathematicae
685 2667 803 2727 appellatae
817 2688 857 2715 nec
871 2668 893 2715 in
908 2666 986 2722 verbis‘

205 2741 236 2790 uti
252 2742 280 2789 de
294 2741 374 2800 quibus
384 2741 485 2795 diximus,
499 2741 538 2789 sed
546 2741 593 2798 ipsa
602 2742 624 2788 in
634 2759 657 2788 re
666 2753 717 2788 sunt
730 2741 843 2798 perspicua
852 2740 986 2788 demonstra-

163 2814 190 2861 35
206 2804 264 2860 tione
279 2813 366 2861 locatae.
382 2813 459 2872 Neque
472 2831 523 2860 vero
538 2812 565 2860 de
576 2810 608 2860 his
624 2811 683 2870 apud
698 2813 777 2870 peritos
793 2811 902 2875 contentio
913 2830 984 2871 parva.

202 3007 227 3041 11.
240 3005 275 3041 Cic.
288 2976 318 3041 Or
335 3004 372 3040 175,
422 3003 450 3038 202
462 3002 498 3038 Cic.
511 3005 558 3040 Brut.
572 3003 632 3040 5260.
682 3003 710 3037 26.
722 3002 779 3045 Quint.
792 3002 831 3039 Inst.
846 3000 938 3044 111,t.19.
