2093 3253
236 183 367 216 scaurorum
381 183 510 216 ntusnnun
524 193 536 201 -
551 183 609 215 tram
623 184 637 215 1.
788 209 789 212 ,
819 169 844 215 35

62 302 99 350 Ob
116 322 182 361 quarn
199 320 245 349 rem
262 301 350 362 oraculo
366 300 473 358 Apollinis
491 301 610 359 sapientem
623 300 705 358 ¹ipsum
726 300 845 365 iudicatum

63 374 142 432 lerunt,
155 373 215 434 quod
226 374 249 421 in
260 395 285 422 eo
292 373 406 422 uideretur
417 373 521 431 sapientia
533 394 579 421 esse
590 392 642 440 vera
650 373 688 432 qui
700 393 744 421 non
755 372 846 421 arbitra·

63 461 122 497 retur
136 468 159 497 se
173 448 228 496 scire
245 448 305 506 quod
322 441 423 496 nesciret}
438 445 525 496 Novam
541 446 733 513 igituiiquandam
750 445 846 506 philoso-

63 522 144 580 phandi
159 521 216 570 viam
227 541 267 569 nec
277 520 305 568 ab
317 520 361 569 ullo
372 532 470 569 veterum
482 521 541 579 prius
552 520 668 578 cogitatam
678 510 778 574 instituit.
790 539 846 578 quae

37 598 49 645 5
61 591 234 652 haudquaquam
245 594 273 641 de
283 593 410 641 caelestibus
422 605 444 640 et
454 586 533 640 abditis
545 596 639 646 naturae,
652 612 707 651 quae
718 593 802 641 occulta
813 593 847 640 ni·

64 668 133 716 mium
147 678 205 722 sunt,
220 665 258 715 sed
272 666 299 715 de
312 665 429 715 virtutibus
443 678 464 714 et
477 666 534 714 vitiis
548 666 618 725 deque
632 664 734 715 omnibus
748 665 812 715 rebus
825 677 846 714 et

64 740 126 789 honis
140 753 162 788 et
176 739 237 788 malis
256 760 311 799 quae
330 739 422 788 discerni
441 752 532 797 possunt
551 752 572 787 et
591 749 647 787 sunt
660 758 804 788 communem
817 738 846 787 ad

64 814 130 861 vitam
146 826 171 861 et
183 812 340 861 humanitatem
355 812 480 870 inquireret.
497 811 541 859 Sed
557 812 665 859 dictorum
681 812 727 860 eius
737 810 796 876 nihil
812 823 845 859 est

63 908 76 935 a
91 886 178 935 Socrate
198 886 245 944 ipso
264 885 292 933 acl
312 885 438 934 memoriam
457 884 576 933 litterarum
587 879 741 933 monumentis
761 884 845 933 datum.

26 963 52 1010 10
67 960 139 1008 Multa
148 971 200 1007 sunt
210 959 238 1007 ab
248 959 289 1007 illis
300 960 338 1018 qui
348 979 399 1007 eum
408 958 544 1012 audiverunt,
555 958 688 1016 presertima
698 958 792 1013 Platone,
801 956 846 1005 col-,

48 1084 50 1088 v
64 1033 118 1080 lecta
129 1044 270 1090 accurateque
281 1052 306 1079 ac
317 1032 404 1089 copiose
415 1031 501 1088 scripta.
515 1030 535 1078 Is
547 1050 634 1088 nanque
645 1029 765 1099 Socraticos
777 1029 846 1078 excel-

65 1105 105 1153 luit
119 1116 208 1153 cunctos
224 1103 338 1162 effecitque
354 1116 378 1152 ut
392 1122 447 1161 quae
463 1122 503 1151 suo
516 1121 529 1150 a
542 1099 680 1160 praeceptore
694 1103 805 1155 didicerat,
820 1121 845 1149 ea

64 1179 160 1226 viverent
173 1176 211 1224 diu
223 1189 288 1236 atque
301 1175 430 1225 immortalia
443 1175 502 1234 apud
515 1174 615 1223 mortales
628 1188 707 1224 essent.

107 1252 191 1300 Primus
209 1269 297 1310 quoque
315 1246 414 1299 omnium
432 1248 492 1297 Plato
510 1245 583 1297 noster
601 1248 749 1309 philosophiae
767 1261 845 1309 partes,

27 1328 51 1374 l5
67 1323 122 1384 quae
136 1325 164 1373 ab
178 1324 224 1372 aliis
235 1343 281 1371 esse
292 1325 333 1372 sibi
344 1321 462 1371 contrariae
472 1343 497 1370 ac
508 1341 626 1380 repugnare
637 1323 660 1371 in
670 1324 740 1371 vicem
751 1323 848 1371 diceren-

65 1411 107 1452 tur,
123 1419 147 1444 ea
162 1398 243 1445 ratione
260 1392 371 1444 coniunxit
387 1418 477 1456 esseque
493 1398 547 1445 adeo
563 1397 637 1447 affines
654 1408 675 1443 et
691 1408 845 1442 consentaneas

66 1471 140 1520 docuit
154 1483 178 1521 ut
192 1466 330 1530 nequaquam
343 1470 448 1519 contraria
461 1492 501 1520 nec
513 1471 536 1520 in
548 1471 618 1521 vicem
635 1468 749 1523 adversari,
767 1480 792 1517 ut
803 1488 846 1526 pu-

65 1556 135 1592 tarent
147 1544 185 1597 illi,
199 1545 238 1592 sed
250 1544 290 1592 tria
303 1564 356 1598 esse,
369 1544 402 1592 uti
417 1557 475 1598 sunt,
491 1537 588 1593 membra
604 1543 645 1591 sibi
661 1541 848 1590 convenientiam

65 1617 183 1665 necessaria
192 1636 237 1664 uno
246 1616 269 1664 in
279 1610 427 1674 philosophiae
437 1627 527 1674 corpore
536 1616 657 1666 videantur.
668 1613 748 1663 Earum
757 1612 847 1673 quidem

25 1690 53 1736 20
68 1702 150 1747 partem
160 1709 226 1737 uuam
235 1688 276 1736 illis
286 1689 309 1736 in
319 1689 383 1736 rebus
393 1689 466 1746 posuit
476 1709 537 1747 quae,
548 1702 573 1738 ut
582 1688 634 1743 dixi,
644 1700 742 1736 veterum
751 1704 812 1734 more
820 1685 848 1733 ad

66 1761 219 1820 perscrutanda
233 1760 331 1810 caelestia
349 1775 370 1811 et
389 1775 476 1811 naturae
495 1761 579 1813 occulta
596 1760 725 1822 pertineant.
744 1759 848 1813 Alteram,

66 1856 121 1893 quae
135 1837 183 1893 ipso
193 1855 205 1882 a
216 1835 303 1883 Socrate
313 1828 400 1883 inventa
410 1848 461 1888 erat,
472 1836 495 1882 in
506 1836 635 1884 moribuset
644 1835 688 1882 vita
698 1834 783 1881 locavit.
792 1831 849 1879 Ter-

65 1908 118 1966 tiam
132 1927 183 1957 vero
197 1928 243 1955 esse
257 1907 369 1956 constituit
391 1906 413 1955 in
436 1907 517 1956 ratione
540 1906 648 1957 diserendi
670 1904 847 1964 diiudicandique

66 1983 120 2041 quid
134 2001 209 2031 verum
223 1978 257 2036 sit,
272 1982 326 2040 quid
339 1980 425 2036 falsum,
440 1982 494 2040 quid
508 1995 598 2037 rectum,
613 1981 667 2041 quid
677 1993 778 2040 pravum,
793 1978 847 2038 quid

26 2055 53 2103 25
68 2055 194 2108 consentiat,
206 2054 260 2112 quid
271 2067 383 2113 repugnet.
395 2054 513 2104 Posuerant
524 2056 582 2104 enim
593 2054 652 2103 illam
663 2053 786 2102 Socrateam
796 2072 849 2100 con·

66 2128 204 2178 suetudinem
219 2126 273 2174 nihil
288 2126 408 2175 affirmandi
423 2147 448 2175 ac
462 2127 576 2176 dubitandi
591 2126 619 2175 de
633 2126 734 2175 omnibus
749 2126 813 2174 rebus
828 2137 850 2172 et

66 2220 145 2249 novam
159 2193 268 2257 quandam
281 2210 350 2245 artem
363 2198 492 2247 induxerant
505 2198 624 2248 iudicandi.

27 2335 28 2338 Ἴ
111 2272 176 2320 llunc
191 2270 317 2327 magistrum
328 2271 396 2319 secuti
408 2283 459 2319 sunt
471 2271 594 2331 philosophi
606 2271 649 2326 alii,
662 2271 707 2331 qui,
720 2271 759 2319 etsi
772 2269 849 2319 Socra·

67 2348 121 2393 ticos
133 2365 156 2392 se
167 2363 212 2391 esse
224 2342 378 2391 arbitrarentur
388 2363 413 2390 ac
425 2336 467 2391 dici
476 2344 555 2392 vellent
562 2346 708 2401 virtutemque
716 2362 783 2401 quam
790 2361 850 2388 max·

27 2416 55 2465 30
70 2418 113 2466 ime
120 2413 292 2474 comprobarent,
300 2412 381 2472 ingenii
391 2426 464 2463 tamen
475 2411 592 2464 subtilitate
603 2414 698 2473 quadam
707 2414 764 2463 varie
775 2413 850 2471 dispu-

67 2491 142 2539 tabant
154 2508 221 2546 acque
233 2487 309 2535 eadem
321 2488 344 2536 in
356 2507 379 2536 re
391 2487 478 2536 differre
490 2488 630 2547 opinionibus
642 2488 778 2537 videbantur.
791 2486 850 2535 l'linc

68 2565 127 2611 enim
140 2559 271 2612 Academici,
284 2559 335 2606 hinc
348 2560 422 2613 Stoici,
436 2559 486 2607 hinc
499 2561 537 2617 qui
549 2559 661 2608 summurn
673 2560 757 2607 bonum
768 2578 815 2607 esse
827 2560 850 2607 in

68 2636 178 2694 voluptate
195 2643 295 2691 putarent
312 2631 420 2690 Epicurei,
438 2632 489 2681 hinc
505 2631 682 2692 Peripatetici'ac
699 2644 769 2681 sectae
785 2631 850 2681 huius

42 2739 56 2744 κ
69 2711 169 2768 princeps
183 2703 315 2759 Aristoteles,
333 2705 371 2763 qui
388 2704 511 2754 universam
527 2705 688 2764 philosophiam
705 2704 800 2763 (auditor
816 2704 852 2753 hic

29 2781 55 2831 35
71 2782 165 2831 Platonis
179 2791 200 2827 et
215 2777 286 2835 magni
304 2776 421 2826 Alexandri
440 2779 540 2836 magister
559 2777 610 2836 tuit)
628 2779 657 2827 ita
676 2779 801 2838 complexus
819 2791 852 2826 est

29 2895 170 2904 Μ’...-

67 2965 99 3009 33.
114 2963 144 3009 Ex
159 2959 263 3015 peripateci
277 2977 326 3003 corr.
