2093 3253
220 233 351 265 scnrrrorruu
365 210 490 265 nuusrnrun
503 243 517 248 e
531 232 590 263 usur
604 230 637 261 xv.
784 214 838 261 -er5

49 348 167 397 'decretum
181 358 227 396 esse
240 368 286 401 nec,
298 347 317 394 si
330 349 450 405 nogaretum
464 346 510 395 lore
518 358 637 411 propterea
650 344 710 404 quod
723 342 785 392 illum
797 365 841 392 non

55 420 175 468 restitueret
185 419 300 473 Antonius,
312 419 373 478 quod
383 418 471 467 haberet
482 418 540 466 hunc
550 416 639 465 fallendi
651 435 741 470 morem,
752 428 776 464 ut
786 435 841 473 quae

55 492 129 541 haberi
143 504 188 541 rata
202 490 273 549 vellet}
286 511 311 540 ea
323 490 414 551 lingeret
427 491 449 540 in
462 491 514 540 actis
528 489 626 540 Caesaris
639 489 752 539 contineri.

99 567 201 614 Asturam
216 565 310 630 denique
323 565 383 613 venit
397 564 481 613 Cicero.
496 564 560 612 Cives
574 564 604 612 ibi
620 553 729 612 Romarios
743 560 848 620 complu?

29 640 42 688 5
58 657 91 686 res
106 629 238 696 eosdemque
252 636 365 695 primarios
379 657 404 684 ac
418 635 512 685 illustres
526 636 583 684 viros
597 635 636 684 sed
650 629 779 684 nominatim
794 634 842 683 Bal-

49 710 110 760 ssbum
121 723 142 758 et
153 710 278 769 Philippum
289 723 317 765 et,
329 710 367 768 qui
378 718 439 759 e'rant
450 711 500 764 iam,
512 722 537 758 ut
548 709 599 764 dixi,
614 708 713 758 consules
730 708 842 766 designati,

57 784 157 833 Hircium
172 797 193 832 et
207 783 299 832 Pansam
313 782 411 831 offendit.
426 781 486 832 Tum
497 802 585 841 quoque
595 776 721 847 supervenit
732 781 842 830 Octavius.

59 855 80 905 ls
95 870 128 905 est
141 855 177 905 ille
191 876 257 916 quem
272 868 353 915 postea,
369 876 420 904 cum
435 874 508 904 rerum
523 855 629 912 potiretur
640 847 731 909 summa,
743 854 843 904 Octaviae

59 938 113 977 num
131 928 256 986 Augustum
275 947 315 986 pro
338 927 449 976 excellenti
470 927 559 975 honoris
580 927 730 983 magnitudine
750 926 844 984 appella-

20 1003 45 1052 l0
60 1013 118 1050 runt.
133 1000 221 1058 luvenis
237 1012 285 1049 tum
299 1013 346 1065 ‘erat
361 1001 401 1049 iste
417 1019 486 1049 annos
501 999 570 1048 ferme
586 995 629 1047 XX
645 995 715 1048 natus.
729 999 844 1048 Caeterum

59 1093 126 1131 nepos
141 1093 167 1123 ex
182 1072 224 1121 lilia
242 1072 298 1122 {iliae
316 1073 394 1122 sororis
414 1073 511 1121 Caesaris
530 1085 593 1138 natus
608 1073 767 1139 adoptatusque
782 1073 846 1121 abeo

59 1145 116 1194 filius
130 1161 154 1193 ac
169 1146 230 1194 heres
249 1145 271 1194 in
289 1142 418 1194 testamento
436 1146 537 1203 scriptus,
557 1157 647 1208 repente
665 1149 716 1193 cum
730 1146 846 1193 'mortuum

58 1218 140 1268 audivit
156 1216 295 1285 avunculum,
312 1231 337 1267 ut
354 1218 447 1267 Romam
463 1231 601 1277 properaret.
614 1211 653 1277 sp‘e
670 1237 737 1278 quam
754 1216 846 1266 maxima

59 1291 136 1350 plenus
151 1304 172 1339 et
187 1291 280 1340 habendi
292 1292 376 1349 imperii
388 1304 409 1340 et
420 1291 545 1340 vindicandi
556 1311 634 1339 necem
645 1291 743 1339 Caesaris
754 1312 767 1338 e
778 1290 846 1340 Grae-

22 1366 46 1414 15
61 1366 94 1414 cia
108 1365 131 1413 in
148 1364 231 1413 ltaliam
247 1365 362 1423 navigarat.
381 1365 474 1413 Litteris
486 1365 545 1413 enim
562 1358 691 1422 Apolloniae
708 1377 756 1412 tum
773 1364 847 1412 stude-

62 1437 99 1485 bat
114 1436 225 1485 Octavius.
289 1454 291 1457 ’
528 1434 530 1437 ’
560 1440 562 1445 ’
588 1444 590 1447 ⁴

103 1510 183 1557 Astura
196 1522 269 1558 autem
283 1510 311 1558 ab
320 1510 353 1557 his
362 1510 400 1569 qui
408 1523 469 1558 erant
478 1511 508 1558 ibi
517 1503 610 1558 Romani
619 1510 676 1558 cives
686 1509 767 1570 liberali
776 1509 848 1557 fronte

62 1583 101 1631 sed
114 1582 187 1630 animo
198 1582 367 1642 haudquaquam
376 1582 435 1651 bono
446 1595 549 1641 exceptus
560 1596 599 1631 est.
613 1577 641 1629 ld
650 1580 737 1640 nanque
747 1581 847 1630 Ciceroni

61 1674 86 1703 ac
100 1655 189 1702 caeteris
199 1654 237 1712 qui
248 1654 385 1712 adessentac
397 1654 498 1713 Philippo
511 1655 647 1709 nominatim,
659 1653 697 1712 qui
707 1653 791 1708 liciam,
803 1674 848 1702 ma-

22 1729 50 1776 20
64 1740 120 1776 trem
135 1727 187 1781 eius,
205 1740 294 1776 uxorem
310 1726 404 1782 haberet,
426 1726 537 1786 displicuit
558 1721 652 1776 maxime
667 1727 773 1775 adventus
789 1747 847 1782 suus,

62 1813 111 1849 tum
125 1801 185 1859 quod
199 1800 297 1848 viderent
306 1801 378 1858 ipsum
387 1801 452 1848 minis
460 1800 551 1858 plenum
560 1820 613 1853 esse,
623 1813 673 1849 tum
680 1800 742 1864 quod
749 1800 849 1850 audirent

63 1871 126 1921 illum
139 1891 152 1919 a
167 1872 211 1921 suis
226 1871 322 1921 Caesaris
331 1873 419 1921 nomine
425 1872 522 1921 salutari.
532 1873 579 1922 Nec
588 1871 706 1921 deluerunt
715 1872 753 1931 qui
762 1893 813 1933 eum
821 1873 850 1921 ob

63 1946 88 1999 id
114 1946 187 2003 ipsum
200 1945 297 1994 occidere
310 1940 435 2003 cogitarent
450 1944 567 1994 Enimuero
581 1945 660 2009 Cicero
674 1959 696 1995 et
709 1947 753 2004 qui
761 1947 850 1995 aderant

64 2017 226 2074 prudentissimi
245 2036 319 2064 secum
337 2018 377 2064 viri
396 2016 501 2075 quorsum
521 2018 573 2065 haec
591 2018 707 2065 tenderent
726 2018 850 2076 diligentius

24 2088 51 2136 25
67 2087 200 2137 revolventes
209 2084 360 2148 'percipiebant
372 2087 472 2138 {uturum
484 2088 545 2148 quod
558 2089 640 2138 Romae
652 2102 772 2139 cumesset
785 2089 851 2139 Octa·

65 2162 120 2216 vius,
135 2180 182 2210 rem
196 2161 306 2220 publicam
321 2163 462 2221 perturbaret,
479 2163 641 2215 necoccisores
658 2164 724 2212 modo
741 2176 796 2212 esset
812 2165 850 2212 sed

67 2247 174 2294 quotquot
182 2235 242 2283 letari
250 2235 350 2284 avunculi
363 2256 416 2284 nece
423 2236 514 2290 audiret,
526 2256 562 2284 eos
573 2237 596 2284 in
608 2235 704 2284 hostium
715 2255 805 2286 numero
814 2236 851 2285 ba·

67 2307 159 2355 biturus.
175 2306 233 2354 Hinc
248 2308 307 2355 enim
322 2307 456 2361 Ciceronem,
468 2307 529 2366 quod
540 2307 636 2356 Caesaris
646 2321 718 2356 'morte
728 2308 821 2357 leticiam
831 2323 852 2357 et

68 2400 168 2438 magnam
182 2379 275 2429 leticiam
290 2380 424 2436 ostendisset,
446 2401 523 2439 magna
542 2379 642 2430 dubietas
663 2394 684 2430 et
699 2401 750 2431 cura
766 2382 852 2431 incessit

27 2451 55 2498 30
70 2453 176 2512 quidnam
190 2454 231 2502 sibi
245 2452 370 2502 laciendum
384 2454 446 2509 foret,
463 2455 488 2508 si,
499 2453 635 2513 utluturum
645 2455 785 2509 coniectabat,
798 2455 853 2504 bella

68 2525 108 2572 iste
123 2526 193 2573 civilia
204 2526 311 2574 excitaret.
323 2526 430 2574 Omnium
440 2532 492 2574 irero
503 2527 637 2574 tutissimum
648 2527 696 2574 lore
707 2528 791 2584 putavit
802 2546 852 2584 pro·

68 2596 135 2646 ficisci
145 2598 173 2647 ad
183 2597 252 2647 filium
263 2611 284 2647 et
294 2618 306 2647 a
316 2597 374 2648 bello
382 2618 448 2658 quam
458 2597 528 2658 longe,
540 2599 557 2647 si
568 2611 648 2658 posset,
660 2598 741 2654 abesse;
753 2599 786 2648 sin
797 2598 854 2648 bello

69 2670 237 2719 immiscendum
251 2671 292 2719 sibi
306 2684 362 2720 esset
372 2671 468 2725 omnino,
478 2684 527 2720 tum
536 2691 559 2719 se
567 2671 674 2720 ard-castra
683 2683 720 2720 aut
730 2671 780 2720 Sex.
790 2672 855 2720 Pom·

69 2851 89 2895 4.
103 2850 180 2908 C(ives)
194 2857 208 2895 ι’.
224 2870 245 2903 r.;
261 2870 283 2897 cx
295 2850 326 2895 lbi
339 2857 406 2896 statim
419 2869 468 2895 corr.
526 2849 556 2896 15.
571 2851 672 2905 (Litterlis
687 2858 700 2895 i.
715 2869 738 2902 r.;
754 2861 796 2896 erat
811 2851 853 2896 Lit-

29 2922 92 2963 teras?
152 2917 181 2963 19.
191 2917 317 2974 (P)hili(ppo)
327 2925 340 2964 i.
351 2938 366 2963 r.
421 2918 454 2964 24.
468 2936 537 2963 secum
552 2925 566 2964 ι’.
582 2936 598 2962 ν.
653 2920 686 2964 25.
700 2918 795 2965 Octavius
809 2938 856 2965 sscr.

30 2977 63 3025 32.
77 2984 121 3030 sii.
136 3003 158 3035 r.;
173 2994 214 3029 erat
228 2985 260 3029 ab.
