2093 3253
161 193 188 237 62
460 206 553 238 sicconis
567 205 684 237 rouamom

204 343 289 383 semper
299 324 364 378 docti,
375 342 452 382 genera
463 322 549 371 dicendi
559 342 605 370 esse
615 322 655 370 tria
665 321 727 377 dixit,
737 320 798 379 quod
807 341 853 370 esse
863 322 886 370 in
896 321 990 370 dicendo

205 398 294 455 quidam
308 398 393 450 uberes,
413 396 479 453 aliqui
498 395 624 449 mediocres,
643 394 742 442 nonnulli
761 393 849 451 graciles
868 394 989 443 videantur.
1037 439 1047 464 ἱ

203 468 307 517 Terentio
322 469 412 529 quidem
426 468 473 526 ipse
487 467 665 521 mediocritatem,
681 466 773 516 Lucillio
787 466 934 524 gracilitatem,
948 465 989 513 Pa·

204 543 267 591 cuvio
281 541 403 591 ubertatem
417 540 522 589 attribuit.

177 615 190 665 5
248 614 298 663 Fuit
313 613 417 664 Lucillius
432 614 496 672 satyri
511 615 574 662 metri
586 614 686 672 princeps
697 626 826 672 tantumque
837 614 916 671 gratiae
932 612 991 673 apud

156 715 158 719 ¹
205 688 311 747 quosdam
321 701 387 747 atque
397 688 478 746 peritos
489 686 526 735 illo
536 687 559 735 in
569 698 647 744 genere
661 686 737 735 habuit
752 687 813 745 quod
823 686 991 745 praeterendum

205 761 278 818 ipsum
292 760 380 809 caeteris
395 759 522 810 iudicarent.
534 758 609 809 Annos
625 772 674 817 post
685 757 815 809 Terentium
827 772 938 808 mortuum
949 760 990 808 iste
1039 753 1047 823 {3

205 833 234 881 ad
247 833 290 882 XV
303 847 366 882 natus
380 846 420 882 est.

246 907 351 954 Pacuvius
367 924 425 960 vero,
441 905 505 953 Ennii
520 918 596 963 poetae
610 925 636 953 ex
655 905 699 953 filia
714 926 788 963 nepos,
805 905 922 953 Brundusii
939 925 988 953 nasu
1043 910 1047 959 ‘J

167 979 193 1027 10
208 979 270 1026 citur.
290 978 383 1036 Tragico
402 990 475 1025 autem
493 978 515 1024 in
534 996 611 1035 genere
629 989 724 1025 versatus
743 977 795 1025 vixit
813 977 890 1035 perdiu
902 977 990 1032 Romae,
1044 1010 1047 1012 -

206 1051 244 1099 sed
258 1049 348 1099 Tarenti
363 1049 519 1107 nonagenarius
532 1050 620 1098 tandem
633 1049 703 1109 exegit
716 1049 781 1099 diem.
797 1050 882 1098 Fecisse
895 1050 936 1099 hoc
949 1050 989 1099 sibi

206 1126 338 1183 epigramma
353 1123 467 1182 sepulchro
482 1123 623 1172 incidendum
640 1121 716 1172 fertur:
732 1123 891 1179 «Adolescens.
905 1124 990 1173 tametsi
1042 1118 1045 1157 ἶ

206 1216 315 1256 properas,
331 1198 372 1245 hoe
387 1217 463 1245 saxum
472 1209 494 1244 te
504 1209 565 1253 rogat
574 1208 599 1244 ut
609 1215 632 1243 se
641 1197 738 1253 aspicias,
749 1196 827 1244 deiude
837 1196 897 1254 quod
907 1197 991 1244 dictum
1044 1192 1046 1195 i

206 1283 238 1318 est
252 1270 317 1328 legas.
332 1270 375 1318 Hic
385 1282 436 1317 sunt
447 1281 522 1327 poetae
532 1268 619 1317 Pacuvii
631 1268 697 1316 Marti
708 1269 748 1316 sita
758 1289 813 1317 ossa.
824 1268 873 1317 Hoc
883 1268 990 1327 volebam,

159 1343 193 1393 15
209 1342 293 1393 nescius
309 1364 336 1393 ne
351 1363 415 1393 esses.
430 1341 489 1392 Vale.
500 1359 508 1384 1

249 1417 329 1466 Senem
343 1417 402 1464 hunc
420 1417 503 1464 iuvenis
521 1416 576 1463 vidit
594 1416 620 1463 L.
635 1415 721 1470 Accius,
741 1429 804 1474 poeta
822 1416 904 1474 quippe
921 1436 946 1464 ac
964 1416 990 1463 il·
1045 1413 1046 1416 ¹

206 1490 279 1537 lustris
289 1503 353 1548 poeta
362 1490 463 1547 tragicus.
478 1489 571 1538 Pacuvio
581 1501 661 1543 autem,
673 1488 710 1548 qui
721 1489 853 1547 tragoediam
863 1508 925 1537 suam
935 1509 991 1549 quae

206 1563 284 1611 Atreus
299 1562 423 1612 inscribitur
440 1561 540 1620 frigidius
557 1563 659 1617 laudaret,
678 1564 738 1620 quod
754 1563 820 1611 verba
836 1582 882 1610 esse
899 1563 953 1610 dura
970 1576 991 1610 et

207 1634 283 1683 acerba
301 1636 393 1683 nimium
408 1634 539 1689 viderentur,
558 1634 691 1693 respondens
706 1635 752 1683 «ita
770 1648 809 1690 est,
819 1652 828 1675 r
846 1635 924 1692 inquit,
944 1652 952 1675 t(
961 1636 991 1683 mi

166 1710 195 1757 20
209 1708 295 1757 Pacuvi.
311 1708 355 1757 Sed
371 1707 458 1756 meliora
474 1726 537 1765 spero
552 1706 625 1755 lutura
641 1706 687 1755 lore
702 1727 758 1765 quae
773 1707 875 1765 deinceps
890 1707 991 1763 scribam,

208 1780 268 1838 quod
282 1781 367 1838 ingenia
375 1779 441 1828 veluti
451 1800 516 1838 poma
525 1781 621 1838 primum
630 1781 704 1835 cruda,
714 1793 788 1839 postea
797 1781 857 1828 mitia
865 1800 890 1828 ac
898 1780 992 1828 iocunda

207 1854 267 1902 liant.
278 1870 286 1894 >t
302 1852 362 1902 Haec
376 1852 465 1901 Tarenti
479 1873 531 1902 cum
544 1853 600 1902 istuc
615 1852 720 1913 Pacuvius
735 1854 795 1902 senio
808 1874 833 1902 ac
848 1854 925 1903 morbo
938 1875 991 1903 con-

207 1927 276 1975 lectus
287 1948 314 1974 ex
324 1928 378 1974 urbe
389 1927 458 1973 Roma
468 1928 547 1984 quietis
558 1947 628 1981 causa,
639 1926 718 1975 Accius
728 1946 779 1975 vero
790 1927 873 1975 iuvenis
884 1928 906 1974 in
916 1927 992 1974 Asiam

208 1999 345 2057 proficiscens
360 1998 416 2047 lorte
425 2019 469 2046 uno
477 2011 576 2057 ternpore
584 2000 768 2058 commigrassent.
784 1997 862 2058 Neque
871 2018 922 2049 vero
930 1999 992 2049 aliter

166 2074 194 2123 25
210 2085 299 2122 eventus
314 2072 381 2122 dedit.
397 2072 475 2121 Studio
490 2072 578 2131 quidem
593 2093 617 2121 ac
631 2085 700 2121 aetate
715 2073 818 2122 maturior
832 2073 908 2122 dietim
922 2071 992 2122 lactus

208 2146 331 2194 emendavit
346 2166 368 2193 se
382 2146 461 2194 Accius
474 2158 540 2203 atque
554 2167 579 2193 eo
593 2147 691 2203 pervenit
705 2147 765 2204 quod
778 2147 898 2204 peritorum
911 2147 992 2194 iudicio

207 2218 249 2277 ipsi
263 2218 328 2281 etiam
343 2217 442 2274 Pacuvio,
460 2219 499 2277 qni
516 2238 542 2267 eo
558 2219 581 2267 in
598 2236 676 2276 genere
692 2218 806 2275 floruisset,
823 2238 870 2268 esse
886 2238 993 2279 parcum

208 2291 310 2350 gravitate
325 2292 481 2340 sententiarum
495 2305 543 2340 tum
563 2292 679 2340 verborum
693 2292 790 2351 pondere
810 2313 834 2340 ac
850 2311 992 2351 personarum

207 2365 333 2420 auctoritate
348 2364 465 2413 videretur.
481 2364 578 2413 Fuerunt
594 2366 659 2412 etiam
675 2365 713 2423 qui
729 2364 770 2413 sibi
786 2365 835 2423 plus
851 2366 930 2412 virium
940 2385 993 2413 esse

166 2439 195 2486 30
210 2449 317 2496 putarent.
332 2437 406 2487 Animi
425 2449 498 2486 autem
517 2448 593 2497 poetae
612 2436 663 2485 huic
682 2449 768 2486 tantum
786 2435 853 2487 luisse
873 2452 993 2487 memorant

209 2511 298 2571 quidam
313 2512 373 2570 quod
390 2510 444 2559 lulio
467 2511 552 2560 Caesari
574 2511 669 2559 venienti
691 2511 719 2559 ad
741 2511 858 2559 concilium
880 2524 993 2570 poetarum

209 2605 253 2633 non
267 2586 372 2633 assurexit
386 2584 501 2643 effecitque
526 2583 734 2633 commonefactione
758 2605 797 2633 sua
821 2605 849 2632 ne
873 2598 993 2642 assurgeret

209 2658 333 2714 quisquam.
350 2657 424 2715 lnquit
438 2657 497 2703 enim
511 2656 632 2710 Caesarem,
647 2658 686 2704 etsi
701 2657 793 2705 dictator
807 2669 863 2705 esset
877 2675 993 2715 rerumque

209 2749 317 2778 summam
331 2730 400 2779 victor
410 2728 518 2779 bellorum
528 2729 625 2787 civilium
636 2729 751 2786 obtineret,
763 2750 789 2780 eo
799 2743 872 2780 tamen
882 2731 905 2780 in
917 2730 993 2781 ordine

168 2803 196 2853 35
211 2804 234 2852 in
249 2824 294 2863 quo
307 2803 397 2859 litterae,
419 2824 463 2852 non
484 2797 659 2852 armavalerent
679 2804 733 2853 nulli
753 2803 919 2862 adaequandum
940 2824 994 2853 esse.

204 2993 229 3033 12.
243 2994 302 3034 Pacui.
315 2994 359 3039 apud
371 2993 414 3033 Gell.
429 2992 442 3032 l.
455 2994 483 3032 24.
497 2994 514 3031 4.
565 2994 591 3032 19.
603 2994 653 3038 Apud
666 2993 709 3032 Getl.
722 2993 771 3034 Xlll.
784 2994 801 3034 2.
814 2996 831 3034 4.
