2093 3253
131 180 168 228 166
427 195 522 227 siccoms
537 195 655 227 aoirnrom

173 310 286 366 lohannes,
301 311 338 370 qui
352 330 403 359 sene
417 322 476 368 patre
490 311 522 359 vir
535 322 591 359 esset
605 323 701 360 maturus
715 330 740 359 ac
754 327 800 360 rem
814 310 967 367 domesticam¹

171 383 305 440 gubernaret.

215 457 336 507 Pubescens
351 475 401 505 vero
417 457 530 515 poetisque
545 476 570 505 ac
584 456 719 515 eloquentiae
734 456 823 506 studens
838 456 953 508 audiebam

174 530 293 579 Iohannem
308 531 461 583 Ravennatem,
477 529 564 579 Cursini
579 530 712 587 grammatici
726 530 804 578 filium.
819 528 869 578 Erat
884 529 954 581 hicet

145 603 158 651 5
174 603 314 650 sanctimonia
326 620 412 650 morum
424 613 446 649 et
458 601 490 649 bis
503 602 578 650 litteris
591 621 646 660 quae
657 603 686 650 ad
697 602 768 650 studia
781 601 919 651 humanitatis
930 624 955 653 ac

172 676 307 735 eloquentiae
315 675 424 735 pertinent
432 676 531 724 omnium
539 675 577 734 qui
586 695 611 723 ea
619 675 723 724 memoria
731 676 754 724 in
763 689 818 724 terra
829 674 889 724 ltalia
897 677 955 725 vive-

174 762 221 797 rent
236 750 354 807 peritorum
374 748 479 797 sententia
500 749 607 806 princeps.
627 748 705 797 Positis
725 749 791 806 igitur
809 749 874 797 armis
895 762 955 807 pater

173 843 224 869 cum
239 822 302 878 longa
314 834 400 869 coactus
411 834 480 869 aetate
492 821 618 879 quiesceret,
631 821 687 870 hanc
699 820 740 869 sibi
750 821 822 878 legem
834 821 954 878 induxerat,

173 895 233 951 quod
247 915 286 942 sua
300 914 340 952 pro
355 893 496 943 delectatione
504 914 529 942 ac
537 893 632 942 filiorum
640 894 777 943 erudimento
787 907 881 943 narraret
889 894 955 945 intera

135 967 160 1017 10
174 967 228 1016 dum
238 988 263 1015 ac
273 988 336 1027 saepe
348 967 465 1026 quicquam
475 986 551 1016 eorum
561 986 616 1026 quae
626 966 654 1015 ab
665 987 691 1016 eo
702 979 739 1015 aut
750 966 795 1015 visa
805 979 842 1015 aut
853 979 912 1026 gesta
923 971 956 1016 es-

173 1054 228 1089 sent.
243 1039 280 1089 Sic
295 1041 354 1089 enim
369 1040 474 1095 animum,
490 1060 541 1088 cum
556 1060 600 1089 non
616 1052 689 1098 posset
705 1059 791 1098 corpus,
807 1039 954 1090 recordatione

175 1112 247 1162 rerum
261 1132 415 1173 saepenumero
427 1112 546 1161 exercebat.
559 1113 638 1172 Neque
650 1132 701 1162 vero
713 1112 751 1161 filii
765 1112 830 1161 modo
843 1112 881 1161 sed
892 1114 955 1162 amici

174 1206 199 1232 ac
213 1186 271 1233 docti
287 1186 352 1234 etiam
366 1185 405 1233 viri
420 1185 492 1233 studio
501 1185 604 1234 audiendi
614 1185 660 1234 eius
670 1205 696 1233 ex
706 1185 782 1233 ordine
792 1184 955 1235 conveniebant.

175 1258 246 1306 Multa
257 1259 346 1315 quidem
356 1277 394 1314 per
405 1278 492 1306 omnem
505 1257 588 1305 ltaliam
598 1258 688 1312 viderat;
699 1258 767 1306 multa
777 1257 883 1305 narrabat.
894 1255 954 1307 Deus
1023 1252 1033 1321 ¹-

136 1331 161 1380 l5
177 1330 240 1385 bone,
251 1343 381 1389 quaegesta,
393 1350 447 1389 quos
457 1331 530 1385 duces,
541 1351 596 1389 quae
606 1329 662 1380 bella
672 1329 813 1380 memorabat!
826 1330 858 1380 lta
868 1328 957 1389 quidem

178 1404 289 1453 enarrabat
302 1406 348 1463 ipse
358 1417 382 1452 ut
393 1404 430 1462 qui
441 1403 540 1453 adessent
550 1425 594 1453 non
605 1404 679 1453 audire
690 1403 728 1453 sed
736 1403 809 1453 videre
818 1417 884 1463 atque
894 1402 954 1453 lactis

179 1498 233 1535 quae
248 1477 328 1525 diceret
340 1497 363 1524 se
376 1478 477 1524 interesse
490 1489 597 1535 putarent.
610 1476 692 1525 Videor
704 1477 807 1535 equidem
819 1478 956 1535 impresentia

177 1548 956 1617 videresedentemipsumatque,utsolebat‚narrantemaudire.Admiu
1023 1545 1031 1570 '³

177 1623 277 1672 rabamur
291 1623 385 1672 hominis
404 1623 501 1681 longaevi
520 1624 647 1672 memoriam
665 1624 777 1681 integram,
796 1624 892 1672 vivacem
909 1624 955 1672 ani·

137 1697 165 1745 20
180 1716 241 1745 mum
255 1709 276 1745 et
291 1697 386 1754 linguam
404 1695 462 1745 nulla
476 1708 536 1754 parte
550 1695 666 1745 labentem.
686 1694 864 1755 Octuagesimum
883 1694 958 1754 agebat

178 1790 261 1818 annum
276 1790 327 1818 curn
342 1769 385 1817 vita
401 1767 516 1817 deiunctus
532 1782 571 1817 est.
587 1769 755 1817 Admirabamur
772 1769 891 1817 inauditam
906 1768 957 1816 belli
1022 1769 1030 1816 l

178 1843 266 1899 gerendi
279 1856 353 1896 artem,
367 1861 444 1899 magna
459 1841 560 1900 pericula,
576 1842 701 1890 durissimas
717 1861 808 1899 pugnas,
822 1841 958 1890 incredibiles
1022 1830 1030 1897 ἶζ

178 1916 261 1970 caedes,
276 1915 394 1974 insperatos
410 1927 506 1969 eventus,
523 1934 585 1972 quae,
601 1914 619 1961 si
630 1927 708 1968 essent,
720 1915 752 1963 uti
764 1926 834 1963 vetera
845 1926 903 1969 sunt,
915 1913 959 1963 ullo

179 2008 290 2047 quoquam
305 1988 368 2037 docto
383 2008 395 2036 a
410 1986 513 2045 scriptore
527 1986 602 2036 litteris
617 1987 774 2043 commendata,
789 1999 895 2046 quantum
911 1988 958 2045 opi*

137 2062 164 2111 25
180 2062 244 2110 nione
258 2080 359 2120 auguror,
372 2074 428 2108 certe
441 2081 485 2109 non
497 2061 580 2109 minora
592 2061 633 2108 illis
645 2060 753 2110 veteribus
765 2061 896 2114 viderentur;
909 2080 960 2108 nam

178 2136 217 2183 etsi
232 2134 322 2183 fortasse
329 2134 359 2182 illi
366 2134 438 2193 copias
446 2135 536 2182 maiores
543 2134 653 2189 haberent,
662 2145 709 2182 raro
716 2146 789 2183 tamen
797 2134 871 2182 maiori
878 2134 959 2186 animo,

178 2207 269 2266 graviori
279 2206 376 2261 consilio,
386 2206 483 2255 astutiori
493 2220 537 2255 arte
546 2205 622 2256 bellica
631 2219 751 2259 uterentur.
829 2201 831 2205 λ
918 2204 919 2209 “

219 2280 298 2343 Neque
310 2298 361 2328 vero
373 2300 419 2327 esse
432 2277 549 2337 quicquam
561 2280 660 2328 existimo
672 2300 721 2337 quo*
729 2279 831 2337 praeferri
843 2275 889 2328 iure
902 2280 960 2327 bono

177 2353 294 2411 antiquitas
307 2353 400 2409 tempori
413 2364 487 2400 nostro
499 2353 567 2410 possit
580 2353 602 2400 ni
616 2352 675 2410 quod
688 2372 735 2400 eam
748 2351 856 2400 scribendi
869 2349 960 2409 diligen·
1023 2367 1027 2403 ζ

136 2427 165 2476 30
179 2426 231 2475 tiam
240 2446 283 2486 qua
291 2439 342 2475 sunt
351 2423 381 2473 illi
390 2445 456 2484 quam
465 2424 558 2495 maxime
567 2424 665 2474 illustrati
674 2439 731 2475 aetas
740 2423 846 2485 quaedam
855 2424 960 2484 posterior
1024 2427 1039 2470 J

177 2512 243 2563 atque
254 2513 327 2548 nostra
339 2497 391 2547 haec
402 2499 442 2547 ista
454 2497 581 2557 nescioquo
593 2498 657 2547 ducta
669 2498 759 2547 consilio
771 2512 792 2547 et
803 2510 928 2557 aspernetur
939 2508 960 2544 et

180 2572 279 2631 negligat.
297 2571 354 2621 lllud
362 2585 435 2619 autem
444 2570 526 2619 lactum
535 2591 581 2619 esse
591 2584 682 2626 constat,
693 2572 753 2629 quod
761 2571 961 2630 antiquissimarum

179 2665 258 2708 rerum,
275 2645 335 2704 quod
351 2644 467 2694 illustrium
483 2645 607 2704 principum
623 2664 648 2694 ac
664 2645 785 2704 priscorum
801 2650 883 2703 regum,
900 2641 960 2702 quod

177 2720 298 2777 primorum
308 2730 402 2778 patrum,
413 2719 473 2776 quod
483 2718 559 2767 mundi
570 2718 666 2776 originis,
678 2718 738 2776 quod
746 2718 857 2767 vetustatis
866 2716 960 2775 denique

134 2792 162 2841 35
177 2792 248 2840 omnis
269 2790 395 2841 memoriam
414 2790 515 2848 scriptam
534 2792 620 2850 copiose
639 2811 663 2839 ac
682 2791 816 2840 ornatissime
836 2790 960 2841 habeamus

176 2974 206 3019 l4.
220 2974 296 3018 Deus...
311 2985 364 3029 gesta
378 2981 391 3018 i.
406 2991 422 3017 r.
477 2971 510 3018 32.
525 2973 724 3027 antiquissim(arum)
740 2979 753 3017 i.
768 2991 784 3015 r.
