2093 3253
170 188 206 232 188
470 198 562 230 sicconis
576 198 692 229 rotumam

210 313 335 362 deveniret>
350 311 428 371 Neque
440 331 491 361 vero
503 312 555 361 urbs
568 311 610 366 illa,
624 332 679 370 quae
691 325 752 361 tanto
764 325 846 367 senatu,
859 325 918 362 tanta
930 317 992 366 nobi·

210 386 276 441 litate,
291 398 349 434 tanta
364 384 468 444 sapientia
477 384 631 444 resplenderet,
641 404 685 444 quo
694 384 799 434 ceciderat
809 385 905 444 primum
914 386 936 436 in
946 387 992 441 loco

210 460 275 515 stetit,
296 459 334 508 sed
353 458 494 518 pedetentim,
514 458 631 517 aliquando
656 458 792 518 negligentia,
813 478 876 519 saepe
896 463 991 521 avaricia,

210 533 320 580 interdum
340 531 441 589 superbia
461 532 600 590 sequentium
621 531 739 579 Caesarum
758 532 813 580 adeo
834 532 941 582 diminuta
961 550 992 586 est

183 606 195 654 5
211 605 302 663 imperio
316 625 341 653 ac
356 603 437 652 viribus
453 603 561 652 denudata
576 616 601 652 ut
616 624 671 662 quae
686 604 791 662 imperare
806 603 884 652 soleret
899 605 953 661 orbi,
969 629 991 659 ea

210 678 245 726 vix
255 697 310 737 quae
320 678 363 726 sint
373 677 459 735 propria
469 675 529 724 urbis
540 677 624 725 moenia
633 688 726 742 tueatur.
737 676 779 735 Res
789 676 879 735 quidem
889 677 991 730 humanas

211 751 271 805 deus,
290 749 362 809 opilex
380 750 479 798 omnium
496 769 521 797 ac
539 749 676 807 gubernator,
695 750 724 798 ita
742 750 860 805 constituit,
879 749 991 809 ordinavit,

211 824 317 880 disposuit
339 834 363 870 ut
375 823 398 869 in
410 822 472 869 terris
485 822 602 869 habeamus
614 833 745 879 perpetuum
756 822 817 876 nihil,
830 822 869 870 sed
880 823 993 875 volvantur

210 896 283 945 omnia
293 894 387 954 quadam
397 907 451 950 rota,
461 907 526 952 atque
536 893 566 943 ita
577 907 688 943 mutentur
697 907 722 943 ut
732 895 770 953 qui
785 915 808 943 se
823 893 871 943 loco
880 895 924 944 alto
939 900 992 946 emi·

172 968 198 1017 10
213 987 263 1017 nere
272 967 402 1026 stabilesque
411 965 457 1016 fore
466 986 491 1016 ac
500 966 574 1031 firmos
583 979 667 1025 putent,
678 966 707 1022 hi,
718 967 778 1025 quasi
788 987 853 1025 poma
862 987 913 1017 cum
923 982 992 1019 matu-
1041 971 1047 991 ³

211 1041 261 1088 ritas
272 1042 344 1098 exigit,
355 1039 397 1087 alta
408 1060 434 1087 ex
444 1040 520 1088 arbore
530 1043 618 1098 prorsus
630 1052 693 1087 ruant
703 1052 768 1097 atque
779 1052 909 1097 putrescant.
1045 1045 1047 1055 '

253 1112 297 1162 Sed
308 1124 408 1161 nostrum
418 1111 446 1161 ad
457 1111 582 1162 institutum
593 1110 712 1161 veniamus.
727 1110 766 1176 Est
777 1111 866 1171 quidem
877 1111 940 1162 nobis
952 1112 991 1164 hoc
1042 1107 1047 1141 1

211 1186 258 1233 loco
276 1186 445 1244 haudquaquam
461 1185 489 1232 de
506 1185 625 1232 mutatione
641 1196 717 1232 rerum'
731 1185 770 1232 sed
787 1185 814 1233 de
831 1185 864 1233 his
881 1185 993 1236 habendus
1013 1224 1015 1226 -

211 1276 282 1305 sermo
292 1259 337 1316 qui,
347 1269 372 1304 ut
382 1277 445 1314 saepe
461 1257 505 1304 iam
520 1257 621 1311 diximus,
637 1255 730 1304 scribere
746 1256 843 1304 historias
854 1256 952 1305 delectati
967 1278 991 1307 ea

172 1329 197 1378 l5
213 1342 264 1378 sunt
272 1328 400 1378 nominatim
407 1327 499 1387 amplexi
508 1348 563 1387 quae
572 1327 673 1377 Caesares
681 1349 733 1386 pace
742 1327 825 1378 bellove
833 1342 951 1387 gesserunt.

253 1402 339 1451 Horum
358 1415 431 1464 autem
450 1402 472 1449 in
492 1420 583 1450 numero
602 1401 686 1459 primus
705 1398 766 1450 adest
786 1402 938 1451 memorandus
957 1402 996 1453 ille

210 1476 257 1533 ipse
267 1474 293 1523 C.
310 1475 377 1523 lulius
388 1474 466 1522 Caesar
476 1475 514 1533 qui
524 1494 604 1522 nomen
615 1474 751 1528 Caesareum,
762 1474 822 1532 quod
831 1487 887 1523 esset
897 1475 993 1525 Romana

210 1547 233 1595 in
247 1546 301 1596 urbe
310 1545 389 1596 nobilis
398 1543 492 1595 familiae
500 1559 670 1604 cognomentum
675 1559 736 1596 vetus
745 1560 766 1595 et
774 1545 862 1602 clarum,
871 1547 925 1595 adeo
933 1546 993 1596 illus·
1044 1549 1046 1588 ἓ

210 1621 274 1668 travit
292 1640 317 1668 ac
332 1618 383 1668 lecit
392 1620 445 1667 tanti
456 1632 480 1667 ut
490 1619 527 1678 qui
539 1618 620 1668 Romae
630 1632 679 1677 post
689 1639 739 1668 eum
748 1620 887 1684 imperatores
897 1619 992 1677 luerunt,
1044 1631 1046 1659 ἶ

120 1753 121 1756 ¹
169 1693 198 1740 20
214 1693 235 1740 bi
251 1713 359 1741 summam
374 1692 438 1740 huius
454 1692 483 1739 ob
498 1690 645 1740 excellentiam
659 1706 724 1750 atque
739 1691 877 1750 splendorem
892 1692 993 1742 Caesares
1045 1716 1046 1722 ¹

210 1764 352 1823 appellentur.
370 1763 422 1812 Non
439 1765 498 1812 enim
514 1763 596 1812 bellicis
614 1764 679 1813 modo
696 1765 790 1813 victoriis
806 1764 883 1814 claruit
899 1766 939 1814 iste
955 1766 993 1815 sed
1045 1778 1046 1829 J

211 1836 286 1886 litteris
301 1837 366 1886 etiam
380 1837 461 1896 peritus
475 1837 559 1897 egregie
574 1850 688 1896 aratorque
702 1857 800 1886 summus
814 1850 880 1896 atque
894 1838 993 1888 historiae

212 1912 303 1969 scriptor
312 1911 396 1969 elegans
406 1922 427 1958 et
436 1910 568 1959 admirabilis
577 1910 626 1959 luit.
637 1909 700 1970 Hanc
709 1911 799 1969 quidem
807 1910 836 1958 ob
845 1930 892 1959 rem
901 1911 994 1960 multum

211 1994 276 2040 atque
286 1983 380 2031 multum
390 1994 411 2030 et
421 1982 508 2029 honoris
518 1995 540 2030 et
550 1982 629 2039 gloriae
638 1982 720 2031 accedit
730 1983 807 2040 togatis
817 1983 875 2038 viris,
885 1983 946 2042 quod
954 2003 994 2032 suo

170 2055 198 2105 25
214 2056 236 2105 in
251 2055 326 2105 ordine
335 2069 433 2114 togatum
442 2055 534 2105 habeant
544 2055 658 2105 Caesarem
667 2056 729 2105 illum
737 2057 851 2115 presertim
860 2058 897 2116 qui
906 2069 928 2105 et
937 2057 995 2106 orbis

211 2130 312 2187 princeps
330 2129 372 2178 luit
389 2141 411 2177 et
428 2142 518 2178 cunctos
536 2129 643 2178 bellorum
661 2130 727 2178 duces
745 2130 843 2178 maximis
862 2131 955 2179 victoriis
973 2141 993 2178 et

211 2201 278 2259 gloria
287 2202 402 2259 superavit.
417 2200 496 2260 Neque
505 2219 555 2249 vero
564 2202 649 2259 imperii
659 2202 764 2256 maiestas,
774 2214 880 2261 quantum
889 2203 995 2257 existimo,

212 2274 267 2323 laesa
281 2276 329 2329 erit,
344 2275 361 2323 si
376 2273 455 2325 Caesar
468 2274 515 2333 ipse
529 2275 609 2333 peritos
624 2275 689 2323 etiam
702 2276 758 2324 inter
771 2276 828 2324 viros
842 2296 867 2325 ac
881 2277 994 2337 scriptores

211 2346 340 2396 clarissimos
359 2359 492 2396 numeratur.
511 2346 560 2395 Hoc
578 2347 637 2396 enim
655 2346 745 2396 inficiari
761 2343 835 2406 ¹potest
853 2369 925 2403 nemo,
944 2368 994 2397 cum

170 2419 199 2467 30
215 2420 304 2478 gloriam
316 2420 388 2468 bacin
399 2419 447 2468 luce
458 2420 557 2468 mortales
569 2419 627 2468 nulla
638 2437 661 2468 re
672 2421 694 2468 ni
705 2432 742 2468 aut
752 2422 817 2469 armis
828 2432 865 2469 aut
876 2420 951 2469 litteris
961 2440 995 2468 as-

211 2504 337 2550 sequantur,
355 2490 417 2539 illum
435 2511 481 2540 esse
498 2491 620 2550 digniorem
637 2491 708 2547 laude,
726 2491 815 2547 honore,
834 2492 899 2550 gloria
917 2492 955 2555 qui
973 2510 995 2540 re

212 2564 381 2624 haudquaquam
391 2584 434 2612 una
444 2564 510 2612 modo
519 2564 558 2613 sed
567 2576 660 2625 utraque
670 2563 811 2624 resplendeat.
823 2564 898 2625 lpsum
908 2584 995 2625 quoque

211 2637 279 2686 claros
293 2639 349 2686 inter
363 2650 457 2686 oratores
471 2637 548 2686 Cicero
562 2658 648 2687 summa
661 2656 701 2696 pro
715 2638 778 2694 laude
792 2634 954 2688 commemorat.

205 2776 233 2813 33.
246 2775 281 2815 Cic.
295 2778 341 2816 Brut.
355 2775 386 2814 261
402 2776 452 2821 (apud
465 2776 511 2815 Suet.
523 2776 555 2817 Iul.
569 2775 605 2822 55).
630 2810 639 2817 ,,

210 2891 228 2935 9.
242 2890 303 2947 11000)
318 2897 385 2937 statim
399 2880 422 2937 ea
439 2890 510 2946 1111101)
525 2910 573 2937 corr.
631 2893 660 2938 ll.
675 2903 736 2948 atque
750 2900 763 2938 ι’.
779 2912 794 2937 r.
850 2894 882 2939 26.
896 2895 997 2950 (cunlctos

169 2965 182 3002 r'.
198 2977 223 3010 r;;
238 2967 280 3002 erar
294 2970 372 3003 cuntes.
427 2959 459 3003 28.
473 2958 504 3005 Ex
518 2957 557 3002 lesa
572 2977 620 3003 corr.
