2093 3253
159 160 200 205 510
458 170 684 205 siceonrsroaaurour
721 202 723 204 .
764 202 766 205 ,

200 284 364 340 Ebdomadibus
378 303 443 338 unus,
454 283 489 332 An
499 282 561 332 Pater
572 295 593 332 et
604 282 671 331 Filius
682 295 703 330 et
714 282 808 341 Spiritus
819 283 911 331 Sanctus
922 283 985 332 Prae·

202 357 301 406 dicentur
315 357 343 406 de
357 356 498 405 Divinatione
512 375 577 405 unus.

182 478 184 482 ,
242 429 302 479 Haec
317 442 367 479 sunt
383 449 438 487 quae
453 430 544 482 Boecius
553 427 653 477 felicibus
663 429 727 477 rebus
737 428 830 488 scripsit.
842 429 867 477 ln
877 429 925 477 aula
931 448 986 481 ,vero
1015 436 1018 438 ’

189 501 332 559 1Ἠιεοάοιτὶεἰ
347 502 402 558 regis
417 501 453 549 ita·
459 500 584 548 versabatur
596 513 617 547 et
630 500 692 547 datos
704 501 746 547 sibi
759 501 895 558 magistratus
908 502 937 549 ita
949 522 987 559 ge·

173 577 186 626 5
202 575 262 623 rebat
276 587 301 624 ut
316 594 360 623 non
375 573 441 623 modo
457 572 574 621 abstineret
589 571 659 621 alieno
676 572 714 637 sed
730 585 815 621 curaret
831 573 896 622 etiam
913 573 987 627 deesse

201 647 255 697 nulli
269 648 305 696 cui
319 646 375 695 lerre
390 666 455 705 opem
465 666 489 694 ac
496 647 602 704 >prodesse
613 658 692 704 posset.
704 646 767 694 Hanc
778 647 836 695 enirn
847 646 888 695 sibi
899 648 987 705 provin·

201 722 258 769 ciam
266 720 305 768 sed
313 719 422 768 difficilem
430 738 455 768 ac
463 719 509 766 viro
517 719 576 775 bono
584 731 606 767 et
614 718 664 767 lorti
673 718 761 776 dignam
769 720 903 777 provinciam
911 740 987 778 sump-

202 806 264 849 serat,
272 806 297 842 ut
304 793 437 853 praesidium
444 805 500 841 esset
510 792 573 842 bonis
584 805 650 851 atque
660 804 731 850 spreta
742 805 857 851 potentum
867 791 987 842 offensione

202 867 312 915 neminem
326 866 400 914 violari
413 883 451 923 per
464 865 564 912 iniuriam
576 877 692 922 pateretur.
705 864 774 922 Saepe
786 865 877 923 quidem
896 886 987 915 numero

163 942 189 989 10
203 952 227 987 ut
242 939 346 996 exemplis
358 939 402 985 suis
414 957 439 985 ac
450 937 522 985 verbis
534 938 635 985 hocloco
646 950 701 990 utar,
714 949 736 984 et
747 935 912 994 Coniugastum
925 959 953 989 ne
964 939 987 986 in

171 1055 173 1059 ,
202 1011 299 1058 fortunas
316 1011 445 1067 cuiusquam
462 1010 569 1067 impetum
586 1007 672 1062 laceret,
688 1008 802 1066 impedivit
819 1021 840 1057 et
850 1008 987 1067 Triguillam,

202 1084 239 1142 qui
255 1083 325 1141 regiae
340 1082 414 1131 domui
424 1081 562 1140 praesideret,
571 1080 599 1128 ab
607 1081 693 1137 incepta
701 1093 866 1140 perpetrataque
875 1082 918 1131 iam
926 1101 988 1140 pror-

202 1177 238 1204 sus
253 1156 331 1204 iniuria
344 1155 461 1210 revocavit„
472 1153 539 1208 Gravi
552 1165 625 1202 autem
637 1166 727 1212 urgente
740 1152 797 1202 lame
810 1167 834 1203 ut
847 1155 877 1202 rei
890 1153 987 1205 lrumen-

202 1229 267 1276 tariae
281 1228 344 1286 ‘copia
355 1227 469 1291 haberetur
479 1227 605 1275 adversante
615 1225 724 1284 praelecto
735 1228 835 1285 praetorii
845 1229 905 1286 apud
915 1247 988 1286 regern

163 1300 189 1351 l5
204 1300 306 1349 obtinuit.
320 1300 427 1348 Albinum
442 1318 537 1357 quoque,
554 1299 626 1346 virum
642 1298 784 1353 consularem,
801 1298 855 1347 lalso
872 1300 988 1351 maiestatis

201 1386 326 1423 accusatum
340 1386 405 1431 atque
420 1385 520 1421 senatum
531 1372 657 1421 universum
669 1392 708 1420 suo
720 1393 771 1421 cum
783 1371 879 1431 periculo
891 1372 929 1422 sed
940 1374 986 1422 ani-

203 1466 239 1493 mo
254 1465 332 1502 magno
342 1445 447 1493 defendit.
458 1445 603 1493 Barbarorum
613 1446 703 1503 quidem
713 1459 734 1492 et
744 1446 874 1494 insaciabilis
884 1460 929 1494 erat
938 1468 988 1496 ava·

202 1518 253 1566 ricia
266 1530 287 1565 et
302 1516 407 1575 predandi
421 1516 506 1565 licentia
520 1516 634 1575 impunita.
647 1516 712 1565 Adde
725 1520 785 1575 quod
798 1531 870 1576 preter
885 1540 987 1569 accusan-

201 1590 258 1638 tium
272 1589 360 1639 insidias
375 1609 412 1637 rex
424 1590 477 1648 ipse,
488 1590 526 1648 qui
538 1589 649 1644 modestia,
661 1591 752 1645 iusticia,
763 1590 876 1640 clementia
887 1593 988 1643 omnibus

160 1664 189 1712 20
203 1662 314 1711 debuisset
328 1681 374 1710 esse
389 1661 501 1720 speculum
518 1674 584 1720 atque
602 1661 728 1720 presidium,
747 1663 805 1712 haud
827 1664 899 1714 minus
922 1686 989 1725 quam

202 1734 280 1782 caeteri
294 1733 370 1782 avidus
380 1747 425 1781 erat
435 1733 557 1781 communis
567 1734 628 1782 exicii
639 1753 663 1781 ac
673 1735 765 1792 cupidus
776 1736 847 1785 delere
857 1739 988 1787 senatorium

203 1806 302 1855 ordinem
317 1805 393 1861 libens,
414 1813 439 1855 ut
458 1807 526 1855 sevire
545 1806 641 1854 criminis
661 1807 790 1866 cuiusquam
809 1808 887 1857 umbra
906 1823 986 1868 posset,

159 1919 160 1922 η
201 1893 336 1929 accusatores
349 1879 441 1928 audiret
450 1879 542 1928 Boecius
551 1892 625 1945 autem
633 1893 654 1928 et
663 1880 769 1929 Albinum
777 1894 799 1929 et
807 1895 907 1932 senatum
915 1896 987 1942 atque,

203 1973 230 1999 ne
244 1951 341 2010 singulos
356 1972 482 2006 memorem,
496 1952 548 2000 alios
562 1951 642 2001 multos
655 1954 693 2010 qui
706 1952 765 2001 falsis
779 1950 906 2004 criminibus
924 1976 987 2006 vexa·

160 2025 188 2074 25
204 2038 278 2073 rentur
287 2024 385 2073 maximis
394 2046 406 2073 e
414 2024 514 2084 periculis
522 2026 583 2084 quasi
596 2025 658 2074 datus
670 2046 682 2073 e
694 2026 782 2084 publico
794 2040 897 2087 patronus
909 2029 988 2078 innox·
1045 2074 1047 2084 2

202 2099 234 2145 ios
249 2098 354 2146 liberavit.
378 2098 489 2147 Premium
500 2119 551 2147 vero
563 2099 622 2148 istud
638 2099 666 2148 ob
682 2098 828 2148 beneficiumh
843 2099 911 2153 abuit,
927 2100 989 2158 quod

203 2170 282 2219 multos
298 2165 338 2219 sibi
354 2162 378 2219 et
389 2171 475 2220 invidos
488 2183 509 2219 et
522 2170 620 2219 inimicos
633 2170 692 2219 lecit.
705 2171 788 2219 Odium
802 2190 890 2237 quoque
901 2170 925 2217 in
937 2190 989 2217 eum

202 2242 261 2301 apud
276 2243 345 2302 regios
359 2263 384 2291 ac
399 2262 472 2300 regem
484 2243 576 2301 augebat
589 2243 649 2302 quod
663 2244 774 2292 Romanus
788 2256 843 2291 esset
855 2242 908 2291 civis
921 2243 988 2301 patri·
1043 2240 1047 2305 l

202 2317 293 2375 eiusque
307 2337 332 2365 ac
347 2315 604 2376 philosophusomnium
619 2317 757 2366 doctissimus
772 2315 889 2366 videretur.
904 2314 987 2365 Graves

160 2391 189 2439 30
203 2389 294 2447 quidem
307 2402 373 2448 atque
387 2388 529 2437 inexorabiles
541 2389 658 2449 discordias
670 2410 721 2437 cum
736 2389 844 2446 improbis
863 2390 989 2447 eisdemque
1041 2417 1047 2448 r

202 2462 263 2511 aulae
277 2462 384 2521 primariis
397 2482 422 2510 ac
436 2462 562 2520 potentibus
577 2462 660 2511 babuit.
674 2462 753 2521 Neque
766 2459 821 2510 vero
831 2461 860 2510 ob
874 2460 989 2510 defensum

202 2547 302 2583 senatum
316 2553 353 2582 rex
368 2534 408 2581 sibi
424 2534 570 2583 stomachatus
591 2548 624 2583 est
645 2554 730 2594 parum.
752 2534 854 2594 Denique
875 2534 913 2593 qui
934 2533 989 2589 falso

202 2626 253 2655 eum
267 2619 392 2654 accusarent
407 2606 505 2658 vilissimi
518 2607 617 2655 homiues
625 2620 694 2666 atque
706 2608 809 2662 damnati,
817 2607 921 2663 Basilius,
933 2606 989 2666 Opi·

202 2677 238 2733 lio,
249 2691 270 2726 et
281 2677 426 2733 Gaudentius,
437 2679 510 2737 precio
521 2680 588 2737 empti
599 2692 657 2729 sunt.
667 2680 788 2729 Accusatur
797 2679 887 2739 quidem
897 2679 989 2727 Boetius

160 2752 188 2801 35
204 2752 264 2809 quod
278 2752 362 2799 salvum
372 2751 475 2800 voluisset
486 2766 585 2801 senatum
596 2773 642 2800 esse
652 2750 773 2812 fuissetque
783 2752 879 2802 criminis
890 2751 989 2801 conscius

201 2932 234 2979 ΖΙ.
248 2951 291 2979 ac...
306 2933 444 2991 senaltorium)
459 2940 471 2979 ι’.
487 2952 512 2986 r.,·
526 2952 550 2980 ex
564 2934 615 2993 εἴθ)
629 2936 704 2980 crimen
718 2935 810 2993 1111351111
824 2941 891 2982 statim
904 2955 953 2981 corr.
