2093 3253
239 165 372 196 scurronum
386 165 515 197 utusmruir
528 177 546 186 -ψ
558 166 617 197 mum
635 167 662 197 ιν.
829 153 865 198 115

81 282 200 329 nominavit-
222 281 324 339 deceptus
347 276 507 338 blandimentis,
528 281 589 341 quod
610 275 739 340 impunitate
761 280 867 339 promissa

40 409 41 412 Ἴ
81 356 155 404 veniae
166 374 233 413 spem.
241 354 336 403 haberet.
349 355 393 403 Sed
405 354 511 413 prehendi
522 355 583 404 Nero
594 353 709 403 confestim
722 355 804 403 Lucani
821 375 866 404 ma·

81 442 137 475 trem
151 428 287 485 eandemque
298 429 357 475 nulla
368 426 421 475 cum
431 427 518 475 lenitate
529 429 625 487 torqueri
637 429 676 474 sed
688 428 789 475 omnibus
802 429 866 475 minis

82 520 107 547 ac
120 500 217 562 cruciatu
230 499 297 555 iubet,
311 501 369 549 ratus
383 519 471 548 omnem
484 519 507 548 se
520 519 566 549 rem
579 499 607 548 ab
621 520 645 548 ea
658 498 720 548 lacile
734 498 867 560 habiturum,

56 576 68 625 5
85 573 145 632 quod
154 572 257 622 delicatae
265 574 322 622 vitae
331 572 424 622 feminae
434 593 505 631 neque
514 571 649 622 animumad
659 574 728 622 minas
738 572 817 622 lortem
827 595 867 622 nec

81 665 159 704 corpus
170 646 199 694 ad
209 659 316 695 tormenta
327 647 410 704 patiens
422 645 468 694 lore
479 648 570 704 putavit.
583 646 713 695 Matronam
720 646 786 705 igitur
797 660 867 695 aetate

61 747 62 750 =
82 738 106 765 ac
116 737 207 766 *morum
221 719 365 766 sanctimonia
376 718 521 766 venerandam
536 719 594 766 missi
609 719 728 773 carnifices,
744 724 784 766 nec
799 720 866 776 magis

57 786 58 789 ¹
83 791 153 838 officio
162 811 229 850 quam
237 791 308 839 verbis
317 804 339 838 et
347 803 435 849 aspectu
444 791 557 846 terribiles,
566 791 595 839 ad
602 803 710 839 tormenta
716 792 751 840 'uti
759 783 868 850 plebeiam

83 864 193 923 quandam
204 872 331 922 servamque
343 884 368 913 ac
379 863 484 913 feminam
495 864 620 913 sceleratam
631 864 726 929 trahunt.
740 864 787 913 Nec
795 885 867 919 mora:

0 993 2 995 ¹
46 941 71 988 11]
85 939 195 995 ipsamut
203 944 264 985 erant
272 938 331 991 iussi,
340 950 362 984 et
370 936 427 985 fuste
436 949 457 984 et
465 936 518 994 fune
526 950 677 994 contorquent.
689 938 727 985 Illa
735 956 786 985 vero
794 938 868 985 animo

84 1009 142 1058 virili,
152 1023 252 1059 constans
265 1029 290 1058 ac
302 1008 364 1058 fortis
377 1028 452 1068 omnes
465 1009 493 1058 ad
505 1010 612 1059 cruciatus
626 1010 704 1059 mansit
717 1030 757 1060 nec
770 1010 866 1069 pervinci

84 1084 127 1132 ulla
138 1085 159 1133 vi
170 1083 251 1133 femina
262 1085 334 1143 potuit
344 1084 461 1133 utdice'ret
472 1085 591 1143 quicquam
599 1085 659 1143 quod
667 1084 705 1133 ulli
717 1087 780 1143 posse
791 1084 868 1147 obesse

85 1156 173 1205 videret.
191 1157 217 1205 ld
227 1160 301 1205 autem
312 1156 413 1205 leceritne
430 1156 490 1214 quod
501 1170 556 1204 esset
568 1158 641 1204 insons
653 1169 674 1204 et
683 1157 785 1205 ‘facinoris
798 1158 868 1205 nescia

84 1241 120 1277 aut
130 1229 190 1287 quod
204 1230 270 1278 animi
280 1231 422 1278 constantiam
436 1229 620 1284 illamtnduxerit,
630 1243 655 1279 ut
665 1230 709 1288 pati
720 1231 793 1280 omnia
802 1244 867 1289 atque

48 1303 71 1350 l5
87 1302 140 1349 mori
151 1302 223 1359 potius
233 1321 299 1360 quam
308 1302 420 1350 nominare
429 1303 519 1351 noxium
528 1302 751 1362 quemquampmallet,
761 1303 868 1352 incertum

85 1373 160 1422 babeo.
176 1374 232 1423 Satis
247 1373 288 1422 hoc
303 1374 377 1433 liquet·
396 1374 457 1433 quod
474 1373 536 1422 lortis
554 1387 700 1433 constansque
718 1394 784 1432 supra
802 1395 868 1439 quam

85 1458 209 1503 possetaut
223 1447 303 1504 sperari
319 1459 356 1494 aut
372 1446 438 1500 credi
455 1467 500 1494 non
516 1447 607 1495 dixerim
624 1446 651 1494 de
661 1445 756 1501 femina,
773 1447 834 1505 quod
850 1449 868 1494 is

69 1524 71 1531 ⁸
85 1538 148 1567 sexus
163 1520 276 1578 impatiens
292 1520 319 1566 sit
334 1539 359 1567 ac
368 1519 428 1574 levis,
444 1520 482 1567 sed
492 1519 536 1568 ullo
552 1519 616 1569 etiam
627 1540 706 1578 magno
715 1540 740 1569 ac
750 1518 869 1569 fortissimo
930 1544 932 1546 ·

23 1644 25 1648 Α
78 1591 112 1639 de
126 1593 173 1640 viro
183 1592 211 1640 ad
222 1593 412 1640 omniutormenta
422 1604 443 1639 et
452 1594 560 1641 cruciatus
571 1591 621 1640 luit.
632 1592 683 1640 Nox
694 1594 790 1651 quietem
800 1604 868 1641 torto-

0 1714 2 1716 ,
46 1663 73 1711 20
87 1664 146 1712 ribus
156 1666 301 1723 nequicquam
310 1665 345 1712 die
354 1665 436 1723 integra
444 1664 537 1722 fatigatis
546 1665 613 1713 dedit.
624 1664 668 1712 Ubi
678 1665 791 1712 veroalter
799 1665 869 1713 illuxit

85 1736 138 1793 dies,
150 1737 229 1786 iterum
240 1737 268 1785 ad
279 1750 386 1786 tormenta
397 1738 466 1785 acrius
474 1737 599 1798 torquenda
611 1737 734 1787 retrahitur.
747 1736 792 1786 Sed
803 1737 868 1787 velie·

85 1811 154 1859 batur
162 1811 219 1867 sella,
233 1811 293 1870 quod
306 1812 350 1860 suis
364 1831 435 1870 neque
448 1811 540 1869 pedibus
554 1813 585 1860 ire
598 1832 638 1860 nec
652 1811 755 1860 membris
771 1811 870 1861 insistere

86 1884 163 1931 mulier
173 1881 286 1931 tormentis
298 1883 365 1931 fracta
376 1897 397 1931 et
409 1883 530 1931 dillacerata
542 1897 621 1942 posset.
634 1883 713 1932 Evecta
724 1885 791 1942 igitur
802 1904 869 1943 quam

47 2007 49 2010 .
70 1989 72 1992 v
86 1955 141 2005 forte
150 1956 236 2016 gerebat
245 1955 334 2004 fasciam
342 1956 424 2016 pectori
433 1955 541 2015 alligatam
549 1956 683 2016 pedetentim
693 1956 757 2006 solvit
766 1956 869 2005 eandem-

0 2025 5 2049 *
35 2069 37 2074 .
47 2030 72 2078 25
88 2036 130 2088 que
138 2030 260 2087 clanculum
267 2030 291 2077 in*
298 2029 368 2088 laquei
376 2029 467 2078 modum
475 2030 525 2078 hinc
535 2030 606 2089 capite
612 2050 657 2078 uno
664 2031 741 2079 cervici
752 2049 810 2085 suae,
818 2031 869 2078 inde

86 2103 149 2152 sellae
156 2104 223 2152 altero
231 2103 349 2157 innodavit,
358 2123 425 2161 seque
433 2123 484 2151 mox
491 2103 542 2151 sella
551 2103 628 2151 deiecit
636 2123 661 2151 ac
672 2104 772 2161 spiritum
780 2115 870 2152 tenuem

87 2195 190 2235 suspensa
199 2176 277 2225 emisit.
288 2175 347 2224 Finis
356 2174 442 2225 Athilae
451 2175 493 2230 hic,
504 2176 564 2225 nullo
573 2175 690 2225 satellitum
701 2176 742 2225 tale
752 2176 869 2235 quicquam

87 2262 203 2306 metuente,
215 2249 263 2299 luit.
275 2248 311 2298 Ad
323 2249 436 2299 Lucanum
448 2268 499 2298 vero
511 2250 548 2309 qui
560 2249 699 2299 brachiorum
709 2269 776 2299 venas
788 2250 870 2299 incide·-

87 2337 134 2372 rent
148 2324 207 2372 misit
220 2323 287 2372 Nero.
301 2321 408 2372 Effluebat
422 2323 618 2381 quidemcsanguis,
633 2336 658 2372 ut
668 2324 739 2372 ¹vivaci
754 2344 766 2371 e
779 2341 870 2381 corpore
931 2371 934 2375 Α

3 2443 5 2446 ⁴
48 2385 149 2450 30<solet‚
162 2395 256 2443 abunde.
272 2394 321 2452 lpse
334 2407 407 2442 autem
420 2407 444 2441 ut
458 2394 617 2453 sensitpedes.
625 2414 701 2442 manus
715 2407 737 2442 et
750 2414 805 2453 quae
818 2397 870 2442 sunt

87 2481 181 2516 extrema
194 2467 289 2525 corporis
303 2467 400 2516 membra
412 2466 491 2526 frigere
503 2468 650 2527 sequemagis
664 2480 730 2527 atque
742 2468 815 2526 magis
823 2467 870 2516 lan-

88 2561 152 2597 guere
179 2562 204 2589 ac
218 2542 342 2599 proximum
356 2542 420 2588 morti
435 2561 488 2594 esse,
503 2542 591 2589 recitare
605 2561 660 2599 quos
675 2542 713 2588 diu
727 2553 777 2588 ante
790 2540 870 2589 lecerat
937 2580 938 2584 .

88 2632 160 2662 versus
176 2614 203 2662 de
215 2612 283 2661 milite
294 2613 386 2661 similem
398 2631 472 2663 casum
484 2633 547 2670 passo
558 2613 630 2670 coepit
642 2624 707 2671 atque
718 2613 766 2660 illos
778 2613 869 2661 recitans

88 2687 198 2746 expiravit.
213 2685 353 2746 Epitaphium
367 2687 413 2735 eius
428 2705 547 2752 marmorea
560 2685 634 2735 tabula
650 2686 779 2746 inscriptum
794 2686 870 2756 litteris

48 2785 188 2796 ⁵——

99 2871 131 2928 25.
146 2872 250 2916 hincsscr.
292 2870 324 2915 25.
338 2869 433 2925 indetis.
475 2869 701 2923 3t.Extanguerieorr.
743 2870 870 2925 &sapito-

1 2970 4 2987 L
48 2933 134 2993 plilium)
148 2944 199 2989 1'.r.‚·
212 2956 236 2984 ex
250 2934 419 2990 epithaphium)
433 2941 501 2981 statim
510 2954 561 2982 corr.
