2093 3253
249 188 380 219 scriptorum
397 179 523 219 litostratum
537 200 552 206 ··
565 189 624 219 LIBER
638 190 652 219 11
837 174 859 219 ⁴ll

61 330 63 332 ·
79 305 133 355 illud
143 304 223 354 volenti
239 317 271 352 est
280 301 345 359 lacile¹
351 302 452 361 (velimus
466 302 532 352 modo
548 302 599 362 ipsi)
612 316 671 352 tanta
684 303 706 351 in
719 303 781 362 copia
792 315 818 351 et‘
826 314 868 351 vai

80 378 154 427 rietate
164 377 269 425 libromm
279 375 372 435 deligere
382 376 420 435 qui
435 389 509 424 nostro
524 376 609 436 sapiant
620 376 693 433 gustui
707 375 863 433 colendamque

79 451 108 501 ad
122 451 224 500 virtutem
234 447 353 515 essesnobis
364 448 425 507 grati,
436 448 553 504 commodi,
564 448 637 497 idonei
648 447 769 498 videantur.
780 446 863 505 Quem·

67 523 198 573 ‘admodum
209 523 268 571 enim
275 521 375 576 flumina,
386 522 431 571 sive
447 523 526 587 montis
542 522 585 571 alto
602 522 624 570 in
640 522 752 571 cacumine
768 522 864 570 oriantur

54 598 67 647 5
82 609 103 644 et
117 595 203 653 fragore
210 595 304 660 maximo
313 594 420 649 decidant,
429 596 474 643 sive
483 595 546 652 plana
554 596 577 642 in
586 594 640 642 valle
649 595 766 647 scaturiant
773 614 799 641 ac
807 593 864 642 lente

80 668 155 724 fluant,
164 665 273 717 sivelinea
281 679 397 717 eantre'cta
405 679 426 716 et
434 666 490 717 clara
499 667 548 724 sint,
558 667 603 717 sive
611 672 701 717 arenoso
710 664 807 716 ferantur
815 686 864 716 cur·

80 763 107 791 su
121 755 142 790 et
153 740 216 790 >alveo
228 761 251 789 se
261 753 359 789 tortuoso
370 739 480 790 reflectent
491 754 513 789 et
524 740 611 790 turbida
622 740 744 795 videantur,
756 761 781 788 ea
791 753 864 788 tamen

80 814 108 862 ad
122 832 181 862 mare
197 811 311 872 (aquarum
327 813 351 861 id
362 825 394 861 est
405 812 550 871 domicilium)
562 813 653 861 veniunt
665 812 744 867 omnia,
756 813 786 860 ita
797 812 864 871 scrip-

81 899 137 934 tores
149 885 207 933 docti
218 905 268 934 sane
279 905 304 933 ac
314 884 366 933 boni
376 884 424 939 viri,
435 885 475 934 etsi
486 885 572 934 vivendi
583 884 649 944 aliqui
660 898 762 944 precepta
771 884 864 939 tradant,

43 962 69 1009 10
83 959 172 1019 quidam
189 959 286 1017 exempla
303 970 325 1006 et
342 959 440 1007 historias
457 971 589 1014 memorent>
602 957 637 1007 alii
655 970 731 1012 metro,
749 958 784 1007 alii
801 976 865 1016 prosa

81 1045 176 1085 utantur,
192 1051 240 1088 pars
250 1032 310 1078 brevi
319 1031 414 1089 quadam
423 1032 464 1085 via,
474 1050 523 1088 pars
533 1031 658 1100 longissima
668 1031 782 1088 gaudeant,
793 1032 865 1078 occul-

82 1116 128 1170 tent
142 1103 256 1152 frondibus
270 1103 305 1151 isti
319 1104 420 1162 patentia,
434 1103 518 1152 occulta
531 1104 561 1152 illi
576 1103 690 1152 enucl'eent
703 1116 725 1152 et
738 1102 829 1152 obscura
842 1104 865 1152 in

81 1174 153 1226 lucem
162 1177 261 1232 educant,
271 1178 339 1225 severi
349 1178 392 1226 sint
400 1177 498 1243 quidam,
507 1178 574 1226 iocosi
583 1176 650 1235 aliqui
659 1172 783 1232 videanturss
790 1180 865 1225 omnes

81 1263 154 1297 tamen
168 1250 226 1297 hunc
239 1251 357 1297 terminum
370 1263 483 1307 appetunt,
497 1263 522 1297 ut
535 1263 636 1297 moveant
650 1255 733 1297 mentes
746 1269 825 1307 easque
838 1250 866 1298 ad

45 1322 68 1370 15
84 1321 139 1369 bene
153 1321 271 1370 vivendum
281 1334 319 1369 aut
330 1322 394 1369 minis
405 1322 491 1369 trahant
501 1335 538 1369 aut
549 1321 703 1381 blandimentis
714 1320 815 1369 alliciant.

124 1393 169 1442 Sed
183 1394 286 1452 quoniam
301 1407 377 1452 poetae
391 1414 414 1442 se
423 1406 473 1443 ante
480 1393 532 1442 alios
542 1393 643 1450 offerunt,
652 1393 763 1442 videamus
771 1393 867 1452 primum

82 1485 138 1523 quae
152 1466 179 1512 sit
194 1467 264 1522 poesis
273 1466 340 1522 origo,
350 1466 411 1524 quod
420 1467 522 1520 officium,
533 1479 627 1524 quantus
637 1467 706 1514 honos
715 1465 775 1524 apud
784 1479 866 1514 veteres

83 1536 168 1587 habitus
179 1537 205 1586 ei.
216 1536 302 1586 Deinde
312 1538 462 1587 memorandas
472 1537 499 1586 ad
509 1538 563 1587 vitas
573 1556 650 1586 eorum
660 1537 697 1597 qui
707 1537 766 1596 apud
777 1536 865 1586 Latinos

82 1623 158 1668 poetae
169 1608 257 1659 luerunt
268 1609 326 1665 clari,
339 1624 363 1659 ut
375 1610 498 1669 principalis
510 1623 583 1670 nostra
595 1609 655 1658 iubet
667 1609 781 1666 institutio,
793 1610 866 1658 venie-

43 1683 71 1730 20
86 1702 141 1731 mus.
157 1682 206 1731 Hoc
215 1678 274 1732 enim
283 1702 322 1732 sua
331 1696 353 1732 et
362 1683 454 1742 dignitas
465 1696 486 1732 et
495 1682 607 1732 vetustatis
617 1682 735 1733 reverentia
744 1682 866 1742 persuadet.

83 1755 155 1813 exigit,
170 1755 237 1804 iubet.
254 1755 320 1804 Metri
336 1756 505 1814 quidem'usum
520 1755 696 1815 antiquissimum
710 1775 758 1804 esse
772 1754 867 1803 latentur

84 1838 166 1877 omnes.
177 1827 227 1884 Quo
237 1830 310 1877 autem
320 1840 378 1877 certo
386 1841 491 1887 tempore,
502 1849 546 1887 quo
556 1840 616 1877 certo
625 1840 721 1884 auctore,
731 1827 791 1887 apud
800 1847 867 1886 quam
891 1836 893 1855 ³

83 1914 170 1959 gentem
181 1902 209 1950 sit
220 1896 282 1951 metri
294 1901 380 1951 habitus
392 1902 488 1960 primum
499 1921 559 1958 usus,
572 1902 626 1950 adeo
637 1902 746 1950 incertum
757 1920 804 1949 esse
815 1902 867 1949 scri·

56 1991 57 1994 ’
83 1972 210 2031 buntperiti
218 1987 243 2022 ut
251 1974 319 2028 dubii,
328 1994 369 2022 nec
378 1974 450 2022 minus
460 1974 521 2022 dubii
531 1975 571 2022 hac
580 1993 624 2022 una
634 1974 661 2022 de
671 1991 694 2020 re
703 1993 770 2031 quam
779 1974 867 2021 caeteris

44 2045 71 2093 25
87 2044 114 2093 de
127 2046 210 2094 artibus
228 2059 249 2096 et
267 2047 370 2095 doctrinis
385 2048 484 2111 ingenuis
499 2047 526 2095 de
539 2046 619 2106 quibus
635 2046 736 2101 diximus,
747 2045 867 2095 videantur.

84 2118 165 2169 Plinius
181 2140 267 2179 nanque
282 2120 300 2169 is
316 2121 353 2169 ille
367 2121 472 2179 superior,
489 2121 526 2179 qui
543 2115 569 2169 et·
579 2120 683 2179 antiquus
699 2118 742 2169 luit
756 2132 831 2170 auctor
847 2132 868 2168 et

85 2195 191 2240 maximus
205 2195 338 2252 antiquitatis
353 2194 423 2242 cultor
437 2195 581 2252 copiosusque
595 2213 620 2240 ac
635 2194 711 2240 doctus
726 2192 825 2250 scriptor,
841 2194 868 2239 de

86 2263 174 2314 historia
188 2266 279 2316 naturali
289 2267 385 2315 scribens
397 2286 497 2326 magnam
507 2268 556 2326 esse
564 2266 592 2314 de
603 2267 674 2325 poesis
685 2265 768 2324 origine
778 2273 868 2313 conten-

85 2338 167 2387 tionem
182 2340 241 2389 dicit.
250 2340 302 2389 Esse
310 2353 383 2403 tamen
392 2339 457 2389 refert
465 2341 503 2399 qui
512 2361 560 2389 eam
568 2339 634 2388 luisse
642 2352 692 2395 ante
701 2338 782 2387 bellum
791 2338 868 2387 Troia-

45 2410 77 2458 30>
88 2430 142 2460 num
151 2414 235 2470 putent.
249 2412 362 2463 Aristoteli
369 2432 420 2462 vero
429 2405 535 2463 sententia
543 2411 585 2461 fuit
594 2425 642 2461 tum
651 2412 735 2471 poesim
744 2414 813 2460 ortam
822 2432 869 2460 esse

86 2504 137 2533 cum
151 2486 266 2534 hominum
280 2505 326 2546 esse
346 2481 482 2544 congregatio
497 2486 568 2544 aliqua
584 2485 694 2544 popularis
705 2485 783 2542 coepit.
794 2484 869 2542 Scrip-

70 2574 72 2577 ·
86 2557 114 2606 sit
132 2557 221 2616 quidem
240 2557 347 2618 Poetriam
365 2556 490 2607 Aristoteles
504 2570 569 2615 atque
583 2555 689 2605 facultatis
703 2556 749 2606 eius
758 2556 869 2609 rationem

86 2628 214 2679 illa'mentis
229 2631 281 2686 acie,
296 2632 375 2686 studio,
391 2633 441 2679 cura
456 2650 499 2689 qua
512 2647 584 2679 rerum
595 2629 694 2678 omnium
704 2628 749 2677 vim
759 2638 870 2678 naturam-
939 2647 942 2650 ’

46 2727 188 2735 -Ἣ-

81 2787 109 2827 26.
121 2789 163 2826 Plin.
174 2790 198 2829 N.
206 2789 279 2828 H.·Vll.
292 2789 332 2829 205,
381 2788 409 2826 30.
424 2787 462 2826 Hoc
473 2804 506 2824 non
519 2787 579 2825 inveni.

45 2886 188 2894 Ἢ

85 2944 104 2989 5.
118 2945 150 2992 Ex
164 2946 206 2991 vale
219 2965 269 2991 corr.
323 2946 356 2990 Zl.
368 2945 401 2991 'Ex
414 2943 578 3000 antiquissimum
591 2962 651 2989 usum
664 2951 724 2998 signis
738 2946 752 2990 b
766 2964 778 2988 a
792 2963 842 2989 corr.
