2093 3253
145 194 171 240 70
442 205 537 239 sicconis
552 206 672 238 rommom

187 321 286 370 universa
301 321 385 371 Gethae
397 320 497 381 appellati
509 334 567 371 sunt.
583 320 682 381 Europae
693 322 716 370 in
728 321 808 370 finibus
821 322 855 371 hic
867 321 927 371 locus
939 336 972 371 est
1032 339 1045 353 ³

187 394 296 449 Bistoniis,
312 394 422 449 Sarmatis,
438 394 546 442 Basternis
567 394 658 443 vicinus.
676 394 708 443 Ibi
730 395 767 442 nix
787 415 812 443 ac
833 395 901 444 hiems
922 416 971 455 per·

188 480 260 524 petua:
275 468 304 516 ibi
326 467 394 525 caligo
415 467 481 514 densa
501 479 567 525 atque
588 467 698 522 continua;
719 467 749 514 ibi
771 487 843 516 rerum
864 467 971 517 bonarum
1032 474 1037 520 ἓ,

188 542 287 588 omnium
301 554 322 589 et
337 540 435 588 sterilitas
450 551 472 586 et
483 541 559 588 caritas
572 541 671 595 maxima
684 541 714 588 ibi
727 562 779 598 gens
791 540 836 589 lera
848 563 873 589 ac
886 562 972 590 morum
1034 545 1046 615 I}

162 615 174 662 5
190 614 285 661 civilium
294 614 380 671 penitus
389 614 467 660 nescia.
476 612 541 660 Casas
550 613 580 660 ibi
589 611 659 660 fecere
667 615 763 670 primum
769 613 850 662 Milesii
856 634 907 662 casu
913 616 971 663 vario

188 685 305 733 eGraecia
320 686 437 733 venientes.
459 684 574 742 Oppidum
596 685 805 743 deindelatronum
827 686 855 734 ad
877 688 971 746 impetus

188 758 301 807 conditum
315 758 413 806 Thomos
422 757 538 817 appellant.
549 758 575 806 ld
584 756 667 806 Graece
676 758 759 807 dictum
768 760 887 807 sectionem
896 760 972 809 Latine

188 830 300 889 significat,
312 830 371 889 quod
381 830 432 878 inde
443 830 545 888 navigans
556 829 643 885 Medea,
654 831 790 889 sanguinaria
801 831 890 890 quidem
900 852 925 880 ac
935 854 972 882 ve-

128 937 131 940 ι
189 903 256 951 nefica
268 903 355 957 femina,
368 923 434 961 quem
446 901 664 960 arripueratlratrem
676 903 809 951 infantulum
821 905 894 952 studio
906 918 972 953 retar·

150 975 176 1023 l0
190 974 256 1023 dandi
266 975 332 1035 patris
342 973 453 1035 iugulavit,
464 974 622 1030 dimembravit,
634 974 741 1035 dispersit.
752 974 814 1024 Exilii
825 995 875 1025 vero
885 976 972 1025 'calami-

189 1061 255 1097 tatem
269 1049 361 1098 Ovidius
375 1050 448 1098 animo
463 1048 631 1109 haudquaquam
645 1050 695 1097 satis
709 1050 799 1108 patienti
813 1049 869 1098 tulit.
885 1050 972 1110 Nempe

189 1122 286 1169 dolorem
293 1123 385 1180 augebat
400 1122 520 1169 recordatio
527 1123 670 1170 amatissimae
677 1124 756 1177 uxoris,
765 1124 903 1171 suavissimae
910 1124 973 1178 filiae,

189 1193 316 1242 nobilissimi
332 1194 411 1253 generi,
421 1194 537 1258 illustrium
546 1194 672 1250 amicorum,
682 1194 875 1244 desideratissimae
884 1197 973 1254 patriae;
1044 1201 1046 1238 Ῑ

189 1268 281 1325 augebat
296 1268 417 1325 desperatio
433 1267 523 1321 reditus,
539 1267 600 1325 quod
613 1267 680 1315 iratus
691 1268 791 1326 princeps
802 1268 861 1327 nulla
871 1288 935 1326 prece
945 1269 973 1317 ad
1040 1257 1044 1293 s

151 1340 175 1388 15
191 1341 276 1388 veniam
290 1341 418 1401 flecteretur;
432 1339 524 1398 augebat
549 1340 691 1388 consideratio
715 1332 819 1398 periculi,
837 1342 897 1398 quod
921 1363 972 1399 gens
1044 1333 1046 1360 3

152 1457 153 1460 ,
189 1413 229 1459 nisi
241 1430 306 1471 rapax
317 1413 347 1460 ibi
359 1426 380 1461 et
391 1412 436 1461 lera
447 1424 503 1460 esset
513 1424 578 1471 atque
590 1413 648 1470 pacis
659 1412 730 1461 nescia
741 1433 796 1471 quos
807 1426 880 1472 posset
891 1414 972 1463 vicinos

189 1506 247 1533 nunc
262 1486 300 1534 lios
315 1507 373 1535 nunc
387 1485 435 1534 illos
450 1485 566 1534 latrociniis
580 1484 698 1541 infestaret
712 1486 804 1544 augebat
818 1487 917 1544 sterilitas
931 1488 972 1536 loci

188 1579 228 1607 nec
241 1573 297 1608 esset
310 1560 427 1618 quicquam
440 1559 470 1607 ibi
483 1560 544 1617 quod
555 1571 593 1608 aut
606 1578 669 1617 prece
680 1559 753 1608 haberi
766 1573 803 1608 aut
812 1561 885 1618 precio
893 1562 936 1618 emi
944 1560 972 1610 ad
1044 1585 1046 1587 ·

189 1632 319 1686 medicinam
327 1653 351 1680 ac
366 1632 422 1681 vitae
436 1631 528 1679 salutem
536 1644 617 1690 posset;
626 1631 717 1690 augebat
726 1631 812 1680 dissona
821 1632 900 1691 lingua,
909 1633 972 1681 alieni

148 1704 176 1753 20
191 1704 251 1758 ritus,
268 1705 352 1754 barbari
369 1723 446 1759 mores,
462 1704 522 1770 quod
537 1717 593 1759 esset
608 1705 707 1752 omnium
722 1725 786 1752 nemo
802 1725 897 1763 quocum
912 1705 972 1765 loqui

188 1798 212 1825 ac
227 1780 306 1827 versari
318 1778 362 1827 ulla
373 1799 425 1827 cum
437 1778 505 1836 gratia
516 1791 538 1826 et
550 1777 693 1826 familiaritate
705 1791 785 1836 posset.
797 1778 875 1827 Tantis
886 1798 937 1828 vero
949 1780 972 1827 in
1044 1816 1046 1818 .

189 1850 249 1897 malis
259 1851 282 1898 id
291 1851 390 1898 omnium
399 1850 465 1898 modo
474 1850 595 1898 remedium
604 1870 673 1898 unum
682 1863 734 1903 erat,
744 1851 804 1908 quod
812 1851 892 1898 litteras
902 1852 972 1910 sciret,
1043 1865 1045 1867 ’

190 1923 249 1981 quod
258 1924 321 1982 poeta
329 1938 392 1978 esset,
402 1922 462 1982 quod
473 1942 547 1971 versus
558 1922 643 1977 laceret,
655 1936 676 1971 et
687 1943 740 1983 quas
749 1923 777 1971 ad
787 1924 867 1972 amicos
879 1924 973 1972 mitteret
1045 1943 1046 1946 ’

188 1997 288 2054 epistolas
305 1998 407 2046 continue
423 1996 533 2045 scriberet.
549 1996 585 2046 Ad
600 2017 636 2044 eos
650 1997 740 2055 quidem
750 1998 830 2045 amicos
842 1997 973 2055 quibuscum
1030 2012 1045 2020 ”

147 2070 175 2118 25
191 2070 270 2117 versari
286 2083 307 2117 et
322 2069 454 2118 familiariter
466 2069 526 2127 loqui
540 2069 621 2117 Romae
639 2069 723 2123 soleret,
742 2088 793 2117 cum
809 2070 916 2134 presentia
929 2090 973 2132 non

187 2140 231 2189 frui
244 2163 284 2190 nec
304 2142 386 2202 alloqui
401 2162 438 2190 eos
452 2155 531 2200 posset,
551 2142 628 2190 saltem
641 2162 684 2201 qua
703 2154 787 2201 poterat
801 2143 858 2191 dulci
875 2144 973 2192 recorda·

187 2216 246 2264 tione
265 2216 374 2265 dictorum
394 2215 545 2274 laetorumque
563 2236 614 2264 cum
631 2217 661 2264 eis
679 2236 704 2263 ac
721 2215 817 2273 epistolis
836 2215 972 2274 loquebatur.

188 2287 228 2335 His
242 2309 328 2347 nanque
343 2289 457 2337 tristiciam
471 2289 537 2336 animi
557 2289 681 2347 repellebat;
700 2290 733 2338 his
747 2289 845 2337 dolorem
858 2302 882 2336 ut
896 2290 972 2337 melius

188 2373 272 2418 poterat
286 2361 405 2419 mitigabat.
769 2354 771 2359 ,

147 2434 175 2483 30
232 2433 327 2493 Epistole
342 2447 392 2484 sunt
407 2435 434 2484 ab
449 2455 480 2495 eo,
492 2434 571 2484 multae
588 2435 638 2484 inde
655 2435 725 2484 luctus
742 2448 763 2483 et
780 2434 973 2483 commiserationis
996 2433 997 2436 ¹

188 2508 264 2566 plenae
280 2509 371 2557 Romam
386 2510 459 2567 ipsum
473 2510 500 2557 ad
522 2510 652 2568 Augustum,
675 2511 703 2558 ad
724 2527 821 2563 uxorem,
843 2509 870 2556 ad
891 2510 973 2557 amicos

189 2582 287 2640 scriptae.
303 2582 350 2630 Hac
361 2584 388 2631 de
398 2601 421 2630 re
431 2582 480 2630 libri
491 2584 589 2641 quinque
599 2583 626 2630 de
636 2583 754 2636 Tristibus,
765 2583 857 2630 totidem
867 2582 894 2629 de
904 2582 974 2629 Ponto

190 2669 269 2704 extant.
282 2655 373 2704 Librum
384 2656 449 2704 etiam
460 2656 482 2703 in
494 2656 558 2704 exilio
569 2655 620 2704 lecit
631 2656 658 2705 de
670 2655 751 2704 Hibide
762 2675 838 2711 unum,
850 2674 894 2713 quo
906 2655 973 2704 multa
996 2700 999 2704 ,
1016 2718 1017 2721 ¹

190 2741 211 2775 et
222 2728 275 2777 dura
284 2730 415 2787 imprecatur
424 2729 454 2777 illi
464 2729 501 2786 qui
511 2748 601 2777 uxorem
611 2749 679 2783 suam,
689 2729 793 2776 leminam
802 2728 973 2786 pudicissimam,

146 2800 175 2849 35
190 2799 306 2850 infestaret.
322 2800 396 2849 Edidit
411 2821 499 2859 quoque
514 2800 594 2849 librum
607 2801 634 2849 de
646 2801 758 2858 triumpho
770 2800 867 2849 Caesaris
879 2800 972 2858 Augusti

187 2983 205 3027 7.
220 2981 251 3028 Ex
265 2999 321 3035 grece
336 3001 385 3027 corr.
