2093 3253
168 222 207 268 5214
380 235 390 254 v
407 237 408 240 ¹
429 252 431 256 ι
464 234 559 267 siccorus
573 234 692 267 ronrurom
753 238 755 240 ·

210 348 250 397 CL
264 347 367 406 luerunt).
374 348 513 407 appellatum.
527 348 634 396 Saturnus
646 349 697 396 vero
709 347 774 397 Creta
785 349 860 406 pulsus
871 369 883 397 a
893 349 945 405 filio,
956 370 994 408 qur

166 462 168 466 ,
183 443 194 467 2.
211 434 270 468 erant
285 423 308 468 in
324 421 491 478 Italiapopulos
506 421 570 468 rudes
585 419 647 477 agros
662 421 738 476 colere,
754 422 808 469 vites
823 440 903 476 serere„
915 422 993 470 domos
1031 449 1034 450 ⁷

205 493 329 547 aedificare,
345 493 442 541 moribus
455 492 526 541 vivere
547 492 628 541 docuit.
649 492 721 549 Quam
741 493 770 541 ob
791 513 837 541 rem
857 493 911 542 illud
928 507 963 541 vest
983 515 995 541 a

201 618 202 623 ,
212 565 302 624 posteris
307 578 418 614 assecutus
423 577 447 614 ut
453 563 559 613 coleretur
569 584 609 623 pro
619 558 667 613 (leo.
680 565 732 614 lano
739 586 828 625 quoque
834 566 903 614 honos
909 566 995 614 divinus

186 640 199 696 5
214 637 303 687 habitus>
314 650 354 687 est.
369 638 466 686 Numina
481 637 571 697 quidem
585 637 704 697 Pompilius
719 639 826 698 templum
841 639 920 688 dicavit
931 639 995 694 lano,

166 753 168 757 ,
211 724 236 760 ut
250 724 350 770 apertum
364 711 422 765 belli,
439 708 537 760 clausum
553 708 612 770 pacis
621 705 716 770 'si'g'num
731 724 802 766 esset„
812 712 907 760 Saturno
921 715 996 761 autem

92 806 94 809 ·
168 799 173 828 ἰ
186 819 188 828 2
211 786 269 832 anno
283 797 332 841 post
347 797 432 836 exactos
442 802 501 841 reges
511 783 569 832 XIII
580 785 606 831 Α.
617 780 747 842 Sempronio
757 797 778 833 et
789 785 822 833 M.
834 782 934 833 Minucio
943 804 995 833 con-

165 896 167 900 .
207 855 294 904 *solibus
310 855 391 904 Romae
406 869 427 903 et
442 856 512 921 dicata
522 856 585 904 aedes
597 869 618 904 et
629 856 675 904 dies
686 855 735 905 festi
746 856 996 905 instituti'suntjsatur-

212 928 268 976 nalia
282 926 336 975 lesta
351 927 403 975 haec
418 928 505 975 Saturni
519 948 531 975 e
544 928 632 975 nomine
645 927 758 985 appellata.
772 927 940 986 Ea'quotannis
951 928 996 975 De=

170 1000 201 1051 lt}
213 999 301 1049 cambri.
311 1019 384 1049 mense
398 999 497 1058 agebant.
509 999 563 1048 Dies
574 1019 625 1048 vero
636 1012 679 1049 tres
690 998 740 1049 festi
752 1012 818 1055 erant,
833 999 936 1047 Ianuariis
944 999 996 1059 vqui-

213 1073 268 1121 dem
280 1071 391 1121 Kallendis
408 1071 486 1127 XIIII,
504 1071 570 1126 XIII,
588 1072 642 1121 XII.
660 1071 734 1120 Roma
746 1071 786 1121 hos
803 1072 925 1122 celebrabat
942 1073 995 1121 dies.

214 1144 273 1193 Tum
288 1145 382 1204 quadam
397 1163 436 1202 pro
452 1144 557 1193 hilaritate
569 1164 594 1193 ac
608 1145 711 1193 memoria
724 1146 836 1193 vetustatis
850 1145 997 1193 dominicum

191 1241 193 1246 >
214 1218 280 1267 servis
295 1217 356 1276 quasi
371 1230 489 1276 exaequato
498 1216 544 1265 iure
553 1230 623 1266 vestes
632 1216 802 1272 commutabant,
812 1216 996 1272 commensahant,

215 1289 368 1343 consedebant;
384 1288 421 1347 qui
436 1289 495 1337 enim
510 1290 564 1338 servi
579 1302 646 1344 erant,
662 1289 684 1337 hi
700 1290 776 1337 diebus
792 1289 824 1337 his
839 1289 996 1338 lestiszdomini

176 1365 201 1413 15
216 1363 352 1411 videbantur.
368 1362 456 1410 Morem
470 1374 543 1411 autem
557 1361 616 1410 hunc
635 1376 708 1411 noster
727 1361 853 1412 Macrobius
866 1362 996 1411 insectatus:

123 1489 125 1491 v
189 1474 191 1479 f
214 1436 246 1482 uti
261 1435 339 1482 diebus
353 1435 423 1483 trihus
437 1434 532 1491 populus
548 1455 584 1482 sex
599 1434 697 1483 convivia
712 1435 840 1488 celebrabat,
856 1435 885 1483 ita
899 1453 937 1483 sex
952 1436 998 1492 ipse

215 1506 280 1554 libros
295 1507 388 1564 scripsit.
403 1507 428 1554 ln
441 1505 521 1564 quibus
534 1505 703 1564 haudquaquam
715 1526 767 1554 cum
779 1505 873 1554 dominis
886 1505 997 1554 servi'ser-

213 1580 276 1627 viunt
289 1579 365 1636 ventri,
381 1579 419 1628 sed
434 1580 472 1638 qui
488 1598 562 1637 graves
577 1593 628 1628 sunt
642 1599 668 1627 ac
683 1578 796 1628 docti-viri
810 1577 963 1637 colloquuntur
973 1599 998 1628 ac

214 1652 325 1709 disputant
339 1653 490 1709 pulcherrimis
508 1653 535 1700 de
553 1653 685 1709 rebus-oue
703 1650 744 1699 illis
763 1652 855 1700 maxime
873 1650 957 1709 placent
975 1665 996 1700 et

172 1726 201 1774 20
215 1736 286 1782 gratae
301 1736 352 1771 sunt
366 1724 403 1782 qui
425 1723 565 1782 antiquorum
587 1723 640 1771 ritus
662 1741 791 1779 cognoscere
812 1742 878 1781 quam
900 1724 998 1780 ignorare

188 1839 190 1841 .
214 1797 303 1846 malunt.

258 1871 353 1918 Isidorus
369 1890 456 1928 quoque
475 1870 535 1917 adest
554 1869 625 1917 iunior
643 1869 771 1928 appellatus,
791 1869 851 1928 quod
869 1869 998 1926 imperatore

215 1942 340 1990 Theodosio
355 1942 439 1990 seniore
450 1941 526 1990 luisset
541 1941 636 1990 Isidorus
648 1941 708 1997 alter,
721 1962 791 2000 quem
799 1941 870 1990 virum
882 1941 998 1990 admirabi-

213 2015 256 2062 lem
271 2026 292 2062 et
303 2016 406 2063 'sanctum
418 2014 484 2062 luisse
496 2015 518 2062 in
530 2015 580 2062 vitis
592 2027 678 2072 patrum
690 2014 739 2073 legi.
751 2013 832 2063 Noster
843 2028 916 2063 autern
924 2014 998 2069 :Isido-

171 2091 199 2139 25
215 2107 251 2136 rus
266 2087 380 2145 episcopus
396 2087 530 2144 Hispalensis
545 2085 674 2144 (Hispaniae
683 2086 758 2135 ciuitas
770 2100 802 2136 est
814 2101 835 2136 et
847 2085 999 2135 Sibillahorlie

213 2159 342 2219 appellatur)
357 2181 408 2208 cum
423 2159 535 2209 Heraclius
550 2160 665 2218 imperaret
685 2160 746 2209 vixit.
768 2159 845 2209 Libros
866 2172 940 2208 autem
960 2159 998 2218 qui

200 2234 320 2289 ·*habentur
335 2233 378 2281 XX
393 2234 580 2292 etymologiarum.
894 2240 895 2244 ’

174 2333 314 2341 ’.ὴ-α’,

214 2380 233 2424 l.
250 2378 298 2424 Iano
312 2398 335 2425 ex
349 2390 368 2424 at
382 2385 450 2429 statim
463 2397 512 2423 corr.
570 2378 600 2425 14.
614 2378 686 2433 eham)
703 2379 723 2424 hi
737 2378 808 2423 diebus
822 2385 836 2423 ι’.
845 2397 871 2429 r.;
882 2388 929 2430 emt
938 2390 999 2423 crant.

173 2447 205 2491 25.
224 2446 256 2490 Ex
276 2446 381 2500 lspalensis
400 2464 448 2491 corr.
503 2446 537 2492 25.
555 2457 575 2495 et
591 2451 604 2490 ι’.
618 2464 643 2496 r.;
657 2464 680 2491 ex
693 2464 741 2491 cum
758 2464 823 2497 corr.;⁴
834 2444 1000 2495 Sibilla....,.>cum

168 2521 224 2557 ism.
239 2512 285 2557 add.
340 2513 373 2557 27.
387 2513 417 2557 Er
432 2510 606 2565 ethimologiarum
620 2531 677 2563 corr.;
692 2531 717 2558 sc.
731 2513 816 2566 scripsit.
