2093 3253
167 237 206 284 ata
467 253 561 284 srccorvrs
575 254 694 286 roanurour

210 380 241 415 est
256 378 280 415 ut
295 366 345 414 binc
362 387 417 426 quae
434 367 520 422 diceret,
539 368 598 426 quod
615 381 686 417 essent
704 387 753 416 vere
770 369 833 424 dicta,
850 369 996 428 approbarent

211 461 293 496 omnes,
307 439 358 489 inde
373 440 489 491 mirumin
504 440 595 489 modum
608 440 751 490 admiraretur
764 443 857 501 quisque
871 442 995 501 prudentis·
1044 494 1046 496 ,

211 516 291 564 simum
305 514 377 563 virum
391 534 415 563 ea
430 514 502 563 dicere
517 514 618 564 universo
633 515 734 565 audiente
749 529 825 566 senatu
836 524 896 575 'quae
910 515 946 565 vix
961 515 994 565 di·
1045 531 1047 549 ³

212 588 280 638 cende
291 608 337 637 esse
347 587 423 637 tacitos
435 588 463 637 ad
474 588 565 646 parietes
577 607 619 647 pro
630 600 729 648 tempore
740 588 874 644 viderentur„

187 662 199 709 5
256 659 314 720 Hinc
331 660 425 719 denique
442 661 556 719 utriusque
573 661 640 708 animi
657 661 712 709 adeo
729 663 812 709 accensi
829 674 895 719 atque
912 661 997 709 inflam-

214 735 264 782 mati
281 745 332 781 sunt
349 745 374 781 ut
390 733 492 792 deinceps
509 753 556 781 non
565 746 598 781 ut
612 732 715 782 hactenus
732 733 869 783 clandestinis
887 734 942 783 odiis
959 734 998 782 sed

214 806 332 856 manifestis
347 803 468 854 inimiciciis
481 802 505 854 et¹
517 807 636 868 capitaliter
649 807 703 855 alter
716 807 808 856 alterum
822 820 948 866 prosecutus
963 808 997 855 sit.

214 880 311 937 Repente
332 877 580 931 inimiciciasuciceroni
603 878 741 926 denunciavit
762 879 870 926 Antonius
892 880 997 936 iussitque

214 963 238 999 ut
254 970 321 1009 quern
336 950 358 997 in
374 949 447 998 locum
463 949 551 998 baberet
568 962 668 998 senatum
683 950 740 999 XIII
759 949 875 999 Kallendas
891 949 998 999 Octobres

177 1027 202 1074 10
217 1025 306 1072 veniret.
324 1022 349 1071 ld
364 1023 422 1071 enirn
437 1023 541 1080 temporis
556 1024 661 1081 spacium,
677 1036 784 1082 quantum
798 1023 904 1085 existimo,
919 1024 948 1072 ad
962 1045 999 1071 ex·

215 1095 352 1155 cogitandam
366 1095 562 1154 elaborandamque
578 1097 698 1145 orationem
713 1117 756 1155 qua
771 1096 907 1146 inveberetur
922 1097 945 1145 in
961 1095 999 1144 Cia

216 1188 317 1218 ceronem
335 1168 436 1226 sumpsit.
455 1168 484 1216 At
503 1186 554 1216 vero
574 1168 702 1218 Ciceronem
722 1189 766 1217 non
785 1170 850 1223 mine,
870 1189 914 1217 non
933 1187 999 1223 arma,

217 1262 260 1290 non
277 1239 401 1288 consulatus
418 1240 508 1288 Antonii
525 1253 649 1289 terruerunt
665 1261 693 1288 ne
710 1253 788 1289 statuta
805 1241 840 1288 die
857 1253 960 1289 venturus
977 1242 1000 1287 in

217 1327 317 1363 senatum
332 1334 358 1362 ae
375 1333 517 1371 responsurus
535 1312 565 1360 illi
584 1334 662 1371 magno
678 1314 751 1361 animo
768 1313 884 1362 videretur.
901 1312 1001 1362 Venisset

180 1388 205 1436 15
220 1386 309 1445 quidem
323 1406 349 1433 ac
363 1386 509 1444 respondisset
524 1386 575 1435 lorti
590 1388 663 1435 animo
679 1387 762 1441 Cicero,
778 1388 800 1435 ni
816 1388 906 1435 consilio
920 1388 1001 1435 amico-

219 1478 268 1508 rum
282 1477 334 1507 usus
349 1478 372 1507 se
386 1458 445 1506 domi
460 1459 610 1507 continuisset.
625 1458 741 1507 Enimvero
755 1459 876 1508 Antonium
891 1458 1001 1507 honestate

219 1552 301 1587 causae,
320 1533 440 1581 amicorum
459 1532 570 1590 dignitate,
589 1533 610 1581 vi
630 1531 765 1592 eloquentiae
784 1531 898 1592 superabat
917 1531 1002 1585 Cicero,

220 1606 258 1654 sed
275 1605 383 1662 potentior
399 1604 507 1653 Antonius
524 1618 545 1653 et
561 1606 650 1654 audacia
666 1618 688 1654 et
703 1606 769 1654 armis
786 1619 894 1660 erattnec
911 1605 1004 1654 dubium

220 1677 280 1738 quod
296 1676 345 1736 plus
361 1675 450 1725 audacia
466 1676 523 1726 illius
538 1690 559 1726 et
573 1698 632 1726 arma
648 1699 714 1737 quarn
729 1678 829 1727 honestas
845 1677 908 1728 buius
924 1697 949 1726 ac
959 1677 1003 1726 elo-

180 1752 311 1812 loquentia
329 1751 437 1800 valuisset.
457 1750 549 1801 Senatus
568 1751 658 1812 quidem
677 1764 698 1801 et
717 1752 755 1811 qui
774 1771 786 1799 e
805 1751 886 1811 populo
906 1751 1005 1800 meliores

221 1836 281 1874 erant
297 1824 420 1882 salvamque
436 1842 482 1871 rem
497 1825 608 1883 publicam
623 1845 669 1873 esse
685 1825 764 1874 vellent
780 1824 880 1874 favebant
896 1824 1003 1878 Ciceroni;

223 1897 339 1946 multitudo
353 1909 427 1943 autern
442 1897 555 1945 violentior
570 1899 709 1956 veteranique
725 1898 803 1945 milites
817 1918 842 1945 ac
857 1899 928 1945 vivere
943 1910 1005 1955 rapto

222 1970 314 2029 cupidus
329 1969 421 2027 quisque
435 1968 556 2018 Antonium
570 1970 723 2029 sequebantur.

264 2042 307 2091 Die
321 2042 386 2100 igitur
398 2041 455 2091 dicta
467 2042 613 2092 minabundus
625 2043 774 2102 militibusque
786 2043 859 2092 multis
871 2065 896 2092 ac
907 2043 1005 2102 pluribus

182 2120 210 2166 25
224 2136 290 2176 quam
305 2115 382 2164 soleret
396 2117 483 2164 armatis
494 2116 584 2173 stipatus
594 2116 703 2164 Antonius
714 2116 772 2165 venit
783 2116 805 2164 in
816 2115 898 2163 curiam
909 2113 933 2163 et
940 2134 1007 2174 quam

224 2188 303 2238 multos
318 2207 356 2247 per
371 2188 417 2237 dies
432 2187 501 2237 luerat
517 2189 632 2238 meditatus
647 2189 766 2238 orationem
781 2189 803 2238 in
818 2188 930 2237 absentem
944 2187 1007 2237 Cice-

224 2282 299 2309 ronem
313 2273 360 2309 toto
379 2274 454 2309 senatu
473 2262 575 2309 audiente
594 2261 677 2310 babuit.
697 2261 751 2309 Eam
770 2282 858 2319 quoque
878 2260 963 2314 deinde,
983 2271 1007 2307 ut

224 2334 289 2393 vulgo
304 2334 432 2393 exemplaria
452 2334 589 2390 haberentur,
610 2336 695 2394 scripsit
714 2355 739 2384 ac
759 2333 834 2390 edidis
851 2334 934 2392 putavit
950 2333 1007 2382 enim

218 2427 276 2456 «cum
290 2407 454 2468 inimiciciarum
469 2408 635 2456 denunciatione
653 2407 696 2461 illa,
715 2429 770 2466 quae
788 2407 957 2465 haudquaquam
975 2409 1007 2454 res

183 2481 211 2531 30
226 2479 347 2541 spernenda
362 2493 424 2534 esset,
439 2494 487 2529 tum
502 2480 598 2529 oratione
613 2480 659 2535 ista,
676 2500 731 2538 quae
746 2478 882 2528 contumeliis
897 2477 960 2537 plena
975 2496 1009 2526 ar·

226 2556 322 2613 densque
334 2566 355 2603 et
365 2554 441 2603 acerba
451 2566 503 2608 erat,
516 2566 598 2602 metum
609 2561 633 2601 ut
644 2552 727 2611 lugeret
739 2553 834 2618 incutere
846 2551 955 2601 Ciceroni.¹
965 2550 1009 2600 Sed

174 2682 177 2688 Ι
227 2625 316 2675 minime
328 2625 369 2674 sibi
382 2625 410 2672 ad
422 2646 484 2684 spem
497 2626 610 2678 successui
620 2624 697 2673 Cicero
710 2625 799 2684 quidem
813 2644 856 2672 non
869 2624 952 2681 effugit,
965 2642 1009 2671 non

227 2721 324 2759 egressus
334 2712 366 2749 est
376 2699 437 2753 urbe,
449 2720 493 2748 non
504 2690 582 2757 pedem
592 2698 640 2747 loco
651 2699 718 2748 movit
729 2693 767 2747 sed
782 2698 879 2746 animum
895 2696 974 2762 lortem
989 2708 1009 2743 et

227 2784 362 2821 constantem
376 2770 461 2821 induxit
476 2785 500 2820 ut
515 2771 620 2832 quicquid
635 2784 714 2829 posset,
730 2771 833 2825 studeret,
848 2771 952 2821 niteretur
967 2789 1010 2829 quo

186 2847 214 2895 35
229 2845 336 2903 depellere
349 2846 470 2894 Antonium
484 2845 596 2893 consulatu
610 2857 631 2892 et
645 2845 699 2892 urbe
713 2857 792 2902 posset.
809 2843 866 2892 Illud
879 2862 966 2901 nanque
979 2842 1010 2891 vie

233 3032 260 3077 19.
271 3030 329 3075 buius
343 3035 356 3073 i.
366 3049 381 3073 r⁴
391 3047 436 3073 sscr.
446 3028 496 3080 (erat
508 3028 615 3081 honestas).
670 3027 703 3072 23.
713 3026 797 3080 cupidus
807 3033 820 3071 i.
830 3044 855 3076 r.;
865 3034 908 3071 erat
917 3034 1012 3070 assuetus.
