2093 3253
134 183 173 229 338
438 187 529 227 srccon'rs
543 184 658 227 rotrnronr
701 184 704 189 “
751 210 752 213 =

176 310 263 370 pietate,
279 304 467 359 commiseratione
491 311 562 368 digna,
587 302 755 360 videre'virum
779 311 875 360 obsoleta
899 326 964 368 veste,
1013 318 1014 321 ’

175 384 271 435 demissa
279 382 357 440 fronte,
370 383 447 434 humili
458 405 518 439 voce,
527 385 587 433 omni
596 404 659 444 prece
667 386 781 435 circumire
790 385 860 435 hostia
867 385 936 435 aliena
944 402 965 436 et

164 458 269 507 'salutem
279 457 402 505 mendicare
412 477 481 510 suam,
492 457 530 514 qui
541 457 606 514 paulo
615 470 666 520 ante
676 478 762 506 summo
772 459 795 505 in
805 459 931 515 magistratu
941 481 966 507 ac

169 531 252 580 “consul
267 537 323 579 esset
334 544 406 589 atque,
418 542 443 579 ut
453 531 535 586 civitas,
546 543 571 579 ut
582 539 615 580 res
626 531 713 590 publica
723 532 780 581 salva
791 544 853 587 esset,
865 552 888 581 se
898 535 965 582 maxi·

151 607 164 653 5
181 606 221 653 mis
236 604 338 664 periculis
359 604 479 652 obiecisset.
501 603 562 653 Deus
583 604 647 659 bone,
670 617 750 663 quanta
771 623 844 653 rerum
865 608 965 655 mutatio!

155 703 156 708 =
178 677 222 732 En,v
234 676 321 725 sordida
334 688 394 724 veste
408 676 500 725 salutem
513 677 621 725 mendicat
634 696 696 726 suam
709 677 794 727 Cicero!
810 676 854 732 Ille,
868 678 965 737 inquam,

159 748 255 799 :Cicero
280 748 466 809 ipsesordidatus
485 749 593 799 mendicat
611 749 703 800 salutem
720 771 782 800 suam
799 751 837 809 qui
855 763 965 800 oratorum

179 836 234 871 esset
248 823 357 882 princeps,
371 823 409 882 qui
429 835 527 882 regnaret
540 824 562 870 in
575 823 630 878 loro,
644 825 681 883 qui
694 843 735 873 suo
752 816 849 878 consilio,
868 824 918 878 fide,
932 845 965 875 sa·

170 897 260 954 *pientia
275 916 303 945 ne
317 896 375 944 cives
390 896 539 945 occiderentur
553 895 613 951 boni,
630 917 657 945 ne
672 896 806 957 locupletum
822 897 966 957 diriperentur

140 973 166 1019 111
181 990 240 1028 opes,
254 972 282 1018 ne
295 970 348 1018 urbs
361 981 480 1018 vastaretur
488 969 601 1023 incendio,
616 990 643 1017 ne
657 969 744 1027 publica
758 983 888 1019 everteretur
901 970 967 1019 liber-

178 1056 211 1091 tas
225 1041 284 1092 tecit.

221 1116 300 1176 Neque
314 1134 366 1165 vero
380 1115 439 1164 solus
459 1117 550 1164 mutavit
569 1129 658 1165 vestem.
678 1117 765 1175 Nempe
784 1117 865 1165 civium
882 1138 908 1165 ac
927 1118 966 1165 bo-

180 1208 259 1237 norum
273 1189 353 1236 civium
364 1207 429 1246 supra
440 1188 484 1236 XX
495 1188 553 1236 milia
564 1202 646 1237 vestem
657 1189 722 1236 simul
733 1209 784 1237 cum
795 1209 821 1236 eo
832 1209 870 1237 sua
881 1204 964 1247 sponte,

180 1261 276 1321 quodam
297 1261 381 1320 privato
402 1280 516 1316 consensu,
538 1278 618 1318 amore,
642 1260 759 1318 moesticia,
780 1262 843 1321 'quasi
865 1261 966 1321 publicus

128 1338 166 1385 ’15
183 1353 266 1385 moeror
282 1347 303 1383 et
317 1335 388 1382 luctus
406 1347 469 1389 esset,
488 1347 582 1383 mutasse
599 1348 690 1390 constat,
708 1336 769 1394 quod
785 1336 856 1385 bonus
874 1336 967 1394 quisque

181 1408 233 1458 civis
248 1420 370 1474 moveretur
385 1407 459 1456 dolore
477 1425 516 1465 per
535 1407 579 1456 vim
598 1420 619 1456 et
637 1407 739 1457 iniuriam
757 1408 878 1467 propulsari
896 1409 965 1457 civem

181 1482 296 1536 insontem.
307 1481 446 1539 eundemque
456 1480 538 1539 optime
549 1480 576 1530 de
586 1500 609 1529 re
619 1480 707 1540 publica
717 1481 819 1530 meritum
828 1494 894 1541 atque
905 1481 967 1531 illum

157 1572 160 1578 ²
181 1556 254 1614 ipsum
268 1555 338 1604 civem
353 1553 390 1613 qui
405 1574 445 1603 suo
459 1554 561 1612 prudenti
576 1574 601 1602 ac
615 1555 699 1612 privato
714 1553 811 1609 consilio,
827 1575 866 1602 sua
880 1555 965 1608 virtute,

160 1643 161 1646 ’
181 1649 219 1678 sua
234 1647 292 1683 cura,
303 1627 350 1675 sine
360 1627 427 1681 bello‚'
441 1628 488 1675 sine
503 1627 575 1681 armis,
593 1628 639 1675 sine
649 1627 758 1682 tumultu,
770 1627 885 1675 hominum
901 1629 967 1676 modo

140 1701 169 1749 211
184 1700 281 1759 quinque
295 1719 365 1757 poena
378 1708 428 1747 'rem'
437 1698 548 1756 publicam
561 1699 654 1747 maxima
667 1718 679 1746 e
693 1698 779 1747 flamma
792 1711 813 1747 et
827 1699 928 1747 incendio
941 1699 968 1747 li-

181 1772 283 1822 berasset.
296 1770 384 1831 Quippe
395 1771 470 1821 civitas
482 1771 512 1821 ita
524 1771 592 1821 divisa
604 1771 665 1831 quasi
678 1771 705 1821 de
717 1771 823 1821 industria
835 1783 856 1821 et
868 1771 968 1822 consulto

181 1858 226 1894 erat
239 1858 265 1894 ut
280 1845 318 1904 qui
332 1845 413 1894 civium
420 1864 467 1893 rem
475 1844 585 1903 publicam
592 1857 689 1893 amarent
697 1857 719 1893 et
726 1845 778 1893 boni
787 1857 858 1893 essent
866 1845 966 1894 Ciceroni

180 1917 283 1972 faverent,
299 1917 337 1975 qui
352 1935 403 1966 vero
418 1934 452 1964 res
467 1916 591 1964 affectarent
607 1936 673 1965 novas
689 1918 812 1976 perditique
827 1937 852 1964 ac
867 1917 966 1965 sediciosi

181 2003 259 2045 essent,
276 1989 298 2038 hi
314 1988 418 2039 Clodium
433 2002 574 2048 sequerentur
591 1990 784 2040 omnes‘Minime
800 1990 890 2049 quidem
905 1989 967 2039 obliti

140 2064 168 2113 25
181 2074 244 2112 'erant
258 2061 310 2112 boni
323 2074 345 2110 et
358 2062 412 2120 grati
426 2062 483 2110 cives
497 2082 520 2110 se
532 2082 558 2110 ac
571 2083 626 2121 quos
640 2062 744 2111 haberent
757 2062 843 2119 liberos,
857 2058 967 2120 coniuges,

182 2135 371 2192 fortunas,'ipsam
383 2135 478 2192 denique
489 2134 568 2183 urbem
579 2154 604 2182 ac
616 2135 646 2182 rei
659 2134 759 2193 publicae
771 2148 852 2184 statum
863 2147 885 2183 et
897 2134 967 2192 digni-

182 2222 249 2257 tatem
263 2207 303 2257 viri
319 2207 383 2256 buius
401 2207 463 2255 istius
481 2206 593 2261 beneficio,
612 2208 692 2263 labore,
711 2207 820 2266 vigilantia
838 2229 850 2256 e
868 2208 968 2256 manibus

182 2282 345 2330 coniuratorum
359 2292 444 2340 ereptos
459 2280 567 2340 salutique
590 2300 615 2329 ac
639 2280 733 2330 libertati
758 2279 857 2340 publicae
881 2280 967 2330 restitu·

182 2369 216 2403 tos
230 2369 252 2404 et
266 2367 403 2404 conservatos
417 2374 471 2403 esse.
490 2354 609 2402 Universus
627 2355 700 2412 itaque
717 2355 771 2402 ordo
788 2368 810 2402 et
827 2351 929 2412 patricius
946 2366 967 2400 et

141 2428 169 2477 30
184 2428 289 2487 equestris
303 2440 386 2475 vestem
397 2447 448 2476 curn
460 2447 486 2475 eo
499 2426 560 2485 quasi
580 2427 640 2475 urbis
658 2427 770 2475 conditore
781 2448 806 2474 ac
819 2428 918 2475 omnium
930 2446 968 2484 pa-

182 2513 242 2549 rente
257 2511 341 2548 mutare
361 2500 480 2548 constituit.

224 2575 317 2623 Senatus
332 2573 423 2631 quidem
436 2572 460 2620 in
475 2573 557 2621 curiam
570 2573 671 2621 convenit
683 2573 786 2631 frequens
800 2574 911 2623 decretum
924 2572 968 2620 {aa

182 2660 244 2696 turus
261 2659 287 2696 ut
304 2658 387 2696 vestem
405 2666 456 2695 cum
474 2644 580 2695 Cicerone
597 2646 650 2696 civis
667 2645 738 2696 bonus
757 2646 850 2706 quisque
868 2658 967 2699 mutaret,

183 2722 250 2779 idque
264 2720 365 2768 omnium
377 2739 485 2767 consensu
498 2718 590 2772 lecisset,
605 2719 628 2767 ni
641 2720 742 2768 tribunus
756 2719 821 2768 simul
835 2732 856 2768 et
870 2719 969 2768 consules

181 2855 205 2892 12.
219 2854 254 2893 Cic.
267 2853 308 2892 Red.
321 2854 368 2899 Qun.
381 2854 397 2891 8,

145 2937 286 2944 ..ἡ-ψ,

183 2972 201 3015 2.
210 2971 249 3015 Pro
257 2970 313 3014 ostia.
341 2970 374 3016 23.
382 2985 412 3014 res
420 2968 550 3025 alle(ctarent)
559 2974 571 3014 i.
577 2966 602 3019 n:
610 2988 633 3014 ex
641 2986 684 3014 rem
690 2967 838 3024 al(iectarent?)
846 2975 913 3014 statim
920 2982 970 3012 corr.
