2093 3253
258 185 386 217 scalmorum
401 186 524 217 ILLUSTRIUM
537 199 551 203 -
567 186 625 217 Lista
639 187 657 217 Χ,
834 173 874 219 269

87 303 170 351 litterae
179 299 301 358 ³=gentilium
316 301 449 354 minuerunt,
458 321 510 348 anon
526 301 648 349 tractandas
664 320 734 348 sacras
749 300 777 348 ad
792 300 874 349 litteras

86 387 215 424 nocuerunt.
232 372 319 420 Ruffino
332 385 413 425 autem,
428 372 576 431 aquilegiensi
590 373 724 431 presbytero,
744 374 809 421 docto
823 393 874 423 sane

86 448 133 495 viro
148 446 187 493 sed
202 446 290 493 lionoris
307 446 354 492 eius
370 465 396 492 ac
413 446 507 492 nominis
524 445 620 499 inimico,
638 445 787 503 violatumque
803 445 831 494 ab
848 467 874 494 eo

87 522 234 568 iuramentum
259 536 297 576 per
322 517 477 565 contumeliam
495 518 615 578 increpanti
634 519 747 578 respondit
766 517 874 578 Hierony-

61 597 72 645 5
88 613 136 642 mus
152 606 225 641 noster
239 592 396 649 prophetarum
414 611 426 638 e
444 593 550 641 sententia
568 592 658 641 somniis
677 613 721 641 non
740 593 874 642 credendum

89 686 142 713 esse.
160 665 203 711 lsta
218 684 305 721 nanque
320 665 347 710 de
362 682 385 710 re
400 665 486 720 scripsit
509 677 601 723 uterque
623 664 697 712 libros.
723 665 762 712 Ille
784 666 874 723 quidem

87 750 185 786 accurate
200 756 256 796 quae
271 735 374 783 obiiceret
389 736 424 783 isti
443 735 529 795 collegit
548 735 623 791 multa;
642 737 677 784 hic
695 756 747 786 vero
763 736 874 796 diligentia
911 752 913 755 ’

88 810 164 870 grandi
179 810 264 858 obiecta
278 808 335 857 illius
353 809 478 867 gravissime
495 809 566 858 diluit.
583 809 657 869 Atque
674 809 728 859 illud
739 830 765 859 ex
776 811 874 861 Levitico

87 896 171 931 constat
191 884 275 930 dictum
289 883 407 929 a'domino
417 881 467 928 filiis
485 882 556 933 lsrael:
573 900 582 922 <i
591 882 643 929 Non
659 883 800 932 observabitis
816 905 875 933 som-

51 960 74 1007 10
90 958 131 1004 nia.
139 972 148 995 t)
159 955 229 1013 Saepe
244 955 334 1013 quidem
349 973 440 1002 numero
456 954 603 1013 Hieronymus
614 956 636 1002 in
648 956 744 1013 epistolis
755 957 794 1003 sed
804 959 876 1004 nomi·

89 1029 157 1077 natim
171 1028 199 1076 ad
215 1027 330 1085 Magnum,
350 1040 457 1075 oratorem
476 1027 536 1075 urbis
556 1027 644 1082 Romae,
656 1029 740 1087 aperuit
751 1040 825 1078 causas
836 1049 875 1079 cur

89 1102 219 1160 eloquentia,
235 1119 273 1148 cur
294 1100 423 1148 secularium
451 1100 534 1156 litteris,
564 1119 601 1148 cur
630 1101 743 1158 gentilium
771 1105 875 1162 exemplis

88 1174 166 1221 totiens
182 1186 286 1221 uteretur.
300 1173 376 1229 lpsum
386 1173 445 1220 enim
456 1193 500 1219 non
512 1172 598 1226 latebat
610 1173 671 1230 quod
682 1175 704 1221 in
716 1175 802 1237 decreto
819 1176 875 1224 Gra-

89 1247 160 1294 tianus
176 1245 346 1304 prudentissime
359 1245 492 1298 memoravit,
507 1258 527 1293 et
540 1245 562 1293 in
575 1246 673 1293 Levitico
686 1246 736 1295 dici:
750 1265 758 1287 t
767 1247 874 1297 Primitias

52 1322 75 1369 15
92 1319 168 1373 mellis,
184 1319 226 1366 hoc
241 1332 273 1366 est
288 1318 427 1367 dulcedinem
441 1319 548 1366 humanae
562 1320 705 1377 eloquentiae,
721 1322 810 1369 domino
821 1323 875 1370 olle·

89 1410 161 1439 ramus
172 1408 180 1431 t
196 1405 217 1439 et
232 1390 254 1438 in
270 1390 346 1439 Exodo
358 1390 432 1439 haberi
446 1391 560 1439 dominum
573 1391 647 1439 iubere
660 1392 752 1459 spoliare
762 1393 874 1452 aegiptios

89 1483 141 1512 auro
157 1478 177 1512 et
192 1476 288 1522 argento,
299 1483 383 1522 nosque
392 1463 444 1511 inde
453 1464 563 1512 moraliter
572 1465 649 1512 instrui
659 1478 684 1512 ut
698 1466 827 1523 sapientiam
836 1487 876 1525 pro

91 1556 150 1591 auro,
167 1537 314 1595 eloquentiam
324 1556 364 1594 pro
373 1549 462 1594 argento
471 1537 524 1594 ipsis
534 1538 599 1584 etiam
608 1557 620 1583 a
629 1537 747 1594 gentilibus
757 1538 875 1596 capiamus.

134 1611 245 1659 Haberem
260 1611 300 1658 hac
311 1611 333 1658 in
345 1630 367 1658 re
378 1610 487 1658 adiutores
494 1611 591 1667 egregios
598 1611 687 1658 eosdem
693 1611 745 1668 legis
752 1613 876 1670 pontificiae

52 1685 79 1730 20
93 1704 118 1730 ac
133 1684 219 1731 divinae
235 1683 371 1730 doctissimos
391 1684 519 1739 interpretes
537 1695 558 1729 et
578 1683 698 1739 magistros.
718 1683 765 1731 Nec
776 1685 875 1733 deessent

91 1755 144 1803 mihi
160 1756 198 1814 qui
214 1756 315 1804 doctores
335 1767 386 1806 sunt
407 1754 535 1803 excellentes
551 1768 572 1803 et
588 1767 658 1814 patres
678 1756 753 1811 sancti,
773 1756 874 1807 Aurelius

91 1830 234 1887 Augustinus,
250 1829 379 1886 Hieronymi
393 1828 511 1882 familiaris,
527 1842 548 1876 et
562 1849 628 1887 quem
643 1828 721 1877 Graeci
740 1830 816 1878 dicunt
830 1852 876 1879 esse

92 1921 166 1959 parem
181 1903 311 1959 Augustino,
330 1902 429 1949 Basilius.
447 1902 492 1948 Sed
508 1922 584 1948 omnes
601 1902 700 1949 consulto
722 1915 820 1960 pretereo
837 1925 876 1951 nec

90 1975 209 2022 rationibus
225 1974 321 2032 disputo,
340 1987 388 2022 tum
406 1974 467 2032 quod
484 1975 589 2032 temporis
609 1973 671 2021 multi
690 1987 746 2022 esset
768 1975 877 2025 adducere

51 2048 76 2095 25
92 2048 198 2106 quicquid
213 2059 293 2105 posset,
303 2059 351 2094 tum
361 2047 421 2105 quod
430 2047 481 2094 satis
491 2046 545 2093 mihi
554 2066 601 2093 esse
610 2046 655 2093 sola
664 2047 732 2104 ipsius
748 2039 884 2106 Hieronymi·

89 2121 204 2167 auctoritas
220 2131 241 2166 et
256 2120 405 2176 interpretatio
415 2119 521 2166 videatur.
535 2118 592 2166 lllud
602 2136 652 2165 vere
663 2131 734 2177 potest
745 2120 795 2173 dici,
807 2123 876 2168 nemi-

92 2212 142 2239 nem
157 2193 257 2239 omnium
272 2191 341 2239 audiri
357 2205 496 2239 contemnere
518 2191 647 2238 Ciceronem
668 2193 706 2249 qui
728 2212 778 2240 sane
799 2193 877 2242 viderit

91 2265 170 2323 scripta
185 2285 223 2313 sua
236 2263 408 2323 intellexeritque
421 2284 501 2312 nomen
513 2265 559 2313 eius
572 2284 598 2313 eo
610 2283 719 2313 summam
732 2266 760 2329 ob
773 2266 876 2324 eloquen-

90 2339 144 2385 tiam
158 2337 287 2395 pervenisse,
297 2338 358 2395 quod
374 2337 543 2395 haudquaquam
549 2356 598 2395 :pro
614 2337 702 2385 homine
717 2339 756 2386 sed
771 2339 817 2395 ipsa
837 2359 877 2396 pro

51 2410 78 2457 30
92 2410 215 2469 eloquentia
230 2410 334 2467 capiatur;
352 2409 498 2468 eloquentiam
515 2428 566 2457 vero
582 2409 662 2457 artium
673 2410 805 2468 optimarum
818 2410 877 2459 illam

90 2503 136 2531 esse
151 2504 207 2542 quae
222 2482 314 2531 dicenda
330 2482 402 2531 omnia
413 2495 501 2530 exornet
512 2482 583 2531 verbis
599 2481 721 2541 efficiatque
736 2482 826 2532 artificio
837 2505 877 2533 suo

91 2569 115 2604 ut
131 2575 219 2614 regnare
234 2576 258 2603 ac
274 2556 381 2603 dominari
396 2556 532 2603 audientium
558 2556 667 2603 mentibus
694 2557 805 2612 videaturq.
816 2557 877 2605 illum

86 2701 101 2738 4⁴
110 2701 177 2741 araon.
185 2702 239 2740 nuti.
247 2701 259 2738 1.
268 2701 284 2737 3.
328 2700 406 2738 ateva
419 2679 483 2738 uae.
527 2702 552 2739 u.
562 2700 629 2739 nean.
637 2701 687 2745 aaa
697 2702 724 2739 70,
733 2703 748 2739 2.
793 2702 817 2738 14.
825 2702 878 2740 teia.

54 2761 148 2804 trin.
200 2762 340 2801 raanan.

53 2840 195 2850 Q.—

91 2881 110 2925 6.
127 2881 186 2926 lsta...
199 2894 290 2927 accurate
303 2889 316 2927 t.
330 2900 347 2926 r.
402 2884 421 2926 7.
431 2882 484 2926 hic..
494 2882 563 2935 grandi
572 2889 586 2928 i.
596 2902 612 2926 r.
668 2885 699 2928 t0.
708 2882 738 2929 Ex
748 2883 879 2928 Hieronimus

54 2964 100 2991 corr.
159 2948 188 2993 ll.
202 2948 233 2994 Ex
247 2948 347 2993 Primicias
361 2966 411 2992 corr.
