2093 3253
269 181 398 212 scnnronum
412 182 558 214 nuusrmum-
572 183 631 212 crasa
645 183 681 212 κη,
850 167 886 213 331

103 299 140 347 bat
154 298 219 345 etiam
235 296 325 345 Crassus
337 297 363 351 ei,
377 298 437 361 quod
449 297 548 348 Ciceroni
561 297 732 353 stomacharetur
745 317 797 345 cum
809 298 890 347 invidia

97 370 226 418 communis
241 370 350 426 potentiae
361 371 409 416 turn
420 369 473 416 falsa
485 371 587 427 opinione
598 370 684 422 ductus,
697 369 758 426 quod
769 370 889 426 suspicare-

103 455 178 490 tur‘ac
193 440 289 488 crederet
305 439 387 488 lactum
399 440 454 488 >dolo
470 441 515 489 eius
532 441 592 499 quod
607 442 663 496 inter
679 442 801 488 coniuratos
817 442 890 499 ipsum

103 515 236 573 Tarquinius
251 515 390 562 nominasset.

76 590 89 638 5
147 587 242 635 Favebat
256 587 335 635 Clodio
347 588 412 635 etiarn
424 587 450 635 C.
463 587 548 641 Caesar,
561 588 669 635 subiratus
682 587 782 636 Ciceroni
795 589 856 646 quod
867 589 890 637 in

103 672 179 709 senatu
193 658 342 709 adversaretur
358 660 377 709 ei
393 672 464 719 atque<
480 658 538 709 nulla
559 678 629 719 prece,
647 659 707 709 nullo
724 660 795 710 officio
811 661 889 711 adduci

104 745 176 792 posset
191 745 215 780 ut
234 731 313 781 sileret.
332 727 418 781 Caesari
436 752 523 792 nanque
541 734 652 781 resistebat
671 731 748 781 Cicero
766 751 789 782 re
801 735 890 793 ‘quippe

104 805 144 854 alia
159 803 218 853 nulla
233 802 330 853 intensus
340 805 362 853 ni
372 805 432 863 quod
441 805 545 853 audacem
554 804 616 853 illum
625 826 672 856 esse
682 806 774 855 nimium
784 807 889 855 eundem-

105 898 147 935 que
162 877 234 923 conari
246 876 299 923 nihil
311 873 371 935 quod
381 877 448 924 animi
459 896 508 934 erga
520 890 618 925 senatum
628 899 653 926 ac
664 898 711 926 rem
722 878 832 935 publicam
843 899 890 926 esse

66 952 91 1001 l0
105 948 157 997 boni
171 948 223 996 civis
238 961 317 1006 posset.
334 947 372 997 llle
385 948 475 1007 quidem
488 948 561 996 animo
574 950 617 997 iam
630 963 652 998 et
666 950 747 998 honore
761 970 851 1008 magnus
864 971 896 999 ac=

104 1020 202 1081 pontilex
213 1021 319 1070 maximus
330 1023 418 1070 caeteris
429 1023 526 1080 potentia
536 1023 617 1070 anteire
628 1023 729 1071 studebat
740 1023 890 1082 cogitabatque

104 1095 168 1143 tacita
179 1113 254 1142 secum
265 1107 338 1142 mente
348 1095 471 1153 imperium,
483 1096 514 1143 uti
526 1094 577 1143 lecit
588 1108 669 1154 postea,
678 1113 789 1154 usurpare.
798 1096 830 1144 Ex
840 1115 890 1156 pre-

105 1182 154 1217 tura
164 1188 250 1226 nanque
260 1167 384 1217 ulteriorem
394 1169 474 1218 interea
484 1169 573 1218 sortitus
584 1168 715 1227 Hispaniam
723 1168 801 1218 Caesar
811 1170 890 1219 deinde

104 1241 180 1289 consul
186 1259 225 1299 per
230 1241 269 1289 hos
276 1241 321 1288 dies
327 1254 411 1289 creatus
419 1254 451 1289 est
459 1242 612 1300 discordesque
618 1242 722 1291 Crassum
727 1255 748 1290 et
754 1243 889 1301 Pompeium,

67 1315 91 1364 15
107 1326 131 1362 ut
146 1331 222 1362 eorum
236 1314 334 1362 animum
349 1326 370 1361 et
385 1314 504 1373 potentiam
517 1314 540 1362 in
553 1333 575 1362 se
588 1334 658 1363 unum
670 1314 787 1374 aliquando
800 1334 890 1364 conver·

104 1401 166 1442 teret,
181 1387 210 1434 ad
224 1387 362 1435 concordiam
375 1387 587 1446 benivolentiamque
599 1388 692 1447 reduxit.
706 1387 734 1435 Se
747 1408 836 1447 quoque
848 1388 890 1437 illis

77 1453 81 1461 ⁴
104 1461 193 1508 tertium
207 1460 304 1507 amicicia
319 1473 340 1507 et
355 1461 456 1507 societate
472 1460 583 1507 coniunxit
600 1480 625 1507 ac
641 1458 718 1507 foedus
735 1460 783 1508 iniit
799 1482 826 1508 ne
836 1462 890 1519 quid

105 1533 127 1581 in
136 1532 254 1590 republica
265 1532 381 1591 quisquam
392 1532 438 1580 fieri
449 1525 559 1590 pateretur
570 1532 630 1590 quod
641 1532 754 1590 displicere
765 1532 803 1580 ulli
815 1552 890 1581 eorum

105 1626 117 1654 e
131 1605 201 1654 tribus
217 1617 296 1664 posset.
308 1604 380 1661 Quam
390 1623 441 1653 vero
451 1604 518 1653 liliam
529 1604 621 1653 habebat
634 1604 776 1665 lulianam
787 1605 890 1664 Pompeio
903 1655 905 1657 ,

64 1680 92 1728 20
107 1697 197 1728 uxorem
211 1678 239 1727 ad
253 1677 349 1727 certioris
362 1678 471 1727 amiciciae
483 1676 614 1727 ac-loederis
627 1678 705 1736 pignus
719 1678 890 1728 dedier-Succes-

107 1770 165 1799 sores
180 1764 253 1799 autem
268 1750 309 1798 sibi
324 1751 412 1805 amicos,
429 1771 456 1798 ne
470 1772 522 1799 cum
536 1751 615 1798 abisset
631 1751 758 1815 magistratu¹
771 1754 891 1810 potentiam

98 1823 152 1873 eius
164 1823 278 1882 optimates
288 1836 310 1871 et
320 1822 387 1872 invidi
399 1823 528 1878 minuerent,
539 1823 646 1881 designari
657 1822 683 1872 L.
693 1823 794 1872 Pisonem
804 1823 890 1874 Callur·

107 1897 175 1951 nium,
192 1918 242 1944 mox
254 1916 353 1944 socerum
365 1917 437 1950 suum,
450 1909 471 1944 et
483 1896 507 1944 P.
520 1895 648 1951 Gabinium,
660 1897 803 1955 Pompeianae
815 1896 891 1946 lactio-
952 1938 953 1942 ,

107 1963 275 2022 nisshominem
291 1968 390 2017 consules
405 1990 472 2017 novos
488 1968 547 2023 lecit;
563 1990 629 2028 quam
644 1969 736 2018 habebat
756 1970 805 2018 Piso
825 1970 891 2019 filiam

65 2043 92 2091 25
108 2042 243 2092 Callurniam
257 2061 354 2096 uxorem,
373 2055 397 2091 ut
415 2062 561 2091 successorem
579 2064 623 2091 non
640 2043 746 2091 beneficio
764 2043 835 2092 solum
853 2045 892 2093 sed

107 2114 210 2163 affinitate
225 2114 354 2162 obstrictum
366 2113 461 2169 haberet,
475 2114 543 2163 duxit.
557 2114 638 2173 Legem
650 2114 761 2173 agrariam,
775 2136 841 2175 quam
853 2116 891 2165 Ci-

107 2205 156 2235 cero
171 2186 247 2235 consul
263 2185 315 2234 ferri
332 2186 479 2244 prohibuerat,
496 2186 546 2235 tulit
563 2200 638 2235 contra
653 2180 739 2236 senatus
750 2187 891 2245 voluntatem,

106 2274 132 2310 ut
147 2280 236 2310 munere
250 2260 291 2310 isto
305 2259 392 2319 plebem
405 2280 455 2320 erga
468 2281 491 2310 se
505 2260 625 2320 propiciam
638 2274 659 2311 et
673 2259 782 2312 laventem
796 2262 891 2314 haberet.

106 2334 229 2384 Provincias
238 2353 290 2384 vero
299 2334 327 2383 de
336 2334 483 2383 industriaest
493 2335 522 2383 ita
532 2335 620 2395 sortitus
630 2334 737 2394 suffragiis
746 2336 822 2395 populi
832 2337 892 2396 quod

65 2407 93 2455 30
108 2408 149 2456 sibi
164 2407 242 2461 Gallia,
257 2407 335 2455 Crasso
349 2407 407 2461 Asia,
422 2407 525 2466 Pompeio
540 2407 644 2466 Hispania
657 2408 777 2456 obveniret.
792 2408 892 2457 Ciceroni

106 2479 326 2538 autem'prolecturus
339 2481 362 2528 in
375 2479 476 2533 Galliam,
487 2492 512 2527 ut
521 2480 588 2528 animi
599 2480 645 2528 eius
658 2480 755 2528 studium
767 2481 790 2528 in
802 2500 825 2528 se
838 2481 891 2529 leni-

107 2565 146 2608 ret,
162 2565 183 2601 et
198 2552 390 2612 quinqueviratum
402 2564 423 2600 et
435 2558 502 2611 quarn
514 2552 643 2610 legationem
655 2552 734 2608 mallet,
748 2565 829 2612 quanto
841 2573 892 2602 cum
908 2586 910 2588 -

108 2626 190 2674 honore
204 2625 274 2679 vellet,
290 2624 373 2673 delerre
388 2625 474 2679 obtulit
489 2625 610 2684 eidemque,
625 2626 643 2673 si
658 2638 768 2679 annueret,
784 2639 805 2674 et
819 2644 906 2675 rerum⁴

69 2716 210 2727 ——-.-

102 2758 130 2798 30.
143 2759 178 2799 Cic.
192 2760 239 2800 Pron
252 2759 281 2798 41.

67 2838 208 2849 ———

106 2880 125 2926 8.
139 2879 173 2926 Sc.
188 2881 270 2935 putavit.
347 2880 370 2926 19
385 2898 428 2924 eam
442 2886 455 2925 ι’.
470 2898 495 2925 m.
509 2879 555 2925 add.
624 2880 656 2925 25.
670 2897 761 2925 socerum
774 2879 800 2932 O,
815 2895 858 2934 exp.
873 2890 892 2925 et

68 2962 200 2992 successorem
214 2965 259 2992 sscr.
272 2948 307 2992 01.
362 2947 395 2991 30.
409 2948 448 2992 sibi
461 2946 526 2990 Gallia
540 2953 554 2991 ἰ.
568 2965 590 2998 r.;
605 2956 647 2991 erat
661 2947 726 2992 Gallia
739 2948 785 2993 sibi.
834 2973 836 2976 >
