2093 3253
458 218 549 250 SlCCONIS
564 218 679 250 POLENTONI

200 338 245 380 non
260 332 368 381 Romanos
382 332 468 380 annales
483 332 548 380 modo
562 333 600 381 sed
611 332 703 380 Punicos
718 333 782 380 etiam
795 332 869 386 libros,
883 333 921 391 qui
934 353 982 392 pre·

201 406 275 454 sertim
285 427 330 469 esse
341 406 396 464 regis
407 405 538 464 Hiempsalis
549 405 678 460 dicerentur,
689 406 761 455 studio
772 406 840 455 multo
850 406 982 464 perquireret

200 478 331 536 haberetque
341 476 398 526 viros
410 478 456 526 eius
467 478 553 536 linguae
563 480 643 537 peritos
654 498 679 525 ac
689 478 744 526 lidos
755 480 793 536 qui
804 498 841 526 eos
852 477 893 525 sibi
904 478 983 530 Punica

200 551 272 608 lingua
287 551 377 610 scriptos
392 552 585 608 interpretarentur
599 564 620 600 et
633 551 751 616 aperirent,
763 550 883 599 Traiecisse
897 572 983 611 quoque

172 627 185 674 5
201 627 224 672 in
238 624 334 673 Africam
348 626 447 679 traditur,
461 637 486 672 ut
499 645 555 683 quae
569 625 648 673 Africis
661 625 689 673 de
703 625 767 672 rebus
780 637 818 673 aut
832 625 875 672 situ
888 624 984 676 locorum
1032 627 1036 660 3

200 698 284 747 audiret
292 711 358 758 atque
366 699 485 756 scripturus
495 711 557 754 esset,
567 719 592 747 ea
601 698 728 758 priusquam
737 697 838 746 scriberet
847 697 914 761 oculis
923 699 982 749 vide-

200 783 232 818 ret
245 772 296 824 suis,
309 791 336 818 ne
348 771 463 818 affirmaret
476 771 593 828 quicquam
606 771 633 818 de
646 790 690 827 quo
702 771 748 827 ipse
761 772 833 818 minus
845 782 915 818 certus
928 786 982 821 esset

200 856 221 891 et
236 843 280 891 ullo
296 863 347 891 cum
363 844 430 892 dubio
446 843 577 902 loqueretur.
891 899 892 902 Ἴ
1032 899 1033 911 ἢ

242 916 335 966 Proinde
343 915 397 965 illud
406 928 437 964 cst
443 915 519 971 laudis,
529 915 624 981 honoris,
633 915 712 974 gloriae
719 929 829 965 assecutus
838 916 898 975 quod
906 916 985 967 iudicio

162 990 187 1037 10
203 1007 278 1036 eorum
287 989 402 1036 hominum
411 989 448 1045 qui
458 1001 509 1036 sunt
518 989 580 1046 periti
590 1001 611 1036 et
620 1008 671 1035 sane
680 988 713 1035 his
723 989 750 1036 de
759 989 823 1036 rebus
832 988 927 1036 iudioare
935 1010 984 1047 pos·

201 1073 252 1109 sunt
261 1081 318 1110 unus
328 1062 374 1120 ipse
384 1062 411 1110 sit
421 1081 447 1109 ex
456 1060 497 1123 illis
508 1061 545 1120 qui
556 1080 607 1109 cum
616 1060 704 1109 veritate
714 1080 738 1109 ac
749 1060 896 1119 magnitudine
906 1079 984 1119 rerum,
1033 1057 1047 1111 s

202 1146 250 1181 tum
263 1135 367 1191 dignitate
380 1154 404 1182 ac
418 1146 495 1182 ornatu
508 1134 624 1183 verborum
637 1134 692 1182 inter
705 1135 824 1182 rarissimos
838 1146 984 1184 numerantur.

205 1205 280 1263 Ipsum
295 1225 345 1254 vero
356 1206 378 1253 in
390 1205 503 1254 scribenda
514 1206 602 1255 historia
613 1205 766 1262 Quintilianus,
779 1206 820 1254 hoc
831 1206 854 1253 in
865 1223 943 1263 genere
953 1226 985 1255 se-
1034 1202 1047 1250 ,s

202 1297 265 1327 verus
280 1292 301 1327 et
319 1279 387 1337 gravis
405 1278 476 1332 iudex,
494 1279 600 1337 adaequat
614 1278 747 1336 Thucydidi,
763 1279 801 1336 qui
817 1277 914 1339 Graecus
928 1281 986 1337 apud
1034 1272 1036 1303 ³

163 1352 187 1400 l5
205 1350 299 1400 Graecos
316 1351 453 1400 historiarum
468 1351 559 1410 scriptor
573 1350 683 1399 Ciceronis
694 1351 799 1399 sententia
814 1363 886 1399 tantus
902 1350 986 1402 efforuit

204 1425 264 1482 quod
278 1424 364 1473 dicendi
380 1423 469 1473 artificio
485 1437 579 1473 caeteros
589 1423 708 1473 antecellat.
723 1443 732 1467 t
743 1424 801 1472 Nam
811 1425 840 1471 ita
850 1424 925 1472 creber
935 1438 967 1473 est
975 1443 983 1466 n

203 1495 274 1554 inquit
281 1516 367 1546 «rerum
376 1496 496 1554 frequentia
505 1497 566 1555 quod
574 1496 690 1545 verborum
699 1515 767 1554 prope
776 1515 892 1544 numerum
901 1509 986 1545 senten·
1034 1502 1040 1553 ζ

203 1571 282 1618 tiarum
296 1589 386 1619 numero
396 1581 547 1627 consequatur.
558 1570 589 1619 lta
599 1588 664 1629 porro
673 1570 744 1619 verbis
754 1582 786 1619 est
796 1562 860 1637 aptus
869 1581 891 1618 et
900 1589 986 1628 pressus

201 1656 226 1691 ut
242 1645 324 1692 nescias
339 1656 413 1692 utrum
429 1662 462 1691 res
478 1645 574 1691 oratione
589 1664 616 1691 an
627 1643 692 1691 verba
702 1644 813 1692 sententiis
824 1643 963 1693 illustrentur.
975 1662 983 1685 >t

160 1717 188 1763 20
204 1715 325 1764 Peritorum
338 1728 411 1764 autem
424 1736 436 1763 e
447 1735 537 1764 numero
548 1715 662 1764 Sallustius
673 1715 800 1764 familiarem
811 1714 886 1764 habuit
897 1715 986 1764 Cornel-
1035 1741 1046 1771 ς

203 1787 257 1837 lium
270 1788 386 1849 Nepotem,
399 1789 436 1848 qui
450 1801 505 1838 esset
517 1789 549 1838 vir
561 1801 582 1838 et
595 1788 641 1837 istis
653 1788 676 1837 in
687 1787 763 1838 litteris
776 1788 857 1848 peritus
870 1789 953 1847 egregie
965 1800 987 1838 et

204 1862 246 1910 isto
253 1863 277 1910 in
286 1881 363 1920 genere
371 1861 497 1910 scribendae
503 1861 611 1923 {historiae
620 1875 745 1916 versaretur;
754 1862 830 1910 habuit
838 1862 863 1910 P.
871 1860 985 1920 Nigidium

206 1934 314 1992 Figulum,
323 1935 395 1983 virum
403 1935 461 1981 iuxta
469 1934 596 1989 Varronem,
605 1954 672 1992 quem
680 1935 831 1982 doctissimum
839 1933 987 1982 Romanorum

204 2007 320 2065 appellant,
331 2007 432 2056 omnibus
442 2007 464 2055 in
475 2007 578 2055 doctrinis
589 2006 668 2065 quibus
678 2019 734 2055 esset
744 2019 797 2056 tunc
807 2006 928 2055 humanitas
939 2026 987 2056 eru·
1044 1999 1047 2016 ³

160 2080 188 2129 25
205 2079 249 2128 dita
262 2079 396 2129 confessione
409 2081 508 2128 omnium
520 2079 692 2138 praecellentem
705 2079 780 2128 habuit
793 2079 929 2129 Ciceronem.
944 2078 987 2128 Sed
1036 2087 1038 2112 Γ

205 2152 270 2202 huius
284 2154 380 2211 primum
395 2173 447 2202 usus
463 2165 495 2201 est
510 2152 655 2202 benivolentia
671 2166 691 2201 et
707 2152 849 2202 familiaritate
865 2151 986 2207 Sallustius,

204 2237 278 2282 postea
288 2244 339 2272 vero
350 2225 422 2271 nescio
432 2243 498 2282 quam
508 2224 537 2271 ob
547 2243 594 2272 rem
603 2223 714 2273 voluntate
724 2236 806 2272 mutata
816 2224 893 2277 exarsit
903 2225 926 2272 in
936 2243 987 2273 eum

170 2320 171 2323 ¹
204 2298 254 2346 odio
265 2310 325 2346 tanto
336 2297 396 2355 quod
406 2296 519 2356 frequente
529 2310 604 2347 senatu
621 2297 749 2353 invectivam
759 2297 781 2346 in
793 2317 844 2346 eum
852 2296 953 2346 acerbam
963 2317 987 2346 ac

169 2392 171 2395 ·
204 2370 277 2418 multis
292 2370 428 2419 contumeliis
448 2370 534 2429 plenam
554 2370 649 2419 haberet.
1038 2427 1047 2433 „

160 2443 190 2490 30
247 2442 372 2490 Terentiam
385 2462 473 2500 quoque
486 2443 620 2500 repudiatam
632 2462 645 2490 a
658 2442 763 2490 Cicerone
775 2460 865 2491 uxorem
883 2442 952 2496 duxit,
965 2453 988 2489 ut
1046 2460 1047 2479 ³

203 2514 231 2562 ab
243 2535 268 2563 ea
279 2525 334 2573 quae
346 2515 422 2572 perdiu
434 2534 485 2562 cum
497 2515 574 2563 marito
585 2514 710 2563 dulcissime
721 2515 801 2564 vixerat
812 2527 834 2563 et
845 2514 987 2563 archanorum

204 2588 289 2635 conscia
300 2600 417 2646 putaretur,
429 2600 535 2645 quantum
545 2588 652 2642 existimo,
662 2587 748 2649 eliceret
758 2589 830 2636 omnia
840 2587 899 2636 unde
909 2587 989 2635 obscu·

200 2757 226 2795 13.
240 2758 297 2802 Quint.
310 2760 350 2798 lust.
363 2758 384 2797 X.
401 2758 415 2795 1.
431 2758 469 2795 101.
521 2759 541 2795 15
560 2758 596 2797 Εἰς.
609 2759 634 2797 De
646 2758 676 2795 Or.
691 2757 713 2794 11.
728 2758 750 2796 56

201 2911 220 2954 1.
234 2909 265 2956 Ex
280 2910 459 2964 Traijecissecorr.
518 2909 547 2955 ll.
563 2928 610 2955 curn
623 2928 647 2957 ex
660 2921 705 2955 tum
714 2928 763 2957 corr.
821 2910 851 2956 14.
866 2912 896 2957 Ex
905 2910 987 2962 Tuchy·

161 2977 202 3021 didi
217 2995 265 3022 corr.
281 2978 347 3032 (eriam
361 2984 381 3022 r'n
396 2976 475 3033 iudice).
1038 2976 1040 2978 ¹
