2093 3253
166 221 202 270 100
256 269 257 272 ,
460 238 554 270 srccours
564 240 689 270 ἰοιιιιιοιιι

207 370 258 401 vero
273 353 377 402 insidiis
372 364 404 401 mt
395 351 504 402 terfectus
511 365 543 401 est
556 352 670 402 Romulus
684 353 754 413 Vulgo
767 368 840 403 autem
858 356 972 404 creditus
966 376 988 406 m

206 426 289 474 caelum
298 426 394 502 evolasse
402 438 467 501 atque
477 444 517 496 pro
526 426 572 490 cleo
567 427 637 489 apud
646 426 756 496 Romanos
766 428 843 486 perdiu
853 427 939 488 habitus
949 443 988 478 est.
1036 452 1047 490 Il

189 522 191 524 ·
248 500 338 547 Annum
352 488 403 548 vero
413 496 468 556 post
485 494 624 547 Romulum
620 493 737 548 mortuum
748 501 805 557 regia
821 502 904 549 vacavit
920 500 989 551 sedes.
1044 491 1045 502 ³

209 572 235 620 ld
249 584 335 630 tempus
350 573 497 630 interregnum
512 570 645 630 appellatum
660 585 700 621 est
715 572 792 622 Rem
786 586 867 622 interea
882 573 989 632 guberna·
1044 589 1047 639 j

180 646 192 695 5
209 659 260 693 runt
279 658 357 704 patres,
378 645 416 693 sed
434 646 493 704 apud
511 665 581 694 unum
599 646 685 695 lictores
704 647 770 695 modo
789 647 919 706 dicendique
936 648 989 696 iuris
1035 637 1044 697 ,²

205 732 299 776 potestas
314 739 338 767 ac
358 718 449 776 insignia
467 719 522 776 regis
541 732 608 767 erant.
625 719 646 767 Is
665 720 742 777 quinto
760 740 848 779 quoque
867 720 990 769 mutabatur
1042 753 1046 784 i

207 791 243 840 die
257 804 285 847 et,
300 792 404 849 quoniam
418 791 473 848 regis
493 790 563 838 obiret
583 791 647 845 vices,
662 791 755 840 interrex
770 804 857 840 vocatus
872 798 911 841 est.
932 791 990 841 Hinc

207 864 341 913 consuetudo
355 865 420 913 etiam
438 875 487 922 post
505 875 590 920 exactos
609 882 668 923 reges
680 864 747 913 libera
762 865 847 914 civitate
865 865 951 920 mansit,
966 881 990 915 ut
1044 866 1047 900 i

207 936 310 985 creandos
325 937 353 984 ad
373 937 516 993 magistratus,
539 934 600 984 cum
613 937 696 984 deesset
718 937 801 991 consul,
824 950 877 985 tunc
898 939 990 987 interrex

168 1010 195 1059 ll]
209 1009 247 1067 qui
262 1008 350 1057 liaberet
364 1007 451 1056 comitia
465 1006 507 1055 hoc
516 1007 615 1065 exemplo
626 1028 653 1056 ex
663 1008 739 1056 ordine
749 1021 864 1057 crearetur.

264 1081 365 1141 Denique
380 1080 454 1130 Numa
469 1080 588 1140 Pompilius
603 1102 615 1130 e
630 1080 725 1130 Curibus
740 1080 826 1130 Sabinis
841 1081 924 1140 (civitas
939 1082 991 1132 haec

209 1156 340 1205 Sabinorum
354 1155 443 1213 antiqua
462 1152 513 1212 luit)
527 1166 615 1203 vocatus
640 1154 668 1203 ad
693 1174 785 1213 regnum
809 1156 875 1205 veuit.
895 1155 990 1215 Populus

208 1250 281 1289 regem
295 1229 354 1277 hunc
373 1228 431 1286 legit,
452 1240 522 1276 ratum
548 1240 634 1276 senatus
659 1227 742 1283 habuit,
763 1248 831 1286 augur
851 1230 991 1278 consecravit.

209 1303 264 1367 Rem
278 1303 318 1350 iste
333 1302 453 1350 Romanam
468 1320 512 1348 non
522 1300 584 1349 bellis
593 1301 632 1349 sed
642 1301 732 1359 legibus,
743 1320 802 1359 pace,
813 1301 916 1359 religione
925 1303 991 1350 auxit.

170 1376 195 1426 15
210 1375 298 1436 Quippe
312 1374 419 1434 templum
436 1374 487 1423 lano
505 1373 545 1432 (sic
562 1373 621 1422 euim
638 1373 775 1433 appellabant
792 1372 877 1433 solem),
894 1388 919 1424 ut
936 1390 992 1424 esset

208 1449 290 1507 populo
305 1449 391 1506 signum
406 1447 456 1495 belli
471 1460 578 1504 apertum,
593 1448 651 1505 pacis
666 1446 770 1501 clausum,
785 1446 844 1495 fecit.
859 1446 992 1513 Capitolium

208 1521 322 1569 edificavit.
337 1520 391 1568 Dies
406 1518 480 1573 lastos,
496 1518 576 1577 quibus
591 1537 654 1576 agere
669 1538 719 1566 cum
735 1517 817 1576 populo
832 1537 857 1566 ac
872 1518 943 1568 dicere
958 1520 992 1568 ius
1035 1548 1047 1579 5

209 1586 288 1649 liceret,
303 1606 325 1643 et
339 1591 440 1649 nelastos‚
453 1591 533 1652 quibus
546 1612 590 1641 non
602 1591 682 1647 liceret,
695 1591 796 1642 instituit.
812 1590 903 1643 Annum
913 1591 958 1642 Xll
970 1593 992 1643 in
1036 1587 1047 1632 i

209 1687 293 1716 menses
306 1666 387 1716 lunae
381 1666 477 1714 imitatus
489 1683 578 1714 cursum
590 1664 669 1714 divisit.
682 1664 805 1714 Conversus
817 1684 869 1715 vero
880 1667 908 1715 ad
921 1666 992 1715 divina

168 1741 197 1789 20
211 1752 243 1788 et
247 1739 367 1788 sacerdotes
381 1738 472 1786 deorum
487 1739 565 1797 cuique
580 1757 630 1786 suos
645 1749 673 1791 et,
689 1757 726 1796 qur
721 1739 864 1786 sacerdocio
879 1751 992 1797 praeesset,
1019 1739 1021 1743 ’
1037 1742 1046 1797 f

211 1801 336 1872 pontificem
356 1812 475 1861 maximum
502 1824 560 1860 certa
584 1810 631 1870 lege
658 1812 777 1860 constituit
802 1812 878 1860 Annos
898 1813 994 1871 regnavit

210 1885 284 1936 Numa
299 1886 398 1936 XLllll.

245 1961 330 2018 lpsum
344 1978 395 2008 vero
412 1970 498 2007 secutus
516 1971 548 2006 est
565 1957 644 2005 Tullus
662 1957 776 2006 Hostilius.
792 1958 886 2007 Romulo
903 1958 995 2007 ferocior

211 2034 251 2081 iste
265 2032 371 2091 populum
386 2031 429 2079 iam
444 2030 511 2090 quieti
526 2051 551 2078 ac
565 2030 648 2088 legibus
663 2043 773 2093 assuetum
788 2031 815 2078 ad
830 2030 885 2079 bella
900 2043 921 2079 et
935 2049 994 2078 arma
1036 2020 1047 2080 ]'

170 2107 198 2158 25
214 2107 305 2156 reduxit.
320 2106 398 2156 Albam
409 2105 491 2154 evertit.
502 2104 586 2154 Bellum
597 2124 647 2153 cum
658 2103 743 2153 Sabinis
754 2105 826 2162 gessit.
1039 2165 1047 2171 Ἰ

254 2179 348 2227 Hostilio
362 2191 442 2233 autem,
457 2178 495 2235 qui
509 2198 577 2225 annos
592 2178 688 2235 regnavit
702 2178 757 2227 duos
771 2191 792 2226 et
806 2177 878 2232 XXX,
893 2179 995 2228 successit

210 2252 300 2301 Auchus
316 2251 417 2300 Martius.
432 2249 482 2297 Hoc
496 2269 508 2297 a
523 2268 572 2308 rege
587 2268 659 2297 carcer
673 2249 769 2307 primurn
785 2250 866 2298 Romae
881 2251 909 2298 ad
923 2250 994 2299 deter¹

211 2327 290 2375 rendos
305 2320 380 2374 noxios
389 2323 459 2372 media
468 2324 490 2372 in
499 2324 584 2372 civitate
592 2322 669 2372 lactus.
678 2323 765 2373 Deinde
773 2337 797 2373 ut
805 2324 861 2374 bella
870 2326 914 2383 geri
922 2324 995 2384 aliquo

212 2400 255 2447 ritu
270 2399 349 2457 pieque
368 2418 399 2446 ac>
412 2398 468 2445 iuste
487 2397 553 2445 indici
573 2397 704 2451 viderentur,
725 2397 775 2445 sunt
801 2398 930 2446 cerimoniae
949 2397 995 2454 lege

169 2472 199 2520 30
213 2472 307 2530 quadam
322 2471 432 2519 institutae
442 2467 522 2528 quibus
534 2481 555 2518 et
566 2467 647 2520 fecialis
657 2481 678 2517 et
690 2482 750 2527 pater
760 2481 863 2527 patratus
875 2470 912 2527 qui
924 2481 995 2517 essent
1040 2469 1046 2520 ἕ

212 2544 240 2594 ad
254 2564 302 2594 eam
316 2563 362 2593 rern
377 2542 447 2600 legati,
460 2562 512 2591 cum
525 2540 606 2591 bellurn
619 2541 746 2597 indicerent,
759 2555 877 2591 uterentur.
891 2541 996 2600 Regnavit
1045 2565 1046 2568 ¹

212 2616 302 2666 Auchus
319 2611 403 2665 llll'et
416 2614 459 2663 XX
473 2634 548 2663 annos.

256 2690 307 2737 Post
331 2688 434 2737 Anchum
457 2706 509 2736 vero
533 2707 600 2735 annos
626 2688 723 2745 regnavit
749 2686 883 2746 Tarquinius
911 2687 996 2735 Priscus

214 2760 343 2811 XXXVlll.
359 2761 443 2809 Locum
458 2759 515 2808 circo
527 2759 625 2808 Maximo
635 2771 701 2819 atque
712 2759 772 2814 ineo
783 2759 852 2814 sedes
864 2758 901 2808 ubi
913 2771 996 2824 specta-
1039 2761 1041 2780 ³

173 2835 201 2884 35
216 2834 264 2884 cula
278 2834 332 2883 ordo
349 2834 442 2893 quisque
459 2851 499 2891 pro
517 2832 620 2890 dignitate
637 2845 749 2891 spectaret,
767 2832 887 2892 designavit
904 2832 997 2896 Priscus.¹

210 3020 231 3064 3.
245 3036 292 3064 vero
306 3024 319 3063 ι’.
335 3037 350 3062 r.
404 3013 438 3062 35.
452 3014 501 3060 ordo
514 3035 559 3075 saca.
