2093 3253
168 191 208 240 386
467 207 560 239 srccours
574 207 690 239 rouuurour

253 323 328 370 Postea
342 340 394 370 vero
408 342 459 369 cum
473 322 589 380 Pompeius
603 336 624 371 et
638 324 676 381 qui
690 342 768 370 eocum
781 317 899 370 Brundusii
913 323 994 373 obsessi
1008 381 1010 387 7

211 407 271 442 erant
286 394 339 441 mari
349 406 424 453 aperto
435 393 569 452 Dyracbium
579 395 719 457 traiecissent,
731 393 809 442 Cicero
820 407 893 443 autem
903 408 927 443 ut
938 396 994 444 redi=

211 473 242 516 ret
257 467 285 517 ad
299 466 376 515 urbem
391 466 455 515 nullis
474 467 553 516 adduci
573 468 648 517 litteris
668 467 781 527 potuisset,
801 468 860 517 adire
879 469 952 527 ipsum
971 491 994 520 ac

211 540 270 599 loqui
285 560 360 587 secum
375 539 460 588 Caesari
470 539 558 597 placuit.
571 540 635 589 lllum
645 541 734 599 quidem
743 541 771 588 ad
781 560 804 588 se
814 541 887 588 venire
896 541 934 588 ubi
944 541 994 590 alla-

185 612 198 661 5
214 625 262 661 tum
276 624 315 666 est,
327 610 427 660 Ciceroni
438 624 523 669 gratum
534 612 703 671 haudquaquam
713 610 762 665 luit,
773 624 822 660 tum
832 613 892 671 quod
901 625 995 662 mentem

212 684 269 733 illius
283 703 332 742 erga
342 704 365 732 se
374 684 482 741 cognitam
492 684 551 733 haud
560 686 610 733 satis
620 685 715 738 baberet,
725 697 773 732 tum
782 685 843 743 quod
852 685 931 733 dubius
942 700 996 735 esset

213 758 293 816 quibus
307 757 385 811 verbis,
400 777 444 815 quo
457 756 519 805 vultu
533 757 655 806 venientem
668 757 696 806 ad
710 777 732 805 se
746 756 859 806 inimicum
872 771 959 807 senatus
972 779 996 808 ac

213 832 243 879 rei
258 830 357 888 publicae
372 849 522 895 oppressorem
534 832 648 888 exciperet.
662 830 740 888 Neque
753 850 804 879 vero
817 830 895 878 Caesar
907 832 935 878 ad
947 852 997 880 eum

213 904 286 951 animo
301 904 351 951 satis
362 902 445 962 placato
455 902 520 950 venit.
531 902 605 951 Salute
615 922 701 963 nanque
711 922 722 950 e
733 921 792 951 more
802 903 851 951 data
862 904 997 963 invicemque

175 977 201 1025 10
216 988 300 1034 recepta
315 976 410 1034 primum
427 989 516 1034 questus
534 989 566 1024 est
584 976 662 1024 Caesar
678 996 745 1034 seque
762 976 832 1024 verbis
848 975 904 1024 lerre
914 991 998 1035 gravate

215 1049 316 1103 ostendit,
332 1048 392 1106 quod
407 1048 491 1105 saepius
506 1048 593 1105 rogatus
607 1049 635 1096 ad
649 1048 734 1101 urbem,
750 1049 811 1106 quasi
826 1047 937 1097 damnaret
952 1050 997 1098 eius

214 1141 307 1175 causam,
318 1141 362 1169 non
372 1119 468 1174 redisset,
479 1119 558 1169 deinde
567 1132 591 1168 ut
601 1119 680 1169 rediret
689 1140 764 1168 secum
774 1119 842 1169 multa
851 1121 998 1171 exhortatione

215 1194 326 1252 multaque
336 1212 399 1252 prece
411 1193 500 1251 rogavit.
514 1193 609 1241 'Romam
625 1193 703 1241 Caesar
719 1192 782 1251 pulso
796 1192 857 1241 ltalia
868 1194 930 1242 hoste
945 1207 997 1243 tunc

214 1266 316 1325 pergebat
331 1266 368 1313 ire.
380 1265 416 1312 Ad
427 1285 451 1312 ea
463 1283 514 1313 vero
525 1285 581 1323 quae
592 1278 674 1323 peteret
686 1264 764 1312 Caesar
776 1286 799 1313 se
811 1262 888 1313 Cicero
900 1268 996 1330 neutrius

159 1402 161 1404 ‚
176 1339 201 1389 15
217 1340 284 1398 partis
291 1358 337 1387 esse
345 1357 369 1388 ac
378 1337 484 1386 demorari
492 1338 537 1386 suis
543 1338 565 1386 in
571 1337 671 1396 praediis,
677 1338 790 1387 utamicus
796 1339 910 1397 utriusque
918 1352 997 1397 posset,

215 1412 233 1459 si
249 1412 334 1460 daretur
349 1410 439 1464 occasio,
451 1410 479 1458 ad
490 1430 566 1467 pacem
577 1410 713 1468 interponere
725 1430 755 1465 se,
768 1410 887 1468 respondit.
897 1411 937 1459 His
946 1432 999 1460 nan·

216 1505 259 1543 que
273 1496 338 1542 atque
353 1482 417 1531 huius
429 1482 488 1530 modi
498 1482 546 1530 aliis
557 1481 641 1537 Cicero,
652 1482 713 1541 quod
723 1483 751 1530 ad
761 1479 839 1542 urbem
849 1483 928 1531 totiens
939 1503 999 1542 roga-

216 1571 251 1606 tus
266 1577 310 1605 non
325 1556 422 1609 redisset,
435 1555 555 1603 rationibus
568 1555 690 1604 excusabat.
704 1555 806 1614 Denique
818 1556 846 1604 ad
859 1576 909 1604 eum
922 1556 1000 1604 Caesar

217 1629 289 1679 «Veni
299 1645 308 1669 ))
319 1628 390 1686 inquit
400 1645 409 1668 l
418 1648 476 1676 nunc
486 1640 508 1675 et
517 1648 557 1685 age
567 1628 595 1677 de
605 1649 664 1687 pace.
675 1645 684 1669 t>
694 1644 703 1668 (t
713 1628 794 1677 Meone
803 1638 812 1668 ἱ)
822 1642 870 1678 tum
881 1630 951 1688 inquit
963 1626 1000 1679 Ci-

175 1703 204 1752 20
218 1722 268 1751 cero
282 1719 291 1741 a
299 1701 418 1749 arbitratu?
428 1717 437 1741 1)
454 1718 462 1740 a
471 1700 644 1750 Praescribamne
660 1700 716 1750 tibi?
725 1717 734 1740 l
751 1701 822 1759 inquit
839 1701 924 1751 Caesar.
941 1702 1001 1751 Tum

217 1774 294 1822 Cicero
305 1774 336 1820 sic
348 1772 426 1830 inquit:
439 1773 547 1820 «Veniam
558 1785 583 1820 ut
595 1773 666 1820 dicam
678 1793 722 1820 non
734 1772 818 1830 placere
826 1775 909 1822 senatui
918 1775 941 1821 in
949 1774 1000 1821 His·

216 1846 290 1906 panias
302 1846 334 1902 iri,
347 1866 391 1894 non
402 1844 486 1904 placere
497 1846 615 1895 exercitum
626 1846 649 1894 in
663 1845 778 1895 Graeciam
793 1847 940 1905 transportari,
957 1868 1000 1896 non

217 1920 301 1979 placere
315 1920 344 1967 ad
358 1919 440 1968 bellum
454 1920 527 1977 copias
542 1932 563 1967 et
577 1938 636 1967 arma
651 1919 748 1978 parari.»
763 1919 824 1967 Tum
839 1919 917 1968 Caesar
932 1937 941 1960 a
950 1921 1001 1969 haec

218 1993 260 2039 dici
276 2012 320 2039 non
334 1991 384 2039 volo
393 2007 402 2030 >t
413 1991 491 2048 inquit.
502 2008 511 2030 ⁴(
521 1991 553 2038 lta
564 1992 667 2048 putabam
677 2008 686 2031 t>
697 2011 747 2038 mox
758 1990 836 2038 Cicero
846 1992 882 2046 ait;
894 1993 1001 2050 «proinde

176 2064 204 2113 25
219 2064 247 2113 ad
261 2063 339 2113 urbem
353 2083 397 2112 non
407 2063 477 2111 redire
490 2062 599 2117 constitui,
611 2082 638 2111 ne
651 2082 752 2121 praesens
765 2076 802 2111 aut
816 2063 887 2112 dicam
897 2084 953 2121 quae
963 2064 1001 2113 tibi

218 2135 345 2195 displiceant
353 2147 390 2184 aut
399 2134 474 2183 sileam
482 2155 537 2193 quae
546 2135 635 2183 omnino
644 2156 679 2184 me
688 2134 759 2183 dicere
767 2156 818 2184 cum
826 2155 867 2194 pro
876 2156 923 2184 mea
932 2136 1002 2194 digni·
1015 2178 1017 2182 .
1038 2138 1040 2140 ’

218 2221 261 2257 tate
275 2220 324 2257 tum
338 2228 378 2268 pro
392 2208 451 2256 bono
467 2219 524 2256 statu
539 2207 570 2256 rei
585 2207 685 2267 publicae
700 2220 835 2267 oporteret.»
851 2208 963 2258 Postremo
978 2229 1002 2258 ea

218 2283 334 2330 verborum
344 2301 429 2330 summa
439 2280 486 2328 luit
493 2293 518 2328 ut
530 2281 688 2329 deliberaturus
700 2278 820 2329 remaneret
830 2281 914 2336 Cicero,
924 2282 1002 2331 Caesa·

219 2355 248 2402 ris
262 2372 313 2402 vero
327 2354 425 2402 animum
439 2352 567 2410 intelligeret
576 2372 625 2411 erga
634 2374 657 2401 se
667 2353 836 2413 haudquaquam
845 2354 953 2402 sincerum
963 2374 1002 2402 nec

177 2427 206 2476 30
221 2427 304 2484 bonum
319 2447 372 2476 esse.
388 2425 466 2475 Caesar
480 2446 568 2485 quoque
582 2427 611 2474 ita
625 2439 657 2475 est
672 2426 780 2491 digressus
794 2427 821 2475 ab
836 2447 862 2475 eo
876 2439 900 2475 ut
915 2428 942 2476 de
956 2429 1003 2486 ipso

220 2502 287 2559 magis
296 2500 379 2558 opinari
389 2499 444 2547 bene
453 2518 519 2556 quarn
528 2499 605 2556 gratias
615 2499 656 2546 sibi
666 2497 745 2547 relerre
755 2512 835 2557 posset.

262 2572 372 2621 Remansit
387 2570 460 2629 itaque
471 2569 515 2618 suis
526 2570 549 2618 in
560 2569 653 2628 praediis
665 2569 749 2619 Cicero.
764 2570 842 2619 ltinere
853 2584 926 2620 autem
937 2572 1002 2620 desti·

220 2659 270 2694 nato
285 2645 378 2693 Romam
392 2643 471 2692 Caesar
479 2643 524 2697 ivit,
534 2643 572 2692 ubi
581 2644 662 2692 aerario
671 2642 778 2702 perfracto
786 2664 811 2691 ac
825 2644 907 2702 legibus
921 2646 1002 2694 violatis

220 2730 241 2765 et
256 2718 365 2765 dictatoris
384 2716 483 2774 perpetui
502 2736 582 2763 nomen
601 2728 622 2763 ct
638 2715 802 2774 magistratuum
817 2717 916 2765 omnium
932 2730 1003 2775 potes·

230 2851 256 2889 18.
269 2849 305 2888 Cic.
317 2848 353 2889 Aa.
366 2849 396 2887 lx.
412 2849 438 2886 18.

232 2971 264 3019 29.
279 2969 411 3026 int(el)ligeret
425 2975 439 3014 ι’.
454 2988 476 3021 r.;
486 2968 528 3014 erat
543 2986 588 3023 erga
602 2973 636 3015 se?
