<?xml version="1.0" encoding="UTF-8"?>
<!DOCTYPE html PUBLIC "-//W3C//DTD XHTML 1.0 Transitional//EN"
    "http://www.w3.org/TR/xhtml1/DTD/xhtml1-transitional.dtd">
<html xmlns="http://www.w3.org/1999/xhtml" xml:lang="en" lang="en">
 <head>
  <title>
</title>
<meta http-equiv="Content-Type" content="text/html;charset=utf-8" />
  <meta name='ocr-system' content='tesseract 3.04.00' />
  <meta name='ocr-capabilities' content='ocr_page ocr_carea ocr_par ocr_line ocrx_word'/>
</head>
<body>
  <div class='ocr_page' id='page_1' title='image "MN40033ucmf_2_0191.png"; bbox 0 0 2093 3253; ppageno 0'>
   <div class='ocr_carea' id='block_1_1' title="bbox 243 152 866 198">
    <p class='ocr_par' dir='ltr' id='par_1_1' title="bbox 243 152 866 198">
     <span class='ocr_line' id='line_1_1' title="bbox 243 152 866 198; baseline 0 -2"><span class='ocrx_word' id='word_1_1' title='bbox 243 165 374 196; x_wconf 76' lang='lat' dir='ltr'>scarrronuu</span> <span class='ocrx_word' id='word_1_2' title='bbox 389 167 515 197; x_wconf 78' lang='lat' dir='ltr'>uuusmraru</span> <span class='ocrx_word' id='word_1_3' title='bbox 528 179 542 183; x_wconf 92' lang='lat'><em>-</em></span> <span class='ocrx_word' id='word_1_4' title='bbox 556 166 614 197; x_wconf 76' lang='lat' dir='ltr'>urana</span> <span class='ocrx_word' id='word_1_5' title='bbox 629 168 656 198; x_wconf 86' lang='lat' dir='ltr'>rv.</span> <span class='ocrx_word' id='word_1_6' title='bbox 832 152 866 198; x_wconf 81' lang='lat'>121</span> 
     </span>
    </p>
   </div>
   <div class='ocr_carea' id='block_1_2' title="bbox 54 272 934 2736">
    <p class='ocr_par' dir='ltr' id='par_1_2' title="bbox 54 272 934 2736">
     <span class='ocr_line' id='line_1_2' title="bbox 89 272 872 349; baseline -0.003 -18"><span class='ocrx_word' id='word_1_7' title='bbox 89 281 183 348; x_wconf 84' lang='lat' dir='ltr'>quodam</span> <span class='ocrx_word' id='word_1_8' title='bbox 197 281 301 340; x_wconf 87' lang='lat' dir='ltr'>temporis</span> <span class='ocrx_word' id='word_1_9' title='bbox 313 272 378 331; x_wconf 90' lang='lat' dir='ltr'>cursu</span> <span class='ocrx_word' id='word_1_10' title='bbox 389 280 467 349; x_wconf 81' lang='lat' dir='ltr'>(annus</span> <span class='ocrx_word' id='word_1_11' title='bbox 479 281 548 331; x_wconf 84' lang='lat' dir='ltr'>lerme</span> <span class='ocrx_word' id='word_1_12' title='bbox 559 302 603 331; x_wconf 92' lang='lat' dir='ltr'>non</span> <span class='ocrx_word' id='word_1_13' title='bbox 614 282 697 342; x_wconf 78' lang='lat' dir='ltr'>integer</span> <span class='ocrx_word' id='word_1_14' title='bbox 713 280 764 348; x_wconf 70' lang='lat' dir='ltr'>tuit)</span> <span class='ocrx_word' id='word_1_15' title='bbox 780 281 872 340; x_wconf 88' lang='lat' dir='ltr'>impera-</span> 
     </span>
     <span class='ocr_line' id='line_1_3' title="bbox 88 354 872 421; baseline -0.004 -17"><span class='ocrx_word' id='word_1_16' title='bbox 88 366 144 404; x_wconf 85' lang='lat' dir='ltr'>tores</span> <span class='ocrx_word' id='word_1_17' title='bbox 154 354 240 403; x_wconf 84' lang='lat' dir='ltr'>lorturia</span> <span class='ocrx_word' id='word_1_18' title='bbox 247 366 350 403; x_wconf 89' lang='lat' dir='ltr'>mutaret.</span> <span class='ocrx_word' id='word_1_19' title='bbox 360 354 452 403; x_wconf 88' lang='lat' dir='ltr'>Paulum</span> <span class='ocrx_word' id='word_1_20' title='bbox 462 375 494 418; x_wconf 85' lang='lat' dir='ltr'>res</span> <span class='ocrx_word' id='word_1_21' title='bbox 505 355 546 404; x_wconf 92' lang='lat' dir='ltr'>sub</span> <span class='ocrx_word' id='word_1_22' title='bbox 556 355 688 421; x_wconf 71' lang='lat' dir='ltr'>Vespasiano</span> <span class='ocrx_word' id='word_1_23' title='bbox 698 355 787 414; x_wconf 87' lang='lat' dir='ltr'>quievit.</span> <span class='ocrx_word' id='word_1_24' title='bbox 796 354 872 402; x_wconf 76' lang='lat' dir='ltr'>Annos</span> 
     </span>
     <span class='ocr_line' id='line_1_4' title="bbox 89 419 873 483; baseline -0.003 -9"><span class='ocrx_word' id='word_1_25' title='bbox 89 427 123 474; x_wconf 90' lang='lat' dir='ltr'>hic</span> <span class='ocrx_word' id='word_1_26' title='bbox 138 426 213 474; x_wconf 85' lang='lat' dir='ltr'>decern</span> <span class='ocrx_word' id='word_1_27' title='bbox 227 426 347 483; x_wconf 84' lang='lat' dir='ltr'>imperavit.</span> <span class='ocrx_word' id='word_1_28' title='bbox 366 426 391 474; x_wconf 88' lang='lat' dir='ltr'>Ei</span> <span class='ocrx_word' id='word_1_29' title='bbox 409 426 474 474; x_wconf 89' lang='lat' dir='ltr'><strong>Titus</strong></span> <span class='ocrx_word' id='word_1_30' title='bbox 492 422 557 481; x_wconf 88' lang='lat' dir='ltr'>filius,</span> <span class='ocrx_word' id='word_1_31' title='bbox 576 426 629 474; x_wconf 88' lang='lat' dir='ltr'>Tito</span> <span class='ocrx_word' id='word_1_32' title='bbox 647 419 790 474; x_wconf 80' lang='lat' dir='ltr'>Domicianus</span> <span class='ocrx_word' id='word_1_33' title='bbox 808 424 873 472; x_wconf 78' lang='lat' dir='ltr'>frater</span> 
     </span>
     <span class='ocr_line' id='line_1_5' title="bbox 88 495 873 563; baseline -0.004 -15"><span class='ocrx_word' id='word_1_34' title='bbox 88 498 197 561; x_wconf 78' lang='lat' dir='ltr'>successit.</span> <span class='ocrx_word' id='word_1_35' title='bbox 208 496 252 547; x_wconf 84' lang='lat' dir='ltr'>Sed</span> <span class='ocrx_word' id='word_1_36' title='bbox 262 497 284 546; x_wconf 90' lang='lat' dir='ltr'>in</span> <span class='ocrx_word' id='word_1_37' title='bbox 296 495 349 546; x_wconf 91' lang='lat' dir='ltr'>Tito</span> <span class='ocrx_word' id='word_1_38' title='bbox 359 512 404 547; x_wconf 91' lang='lat' dir='ltr'>erat</span> <span class='ocrx_word' id='word_1_39' title='bbox 415 519 499 548; x_wconf 89' lang='lat' dir='ltr'>summa</span> <span class='ocrx_word' id='word_1_40' title='bbox 510 498 629 554; x_wconf 84' lang='lat' dir='ltr'>clementia,</span> <span class='ocrx_word' id='word_1_41' title='bbox 641 498 763 563; x_wconf 74' lang='lat' dir='ltr'>liberalitas,</span> <span class='ocrx_word' id='word_1_42' title='bbox 774 497 873 555; x_wconf 81' lang='lat' dir='ltr'>benigni·</span> 
     </span>
     <span class='ocr_line' id='line_1_6' title="bbox 64 561 872 629; baseline -0.006 -8"><span class='ocrx_word' id='word_1_43' title='bbox 64 574 75 622; x_wconf 89' lang='grc'><strong><em>5</em></strong></span> <span class='ocrx_word' id='word_1_44' title='bbox 91 584 131 625; x_wconf 87' lang='lat' dir='ltr'>tas;</span> <span class='ocrx_word' id='word_1_45' title='bbox 146 583 220 618; x_wconf 87' lang='lat' dir='ltr'>contra</span> <span class='ocrx_word' id='word_1_46' title='bbox 233 589 283 618; x_wconf 84' lang='lat' dir='ltr'>vero</span> <span class='ocrx_word' id='word_1_47' title='bbox 296 571 319 618; x_wconf 88' lang='lat' dir='ltr'>in</span> <span class='ocrx_word' id='word_1_48' title='bbox 332 561 462 619; x_wconf 84' lang='lat' dir='ltr'>Domiciano</span> <span class='ocrx_word' id='word_1_49' title='bbox 474 571 591 629; x_wconf 78' lang='lat' dir='ltr'>apparebat</span> <span class='ocrx_word' id='word_1_50' title='bbox 603 592 628 619; x_wconf 88' lang='lat' dir='ltr'>ac</span> <span class='ocrx_word' id='word_1_51' title='bbox 641 582 685 619; x_wconf 87' lang='lat' dir='ltr'>erat</span> <span class='ocrx_word' id='word_1_52' title='bbox 698 571 769 618; x_wconf 91' lang='lat' dir='ltr'>omnis</span> <span class='ocrx_word' id='word_1_53' title='bbox 782 570 872 627; x_wconf 55' lang='lat' dir='ltr'>ignavia</span> 
     </span>
     <span class='ocr_line' id='line_1_7' title="bbox 89 642 873 709; baseline -0.004 -18"><span class='ocrx_word' id='word_1_54' title='bbox 89 644 159 691; x_wconf 88' lang='lat' dir='ltr'>omnis</span> <span class='ocrx_word' id='word_1_55' title='bbox 175 642 282 699; x_wconf 88' lang='lat' dir='ltr'>superbia,</span> <span class='ocrx_word' id='word_1_56' title='bbox 299 643 369 689; x_wconf 87' lang='lat' dir='ltr'>omnis</span> <span class='ocrx_word' id='word_1_57' title='bbox 385 644 507 691; x_wconf 88' lang='lat' dir='ltr'>crudelitas.</span> <span class='ocrx_word' id='word_1_58' title='bbox 525 644 550 692; x_wconf 94' lang='lat' dir='ltr'>In</span> <span class='ocrx_word' id='word_1_59' title='bbox 566 664 641 691; x_wconf 84' lang='lat' dir='ltr'>necem</span> <span class='ocrx_word' id='word_1_60' title='bbox 656 643 736 697; x_wconf 74' lang='lat' dir='ltr'>fratris,</span> <span class='ocrx_word' id='word_1_61' title='bbox 752 643 790 709; x_wconf 89' lang='lat' dir='ltr'>qui</span> <span class='ocrx_word' id='word_1_62' title='bbox 806 642 873 689; x_wconf 88' lang='lat' dir='ltr'>maior</span> 
     </span>
     <span class='ocr_line' id='line_1_8' title="bbox 76 707 873 775; baseline -0.004 -11"><span class='ocrx_word' id='word_1_63' title='bbox 76 707 77 710; x_wconf 19' lang='lat'>¹</span> <span class='ocrx_word' id='word_1_64' title='bbox 90 729 140 764; x_wconf 90' lang='lat' dir='ltr'>natu</span> <span class='ocrx_word' id='word_1_65' title='bbox 156 715 292 764; x_wconf 85' lang='lat' dir='ltr'><strong>successisset</strong></span> <span class='ocrx_word' id='word_1_66' title='bbox 303 716 358 773; x_wconf 88' lang='lat' dir='ltr'>patri</span> <span class='ocrx_word' id='word_1_67' title='bbox 369 736 394 764; x_wconf 89' lang='lat' dir='ltr'>ac</span> <span class='ocrx_word' id='word_1_68' title='bbox 405 716 519 774; x_wconf 85' lang='lat' dir='ltr'>imperaret</span> <span class='ocrx_word' id='word_1_69' title='bbox 530 717 583 770; x_wconf 88' lang='lat' dir='ltr'>iure,</span> <span class='ocrx_word' id='word_1_70' title='bbox 594 730 750 775; x_wconf 80' lang='lat' dir='ltr'>saepenumero</span> <span class='ocrx_word' id='word_1_71' title='bbox 760 714 873 762; x_wconf 85' lang='lat' dir='ltr'>insidiatus</span> 
     </span>
     <span class='ocr_line' id='line_1_9' title="bbox 91 787 873 847; baseline -0.004 -10"><span class='ocrx_word' id='word_1_72' title='bbox 91 802 129 837; x_wconf 88' lang='lat' dir='ltr'>est.</span> <span class='ocrx_word' id='word_1_73' title='bbox 145 788 191 836; x_wconf 88' lang='lat' dir='ltr'>Hac</span> <span class='ocrx_word' id='word_1_74' title='bbox 202 806 224 836; x_wconf 88' lang='lat' dir='ltr'>re</span> <span class='ocrx_word' id='word_1_75' title='bbox 234 787 328 836; x_wconf 82' lang='lat' dir='ltr'>Statium</span> <span class='ocrx_word' id='word_1_76' title='bbox 337 801 461 847; x_wconf 90' lang='lat' dir='ltr'>permotum</span> <span class='ocrx_word' id='word_1_77' title='bbox 470 787 543 837; x_wconf 83' lang='lat' dir='ltr'>lerunt</span> <span class='ocrx_word' id='word_1_78' title='bbox 552 801 577 837; x_wconf 89' lang='lat' dir='ltr'>ut</span> <span class='ocrx_word' id='word_1_79' title='bbox 586 787 638 837; x_wconf 91' lang='lat' dir='ltr'>Tito</span> <span class='ocrx_word' id='word_1_80' title='bbox 649 790 734 837; x_wconf 90' lang='lat' dir='ltr'>vivente</span> <span class='ocrx_word' id='word_1_81' title='bbox 748 788 785 847; x_wconf 88' lang='lat' dir='ltr'>qui</span> <span class='ocrx_word' id='word_1_82' title='bbox 801 799 873 835; x_wconf 83' lang='lat' dir='ltr'>extant</span> 
     </span>
     <span class='ocr_line' id='line_1_10' title="bbox 90 853 874 918; baseline -0.003 -9"><span class='ocrx_word' id='word_1_83' title='bbox 90 853 196 909; x_wconf 88' lang='lat' dir='ltr'>Thebano</span> <span class='ocrx_word' id='word_1_84' title='bbox 212 861 239 908; x_wconf 94' lang='lat' dir='ltr'>de</span> <span class='ocrx_word' id='word_1_85' title='bbox 255 861 311 908; x_wconf 91' lang='lat' dir='ltr'>bello</span> <span class='ocrx_word' id='word_1_86' title='bbox 327 862 429 910; x_wconf 87' lang='lat' dir='ltr'>scriberet</span> <span class='ocrx_word' id='word_1_87' title='bbox 444 861 517 909; x_wconf 89' lang='lat' dir='ltr'>libros.</span> <span class='ocrx_word' id='word_1_88' title='bbox 534 861 600 918; x_wconf 87' lang='lat' dir='ltr'>Quo&#39;d</span> <span class='ocrx_word' id='word_1_89' title='bbox 615 862 674 910; x_wconf 89' lang='lat' dir='ltr'>enim</span> <span class='ocrx_word' id='word_1_90' title='bbox 689 862 800 918; x_wconf 87' lang='lat' dir='ltr'>increpare</span> <span class='ocrx_word' id='word_1_91' title='bbox 816 860 874 908; x_wconf 86' lang='lat' dir='ltr'>haud</span> 
     </span>
     <span class='ocr_line' id='line_1_11' title="bbox 54 932 873 1000; baseline -0.004 -18"><span class='ocrx_word' id='word_1_92' title='bbox 54 936 79 982; x_wconf 86' lang='lat'>10</span> <span class='ocrx_word' id='word_1_93' title='bbox 93 934 163 991; x_wconf 88' lang='lat' dir='ltr'>palam</span> <span class='ocrx_word' id='word_1_94' title='bbox 172 933 260 980; x_wconf 86' lang='lat' dir='ltr'>auderet</span> <span class='ocrx_word' id='word_1_95' title='bbox 269 934 333 980; x_wconf 89' lang='lat' dir='ltr'>tacite</span> <span class='ocrx_word' id='word_1_96' title='bbox 343 935 434 988; x_wconf 88' lang='lat' dir='ltr'>monuit,</span> <span class='ocrx_word' id='word_1_97' title='bbox 443 946 542 1000; x_wconf 87' lang='lat' dir='ltr'>caverent</span> <span class='ocrx_word' id='word_1_98' title='bbox 550 954 577 980; x_wconf 90' lang='lat' dir='ltr'>ne</span> <span class='ocrx_word' id='word_1_99' title='bbox 586 933 627 981; x_wconf 90' lang='lat' dir='ltr'>sibi</span> <span class='ocrx_word' id='word_1_100' title='bbox 636 946 660 981; x_wconf 86' lang='lat' dir='ltr'>ut</span> <span class='ocrx_word' id='word_1_101' title='bbox 668 933 779 981; x_wconf 88' lang='lat' dir='ltr'>Thebanis</span> <span class='ocrx_word' id='word_1_102' title='bbox 787 932 873 989; x_wconf 83' lang='lat' dir='ltr'>regibus</span> 
     </span>
     <span class='ocr_line' id='line_1_12' title="bbox 90 1006 873 1064; baseline 0 -11"><span class='ocrx_word' id='word_1_103' title='bbox 90 1006 190 1060; x_wconf 85' lang='lat' dir='ltr'>eveniret,</span> <span class='ocrx_word' id='word_1_104' title='bbox 206 1006 244 1063; x_wconf 85' lang='lat' dir='ltr'>qui</span> <span class='ocrx_word' id='word_1_105' title='bbox 256 1024 344 1063; x_wconf 81' lang='lat' dir='ltr'>regnare</span> <span class='ocrx_word' id='word_1_106' title='bbox 356 1027 406 1054; x_wconf 89' lang='lat' dir='ltr'>cum</span> <span class='ocrx_word' id='word_1_107' title='bbox 418 1019 494 1054; x_wconf 92' lang='lat' dir='ltr'>neuter</span> <span class='ocrx_word' id='word_1_108' title='bbox 505 1006 597 1055; x_wconf 88' lang='lat' dir='ltr'>alterum</span> <span class='ocrx_word' id='word_1_109' title='bbox 608 1019 727 1064; x_wconf 67' lang='lat' dir='ltr'>pateretur,r</span> <span class='ocrx_word' id='word_1_110' title='bbox 737 1025 803 1064; x_wconf 81' lang='lat' dir='ltr'>regno</span> <span class='ocrx_word' id='word_1_111' title='bbox 815 1018 873 1054; x_wconf 83' lang='lat' dir='ltr'>uter-</span> 
     </span>
     <span class='ocr_line' id='line_1_13' title="bbox 91 1077 873 1137; baseline -0.001 -10"><span class='ocrx_word' id='word_1_112' title='bbox 91 1098 133 1136; x_wconf 87' lang='lat' dir='ltr'>que</span> <span class='ocrx_word' id='word_1_113' title='bbox 147 1078 224 1136; x_wconf 89' lang='lat' dir='ltr'>privati</span> <span class='ocrx_word' id='word_1_114' title='bbox 238 1092 296 1127; x_wconf 89' lang='lat' dir='ltr'>sunt.</span> <span class='ocrx_word' id='word_1_115' title='bbox 309 1078 385 1127; x_wconf 78' lang='lat' dir='ltr'>Annos</span> <span class='ocrx_word' id='word_1_116' title='bbox 398 1079 426 1127; x_wconf 88' lang='lat' dir='ltr'>ad</span> <span class='ocrx_word' id='word_1_117' title='bbox 439 1079 494 1127; x_wconf 92' lang='lat' dir='ltr'>duos</span> <span class='ocrx_word' id='word_1_118' title='bbox 508 1092 557 1137; x_wconf 90' lang='lat' dir='ltr'>post</span> <span class='ocrx_word' id='word_1_119' title='bbox 570 1091 682 1128; x_wconf 88' lang='lat' dir='ltr'>mortuum</span> <span class='ocrx_word' id='word_1_120' title='bbox 695 1083 779 1137; x_wconf 81' lang='lat' dir='ltr'>patiem</span> <span class='ocrx_word' id='word_1_121' title='bbox 791 1077 873 1137; x_wconf 88' lang='lat' dir='ltr'>Vespa-</span> 
     </span>
     <span class='ocr_line' id='line_1_14' title="bbox 91 1145 872 1208; baseline 0 -11"><span class='ocrx_word' id='word_1_122' title='bbox 91 1151 175 1198; x_wconf 88' lang='lat' dir='ltr'>sianum</span> <span class='ocrx_word' id='word_1_123' title='bbox 189 1150 302 1208; x_wconf 86' lang='lat' dir='ltr'>imperavit</span> <span class='ocrx_word' id='word_1_124' title='bbox 312 1150 384 1199; x_wconf 88' lang='lat' dir='ltr'>Titus.</span> <span class='ocrx_word' id='word_1_125' title='bbox 400 1151 436 1199; x_wconf 75' lang='lat' dir='ltr'>Ad</span> <span class='ocrx_word' id='word_1_126' title='bbox 446 1151 601 1199; x_wconf 87' lang='lat' dir='ltr'>Domicianum</span> <span class='ocrx_word' id='word_1_127' title='bbox 610 1145 663 1202; x_wconf 88' lang='lat' dir='ltr'>tunc</span> <span class='ocrx_word' id='word_1_128' title='bbox 674 1152 733 1199; x_wconf 90' lang='lat' dir='ltr'>venit</span> <span class='ocrx_word' id='word_1_129' title='bbox 748 1151 872 1208; x_wconf 89' lang='lat' dir='ltr'>imperium.</span> 
     </span>
     <span class='ocr_line' id='line_1_15' title="bbox 91 1216 874 1283; baseline 0.001 -11"><span class='ocrx_word' id='word_1_130' title='bbox 91 1223 162 1273; x_wconf 84' lang='lat' dir='ltr'>Seculi</span> <span class='ocrx_word' id='word_1_131' title='bbox 177 1224 223 1273; x_wconf 89' lang='lat' dir='ltr'>eius</span> <span class='ocrx_word' id='word_1_132' title='bbox 236 1222 271 1273; x_wconf 91' lang='lat' dir='ltr'>hic</span> <span class='ocrx_word' id='word_1_133' title='bbox 284 1216 342 1274; x_wconf 84' lang='lat' dir='ltr'>labes</span> <span class='ocrx_word' id='word_1_134' title='bbox 354 1246 379 1275; x_wconf 83' lang='lat' dir='ltr'>ac</span> <span class='ocrx_word' id='word_1_135' title='bbox 392 1226 502 1275; x_wconf 88' lang='lat' dir='ltr'>sevissima</span> <span class='ocrx_word' id='word_1_136' title='bbox 514 1226 580 1283; x_wconf 89' lang='lat' dir='ltr'>pestis</span> <span class='ocrx_word' id='word_1_137' title='bbox 593 1224 642 1275; x_wconf 87' lang='lat' dir='ltr'>luit.</span> <span class='ocrx_word' id='word_1_138' title='bbox 655 1224 729 1275; x_wconf 82' lang='lat' dir='ltr'>Edixit</span> <span class='ocrx_word' id='word_1_139' title='bbox 743 1245 836 1283; x_wconf 86' lang='lat' dir='ltr'>nanque,</span> <span class='ocrx_word' id='word_1_140' title='bbox 850 1236 874 1273; x_wconf 94' lang='lat' dir='ltr'>ut</span> 
     </span>
     <span class='ocr_line' id='line_1_16' title="bbox 56 1297 876 1358; baseline 0 -12"><span class='ocrx_word' id='word_1_141' title='bbox 56 1297 79 1346; x_wconf 84' lang='grc'>15</span> <span class='ocrx_word' id='word_1_142' title='bbox 94 1297 175 1356; x_wconf 85' lang='lat' dir='ltr'>reliqua</span> <span class='ocrx_word' id='word_1_143' title='bbox 182 1310 272 1353; x_wconf 85' lang='lat' dir='ltr'>taceam,</span> <span class='ocrx_word' id='word_1_144' title='bbox 281 1298 341 1357; x_wconf 87' lang='lat' dir='ltr'>quod</span> <span class='ocrx_word' id='word_1_145' title='bbox 349 1298 472 1358; x_wconf 82' lang='lat' dir='ltr'>philosophi</span> <span class='ocrx_word' id='word_1_146' title='bbox 482 1311 504 1347; x_wconf 87' lang='lat' dir='ltr'>et</span> <span class='ocrx_word' id='word_1_147' title='bbox 512 1299 549 1358; x_wconf 88' lang='lat' dir='ltr'>qui</span> <span class='ocrx_word' id='word_1_148' title='bbox 557 1311 594 1347; x_wconf 89' lang='lat' dir='ltr'>aut</span> <span class='ocrx_word' id='word_1_149' title='bbox 605 1298 749 1357; x_wconf 82' lang='lat' dir='ltr'>mathematici</span> <span class='ocrx_word' id='word_1_150' title='bbox 757 1311 795 1347; x_wconf 89' lang='lat' dir='ltr'>aut</span> <span class='ocrx_word' id='word_1_151' title='bbox 803 1297 876 1346; x_wconf 59' lang='lat' dir='ltr'>rhetoss</span> 
     </span>
     <span class='ocr_line' id='line_1_17' title="bbox 92 1370 875 1436; baseline 0.001 -20"><span class='ocrx_word' id='word_1_152' title='bbox 92 1387 124 1417; x_wconf 89' lang='lat' dir='ltr'>res</span> <span class='ocrx_word' id='word_1_153' title='bbox 139 1382 210 1417; x_wconf 87' lang='lat' dir='ltr'>essent</span> <span class='ocrx_word' id='word_1_154' title='bbox 221 1383 242 1417; x_wconf 89' lang='lat' dir='ltr'>et</span> <span class='ocrx_word' id='word_1_155' title='bbox 253 1370 307 1418; x_wconf 88' lang='lat' dir='ltr'>urbe</span> <span class='ocrx_word' id='word_1_156' title='bbox 318 1383 339 1417; x_wconf 92' lang='lat' dir='ltr'>et</span> <span class='ocrx_word' id='word_1_157' title='bbox 349 1372 409 1418; x_wconf 90' lang='lat' dir='ltr'>omni</span> <span class='ocrx_word' id='word_1_158' title='bbox 423 1371 482 1419; x_wconf 89' lang='lat' dir='ltr'>ltalia</span> <span class='ocrx_word' id='word_1_159' title='bbox 493 1371 630 1436; x_wconf 85' lang='lat' dir='ltr'>pellerentur.</span> <span class='ocrx_word' id='word_1_160' title='bbox 647 1370 742 1419; x_wconf 90' lang='lat' dir='ltr'>Statium</span> <span class='ocrx_word' id='word_1_161' title='bbox 752 1388 810 1424; x_wconf 88' lang='lat' dir='ltr'>vero,</span> <span class='ocrx_word' id='word_1_162' title='bbox 822 1391 875 1428; x_wconf 88' lang='lat' dir='ltr'>poe·</span> 
     </span>
     <span class='ocr_line' id='line_1_18' title="bbox 92 1442 934 1501; baseline 0.001 -12"><span class='ocrx_word' id='word_1_163' title='bbox 92 1453 136 1489; x_wconf 91' lang='lat' dir='ltr'>tam</span> <span class='ocrx_word' id='word_1_164' title='bbox 151 1442 209 1489; x_wconf 89' lang='lat' dir='ltr'>hunc</span> <span class='ocrx_word' id='word_1_165' title='bbox 223 1443 290 1490; x_wconf 87' lang='lat' dir='ltr'>istum</span> <span class='ocrx_word' id='word_1_166' title='bbox 304 1443 408 1491; x_wconf 84' lang='lat' dir='ltr'>eximium</span> <span class='ocrx_word' id='word_1_167' title='bbox 422 1464 447 1491; x_wconf 87' lang='lat' dir='ltr'>ac</span> <span class='ocrx_word' id='word_1_168' title='bbox 461 1443 496 1491; x_wconf 88' lang='lat' dir='ltr'>illa</span> <span class='ocrx_word' id='word_1_169' title='bbox 510 1455 579 1491; x_wconf 88' lang='lat' dir='ltr'>aetate</span> <span class='ocrx_word' id='word_1_170' title='bbox 594 1443 714 1497; x_wconf 87' lang='lat' dir='ltr'>florentem,</span> <span class='ocrx_word' id='word_1_171' title='bbox 730 1464 774 1501; x_wconf 88' lang='lat' dir='ltr'>quo</span> <span class='ocrx_word' id='word_1_172' title='bbox 790 1463 874 1490; x_wconf 89' lang='lat' dir='ltr'>muscas</span> <span class='ocrx_word' id='word_1_173' title='bbox 932 1458 934 1462; x_wconf 86' lang='lat'>&#39;</span> 
     </span>
     <span class='ocr_line' id='line_1_19' title="bbox 61 1514 874 1575; baseline 0.001 -13"><span class='ocrx_word' id='word_1_174' title='bbox 61 1514 62 1517; x_wconf 30' lang='lat'>¹</span> <span class='ocrx_word' id='word_1_175' title='bbox 93 1514 205 1569; x_wconf 85' lang='lat' dir='ltr'>occideret,</span> <span class='ocrx_word' id='word_1_176' title='bbox 220 1528 321 1573; x_wconf 82' lang='lat' dir='ltr'>argenteo</span> <span class='ocrx_word' id='word_1_177' title='bbox 330 1514 380 1564; x_wconf 84' lang='lat' dir='ltr'>stilo</span> <span class='ocrx_word' id='word_1_178' title='bbox 389 1516 501 1571; x_wconf 85' lang='lat' dir='ltr'>transfixit,</span> <span class='ocrx_word' id='word_1_179' title='bbox 511 1516 638 1571; x_wconf 88' lang='lat' dir='ltr'>vulneravit,</span> <span class='ocrx_word' id='word_1_180' title='bbox 649 1516 748 1575; x_wconf 88' lang='lat' dir='ltr'>peremit,</span> <span class='ocrx_word' id='word_1_181' title='bbox 759 1516 874 1564; x_wconf 89' lang='lat' dir='ltr'>criminans</span> 
     </span>
     <span class='ocr_line' id='line_1_20' title="bbox 93 1588 875 1648; baseline 0.003 -12"><span class='ocrx_word' id='word_1_182' title='bbox 93 1588 152 1645; x_wconf 85' lang='lat' dir='ltr'>quod</span> <span class='ocrx_word' id='word_1_183' title='bbox 166 1589 212 1637; x_wconf 91' lang='lat' dir='ltr'>eius</span> <span class='ocrx_word' id='word_1_184' title='bbox 226 1588 253 1637; x_wconf 89' lang='lat' dir='ltr'>ad</span> <span class='ocrx_word' id='word_1_185' title='bbox 267 1589 420 1638; x_wconf 82' lang='lat' dir='ltr'>contumeliam</span> <span class='ocrx_word' id='word_1_186' title='bbox 433 1610 488 1648; x_wconf 82' lang='lat' dir='ltr'>quae</span> <span class='ocrx_word' id='word_1_187' title='bbox 502 1590 550 1638; x_wconf 86' lang='lat' dir='ltr'>dixi</span> <span class='ocrx_word' id='word_1_188' title='bbox 560 1589 615 1637; x_wconf 88' lang='lat' dir='ltr'>bella</span> <span class='ocrx_word' id='word_1_189' title='bbox 628 1589 735 1638; x_wconf 86' lang='lat' dir='ltr'>Thebana</span> <span class='ocrx_word' id='word_1_190' title='bbox 748 1589 875 1647; x_wconf 87' lang='lat' dir='ltr'>scripsisset.</span> 
     </span>
     <span class='ocr_line' id='line_1_21' title="bbox 54 1658 881 1718; baseline 0.002 -12"><span class='ocrx_word' id='word_1_191' title='bbox 54 1659 81 1705; x_wconf 76' lang='lat'>20</span> <span class='ocrx_word' id='word_1_192' title='bbox 97 1658 180 1717; x_wconf 86' lang='lat' dir='ltr'>itaquo</span> <span class='ocrx_word' id='word_1_193' title='bbox 189 1659 282 1714; x_wconf 89' lang='lat' dir='ltr'>laudem,</span> <span class='ocrx_word' id='word_1_194' title='bbox 292 1659 466 1715; x_wconf 83' lang='lat' dir='ltr'>benivolentiam,</span> <span class='ocrx_word' id='word_1_195' title='bbox 475 1660 580 1709; x_wconf 88' lang='lat' dir='ltr'>honorem</span> <span class='ocrx_word' id='word_1_196' title='bbox 589 1660 644 1708; x_wconf 88' lang='lat' dir='ltr'>bene</span> <span class='ocrx_word' id='word_1_197' title='bbox 653 1661 742 1708; x_wconf 88' lang='lat' dir='ltr'>meritus</span> <span class='ocrx_word' id='word_1_198' title='bbox 751 1672 815 1718; x_wconf 89' lang='lat' dir='ltr'>poeta</span> <span class='ocrx_word' id='word_1_199' title='bbox 823 1672 881 1714; x_wconf 46' lang='lat' dir='ltr'>erats-</span> 
     </span>
     <span class='ocr_line' id='line_1_22' title="bbox 93 1731 875 1794; baseline 0.001 -14"><span class='ocrx_word' id='word_1_200' title='bbox 93 1732 170 1781; x_wconf 88' lang='lat' dir='ltr'>eodem</span> <span class='ocrx_word' id='word_1_201' title='bbox 184 1732 232 1791; x_wconf 88' lang='lat' dir='ltr'>ipso</span> <span class='ocrx_word' id='word_1_202' title='bbox 242 1731 356 1782; x_wconf 82' lang='lat' dir='ltr'>transfixus</span> <span class='ocrx_word' id='word_1_203' title='bbox 366 1734 443 1782; x_wconf 87' lang='lat' dir='ltr'>insano</span> <span class='ocrx_word' id='word_1_204' title='bbox 454 1754 466 1782; x_wconf 86' lang='lat' dir='ltr'>a</span> <span class='ocrx_word' id='word_1_205' title='bbox 476 1746 576 1794; x_wconf 87' lang='lat' dir='ltr'>tyramno</span> <span class='ocrx_word' id='word_1_206' title='bbox 586 1753 612 1782; x_wconf 87' lang='lat' dir='ltr'>ac</span> <span class='ocrx_word' id='word_1_207' title='bbox 623 1733 738 1783; x_wconf 87' lang='lat' dir='ltr'>crudeliter</span> <span class='ocrx_word' id='word_1_208' title='bbox 749 1731 875 1782; x_wconf 72' lang='lat' dir='ltr'>interfectus</span> 
     </span>
     <span class='ocr_line' id='line_1_23' title="bbox 93 1805 875 1866; baseline 0.001 -13"><span class='ocrx_word' id='word_1_209' title='bbox 93 1818 132 1854; x_wconf 88' lang='lat' dir='ltr'>est.</span> <span class='ocrx_word' id='word_1_210' title='bbox 148 1805 215 1854; x_wconf 85' lang='lat' dir='ltr'>Locat</span> <span class='ocrx_word' id='word_1_211' title='bbox 228 1806 287 1854; x_wconf 90' lang='lat' dir='ltr'>hunc</span> <span class='ocrx_word' id='word_1_212' title='bbox 300 1806 393 1855; x_wconf 83' lang='lat' dir='ltr'>Statium</span> <span class='ocrx_word' id='word_1_213' title='bbox 405 1808 461 1856; x_wconf 88' lang='lat' dir='ltr'>inter</span> <span class='ocrx_word' id='word_1_214' title='bbox 473 1806 574 1866; x_wconf 84' lang='lat' dir='ltr'>prodigos</span> <span class='ocrx_word' id='word_1_215' title='bbox 588 1806 726 1855; x_wconf 85' lang='lat' dir='ltr'>Florentinus</span> <span class='ocrx_word' id='word_1_216' title='bbox 739 1820 802 1866; x_wconf 90' lang='lat' dir='ltr'>poeta</span> <span class='ocrx_word' id='word_1_217' title='bbox 814 1805 875 1865; x_wconf 86' lang='lat' dir='ltr'>Dan·</span> 
     </span>
     <span class='ocr_line' id='line_1_24' title="bbox 94 1870 876 1939; baseline 0.001 -13"><span class='ocrx_word' id='word_1_218' title='bbox 94 1889 132 1926; x_wconf 89' lang='lat' dir='ltr'>tes.</span> <span class='ocrx_word' id='word_1_219' title='bbox 147 1870 283 1937; x_wconf 78' lang='lat' dir='ltr'>Scriptorum</span> <span class='ocrx_word' id='word_1_220' title='bbox 298 1880 343 1927; x_wconf 90' lang='lat' dir='ltr'>eius</span> <span class='ocrx_word' id='word_1_221' title='bbox 365 1880 466 1939; x_wconf 86' lang='lat' dir='ltr'>epistolae</span> <span class='ocrx_word' id='word_1_222' title='bbox 488 1880 595 1928; x_wconf 88' lang='lat' dir='ltr'>habentur</span> <span class='ocrx_word' id='word_1_223' title='bbox 615 1880 723 1939; x_wconf 84' lang='lat' dir='ltr'>quaedem</span> <span class='ocrx_word' id='word_1_224' title='bbox 744 1879 876 1928; x_wconf 72' lang='lat' dir='ltr'>familiariter</span> 
     </span>
     <span class='ocr_line' id='line_1_25' title="bbox 93 1950 874 2012; baseline 0.001 -12"><span class='ocrx_word' id='word_1_225' title='bbox 93 1950 121 2000; x_wconf 90' lang='lat' dir='ltr'>ad</span> <span class='ocrx_word' id='word_1_226' title='bbox 134 1953 215 2001; x_wconf 89' lang='lat' dir='ltr'>amicos</span> <span class='ocrx_word' id='word_1_227' title='bbox 224 1952 293 2001; x_wconf 85' lang='lat' dir='ltr'>soluta</span> <span class='ocrx_word' id='word_1_228' title='bbox 302 1953 397 2002; x_wconf 89' lang='lat' dir='ltr'>oratione</span> <span class='ocrx_word' id='word_1_229' title='bbox 406 1953 503 2011; x_wconf 83' lang='lat' dir='ltr'>scriptae.</span> <span class='ocrx_word' id='word_1_230' title='bbox 513 1952 587 2002; x_wconf 84' lang='lat' dir='ltr'>Metro</span> <span class='ocrx_word' id='word_1_231' title='bbox 595 1967 668 2003; x_wconf 85' lang='lat' dir='ltr'>autem</span> <span class='ocrx_word' id='word_1_232' title='bbox 676 1973 701 2002; x_wconf 88' lang='lat' dir='ltr'>ac</span> <span class='ocrx_word' id='word_1_233' title='bbox 710 1953 793 2012; x_wconf 88' lang='lat' dir='ltr'>poetice</span> <span class='ocrx_word' id='word_1_234' title='bbox 801 1953 874 2011; x_wconf 88' lang='lat' dir='ltr'>scripti</span> 
     </span>
     <span class='ocr_line' id='line_1_26' title="bbox 54 2022 875 2086; baseline 0.006 -17"><span class='ocrx_word' id='word_1_235' title='bbox 54 2023 80 2070; x_wconf 83' lang='lat'>25</span> <span class='ocrx_word' id='word_1_236' title='bbox 95 2022 143 2072; x_wconf 91' lang='lat' dir='ltr'>libri</span> <span class='ocrx_word' id='word_1_237' title='bbox 158 2024 277 2074; x_wconf 78' lang='lat' dir='ltr'>Thebaidis</span> <span class='ocrx_word' id='word_1_238' title='bbox 292 2025 345 2080; x_wconf 83' lang='lat' dir='ltr'>Xll,</span> <span class='ocrx_word' id='word_1_239' title='bbox 364 2026 489 2075; x_wconf 72' lang='lat' dir='ltr'>Achilleidis</span> <span class='ocrx_word' id='word_1_240' title='bbox 508 2027 605 2086; x_wconf 84' lang='lat' dir='ltr'>quinque</span> <span class='ocrx_word' id='word_1_241' title='bbox 623 2040 702 2082; x_wconf 82' lang='lat' dir='ltr'>extant.</span> <span class='ocrx_word' id='word_1_242' title='bbox 722 2025 801 2085; x_wconf 87' lang='lat' dir='ltr'>quibus</span> <span class='ocrx_word' id='word_1_243' title='bbox 821 2026 875 2074; x_wconf 87' lang='lat' dir='ltr'>hanc</span> 
     </span>
     <span class='ocr_line' id='line_1_27' title="bbox 93 2094 876 2161; baseline 0.005 -19"><span class='ocrx_word' id='word_1_244' title='bbox 93 2094 179 2145; x_wconf 86' lang='lat' dir='ltr'>laudem</span> <span class='ocrx_word' id='word_1_245' title='bbox 193 2112 225 2146; x_wconf 90' lang='lat' dir='ltr'>est</span> <span class='ocrx_word' id='word_1_246' title='bbox 239 2112 349 2145; x_wconf 87' lang='lat' dir='ltr'>assecutus</span> <span class='ocrx_word' id='word_1_247' title='bbox 362 2113 387 2146; x_wconf 91' lang='lat' dir='ltr'>ut</span> <span class='ocrx_word' id='word_1_248' title='bbox 400 2098 487 2161; x_wconf 85' lang='lat' dir='ltr'>Maroni</span> <span class='ocrx_word' id='word_1_249' title='bbox 500 2099 612 2156; x_wconf 85' lang='lat' dir='ltr'>proximus</span> <span class='ocrx_word' id='word_1_250' title='bbox 625 2120 650 2146; x_wconf 86' lang='lat' dir='ltr'>ac</span> <span class='ocrx_word' id='word_1_251' title='bbox 663 2114 732 2156; x_wconf 87' lang='lat' dir='ltr'>prope</span> <span class='ocrx_word' id='word_1_252' title='bbox 745 2098 798 2146; x_wconf 90' lang='lat' dir='ltr'>alter</span> <span class='ocrx_word' id='word_1_253' title='bbox 812 2097 876 2146; x_wconf 86' lang='lat' dir='ltr'>Maro</span> 
     </span>
     <span class='ocr_line' id='line_1_28' title="bbox 94 2167 876 2236; baseline 0.008 -22"><span class='ocrx_word' id='word_1_254' title='bbox 94 2167 122 2214; x_wconf 90' lang='lat' dir='ltr'>ob</span> <span class='ocrx_word' id='word_1_255' title='bbox 135 2188 243 2234; x_wconf 51' lang='lat' dir='ltr'>{prumam</span> <span class='ocrx_word' id='word_1_256' title='bbox 256 2181 381 2226; x_wconf 90' lang='lat' dir='ltr'>poematum</span> <span class='ocrx_word' id='word_1_257' title='bbox 394 2170 440 2217; x_wconf 88' lang='lat' dir='ltr'>eius</span> <span class='ocrx_word' id='word_1_258' title='bbox 453 2169 580 2236; x_wconf 80' lang='lat' dir='ltr'>dignitatem</span> <span class='ocrx_word' id='word_1_259' title='bbox 593 2190 618 2217; x_wconf 90' lang='lat' dir='ltr'>ac</span> <span class='ocrx_word' id='word_1_260' title='bbox 631 2169 876 2228; x_wconf 83' lang='lat' dir='ltr'>elegantiamvideatur.</span> 
     </span>
     <span class='ocr_line' id='line_1_29' title="bbox 136 2235 895 2309; baseline 0 -20"><span class='ocrx_word' id='word_1_261' title='bbox 136 2241 218 2308; x_wconf 65' lang='lat' dir='ltr'>Habuit</span> <span class='ocrx_word' id='word_1_262' title='bbox 226 2242 345 2300; x_wconf 85' lang='lat' dir='ltr'>aetasipsa</span> <span class='ocrx_word' id='word_1_263' title='bbox 357 2241 554 2297; x_wconf 60' lang='lat' dir='ltr'>Sillum‘ltalicum,</span> <span class='ocrx_word' id='word_1_264' title='bbox 567 2243 638 2290; x_wconf 91' lang='lat' dir='ltr'>virum</span> <span class='ocrx_word' id='word_1_265' title='bbox 650 2235 726 2309; x_wconf 87' lang='lat' dir='ltr'>utique</span> <span class='ocrx_word' id='word_1_266' title='bbox 738 2235 876 2290; x_wconf 56' lang='lat' dir='ltr'>cum²‘÷litteris</span> <span class='ocrx_word' id='word_1_267' title='bbox 886 2267 895 2270; x_wconf 84' lang='lat'>·-</span> 
     </span>
     <span class='ocr_line' id='line_1_30' title="bbox 93 2313 876 2381; baseline 0.003 -21"><span class='ocrx_word' id='word_1_268' title='bbox 93 2325 141 2361; x_wconf 91' lang='lat' dir='ltr'>tum</span> <span class='ocrx_word' id='word_1_269' title='bbox 152 2313 270 2363; x_wconf 88' lang='lat' dir='ltr'>honoribus</span> <span class='ocrx_word' id='word_1_270' title='bbox 282 2313 372 2364; x_wconf 88' lang='lat' dir='ltr'>clarum.</span> <span class='ocrx_word' id='word_1_271' title='bbox 384 2314 607 2363; x_wconf 69' lang='lat' dir='ltr'>Poema&#39;extat‘suum</span> <span class='ocrx_word' id='word_1_272' title='bbox 618 2315 715 2364; x_wconf 88' lang='lat' dir='ltr'>secundo</span> <span class='ocrx_word' id='word_1_273' title='bbox 727 2315 754 2363; x_wconf 91' lang='lat' dir='ltr'>de</span> <span class='ocrx_word' id='word_1_274' title='bbox 765 2314 822 2363; x_wconf 90' lang='lat' dir='ltr'>bello</span> <span class='ocrx_word' id='word_1_275' title='bbox 833 2314 876 2381; x_wconf 86' lang='lat' dir='ltr'>Pu·</span> 
     </span>
     <span class='ocr_line' id='line_1_31' title="bbox 54 2381 876 2453; baseline 0.005 -22"><span class='ocrx_word' id='word_1_276' title='bbox 54 2381 81 2431; x_wconf 80' lang='lat'>30</span> <span class='ocrx_word' id='word_1_277' title='bbox 95 2387 150 2442; x_wconf 87' lang='lat' dir='ltr'>nico,</span> <span class='ocrx_word' id='word_1_278' title='bbox 161 2387 198 2446; x_wconf 87' lang='lat' dir='ltr'>illo</span> <span class='ocrx_word' id='word_1_279' title='bbox 208 2388 268 2446; x_wconf 85' lang='lat' dir='ltr'>quod</span> <span class='ocrx_word' id='word_1_280' title='bbox 278 2387 400 2436; x_wconf 87' lang='lat' dir='ltr'>Hannibale</span> <span class='ocrx_word' id='word_1_281' title='bbox 410 2388 465 2436; x_wconf 90' lang='lat' dir='ltr'>duce</span> <span class='ocrx_word' id='word_1_282' title='bbox 475 2388 569 2446; x_wconf 83' lang='lat' dir='ltr'>populus</span> <span class='ocrx_word' id='word_1_283' title='bbox 580 2387 761 2453; x_wconf 85' lang='lat' dir='ltr'>Carthaginiensis</span> <span class='ocrx_word' id='word_1_284' title='bbox 772 2401 822 2435; x_wconf 88' lang='lat' dir='ltr'>cum</span> <span class='ocrx_word' id='word_1_285' title='bbox 833 2387 876 2435; x_wconf 84' lang='lat' dir='ltr'>Ro-</span> 
     </span>
     <span class='ocr_line' id='line_1_32' title="bbox 91 2454 876 2519; baseline 0.001 -13"><span class='ocrx_word' id='word_1_286' title='bbox 91 2459 161 2517; x_wconf 85' lang='lat' dir='ltr'>manis</span> <span class='ocrx_word' id='word_1_287' title='bbox 170 2454 252 2518; x_wconf 69' lang='lat' dir='ltr'>J&#39;g&#39;essit.&#39;</span> <span class='ocrx_word' id='word_1_288' title='bbox 261 2457 338 2518; x_wconf 87' lang='lat' dir='ltr'>Nuper</span> <span class='ocrx_word' id='word_1_289' title='bbox 351 2460 374 2508; x_wconf 94' lang='lat' dir='ltr'>id</span> <span class='ocrx_word' id='word_1_290' title='bbox 388 2459 534 2515; x_wconf 75' lang='lat' dir='ltr'>Constantine,</span> <span class='ocrx_word' id='word_1_291' title='bbox 549 2460 605 2519; x_wconf 84' lang='lat' dir='ltr'>quae</span> <span class='ocrx_word' id='word_1_292' title='bbox 618 2456 830 2508; x_wconf 54' lang='lat' dir='ltr'>Alemtthiaereivitas</span> <span class='ocrx_word' id='word_1_293' title='bbox 844 2472 876 2507; x_wconf 87' lang='lat' dir='ltr'>est</span> 
     </span>
     <span class='ocr_line' id='line_1_33' title="bbox 93 2528 876 2592; baseline 0.001 -12"><span class='ocrx_word' id='word_1_294' title='bbox 93 2528 169 2581; x_wconf 85' lang='lat' dir='ltr'>Rheno</span> <span class='ocrx_word' id='word_1_295' title='bbox 183 2531 267 2581; x_wconf 88' lang='lat' dir='ltr'>flumini</span> <span class='ocrx_word' id='word_1_296' title='bbox 279 2532 383 2592; x_wconf 84' lang='lat' dir='ltr'>proxima,</span> <span class='ocrx_word' id='word_1_297' title='bbox 391 2532 450 2582; x_wconf 64' lang='lat' dir='ltr'>‘dum</span> <span class='ocrx_word' id='word_1_298' title='bbox 461 2532 577 2581; x_wconf 88' lang='lat' dir='ltr'>concilium</span> <span class='ocrx_word' id='word_1_299' title='bbox 588 2532 618 2581; x_wconf 88' lang='lat' dir='ltr'>ibi</span> <span class='ocrx_word' id='word_1_300' title='bbox 630 2532 722 2582; x_wconf 87' lang='lat' dir='ltr'>ecclesia</span> <span class='ocrx_word' id='word_1_301' title='bbox 733 2532 768 2582; x_wconf 91' lang='lat' dir='ltr'>dei</span> <span class='ocrx_word' id='word_1_302' title='bbox 781 2532 876 2588; x_wconf 81' lang='lat' dir='ltr'>haberet,</span> 
     </span>
     <span class='ocr_line' id='line_1_34' title="bbox 92 2601 889 2665; baseline 0.003 -13"><span class='ocrx_word' id='word_1_303' title='bbox 92 2617 202 2662; x_wconf 86' lang='lat' dir='ltr'>repertum</span> <span class='ocrx_word' id='word_1_304' title='bbox 217 2618 256 2655; x_wconf 89' lang='lat' dir='ltr'>est.</span> <span class='ocrx_word' id='word_1_305' title='bbox 272 2605 360 2664; x_wconf 86' lang='lat' dir='ltr'>Quippe</span> <span class='ocrx_word' id='word_1_306' title='bbox 375 2607 510 2665; x_wconf 80' lang='lat' dir='ltr'>incognitum</span> <span class='ocrx_word' id='word_1_307' title='bbox 526 2618 571 2656; x_wconf 89' lang='lat' dir='ltr'>erat</span> <span class='ocrx_word' id='word_1_308' title='bbox 587 2601 655 2664; x_wconf 81' lang='lat' dir='ltr'>prius.</span> <span class='ocrx_word' id='word_1_309' title='bbox 670 2606 710 2656; x_wconf 89' lang='lat' dir='ltr'>Vir</span> <span class='ocrx_word' id='word_1_310' title='bbox 720 2627 806 2664; x_wconf 86' lang='lat' dir='ltr'>nanque</span> <span class='ocrx_word' id='word_1_311' title='bbox 816 2606 889 2656; x_wconf 52' lang='lat' dir='ltr'>illus-⁰</span> 
     </span>
     <span class='ocr_line' id='line_1_35' title="bbox 92 2677 877 2736; baseline 0.003 -13"><span class='ocrx_word' id='word_1_312' title='bbox 92 2678 130 2724; x_wconf 85' lang='lat' dir='ltr'>tris</span> <span class='ocrx_word' id='word_1_313' title='bbox 144 2679 257 2734; x_wconf 84' lang='lat' dir='ltr'>acdoctus</span> <span class='ocrx_word' id='word_1_314' title='bbox 270 2690 334 2736; x_wconf 89' lang='lat' dir='ltr'>poeta</span> <span class='ocrx_word' id='word_1_315' title='bbox 346 2677 387 2725; x_wconf 85' lang='lat' dir='ltr'>luit</span> <span class='ocrx_word' id='word_1_316' title='bbox 400 2678 473 2726; x_wconf 87' lang='lat' dir='ltr'>Sillus.</span> <span class='ocrx_word' id='word_1_317' title='bbox 487 2678 590 2726; x_wconf 86' lang='lat' dir='ltr'>Carmina</span> <span class='ocrx_word' id='word_1_318' title='bbox 602 2690 696 2732; x_wconf 85' lang='lat' dir='ltr'>tanturn,</span> <span class='ocrx_word' id='word_1_319' title='bbox 710 2691 736 2729; x_wconf 88' lang='lat' dir='ltr'>ut</span> <span class='ocrx_word' id='word_1_320' title='bbox 752 2678 817 2727; x_wconf 72' lang='lat' dir='ltr'>refert</span> <span class='ocrx_word' id='word_1_321' title='bbox 834 2679 877 2726; x_wconf 74' lang='lat' dir='ltr'>Plio</span> 
     </span>
    </p>
   </div>
   <div class='ocr_carea' id='block_1_3' title="bbox 56 2758 197 2771">
    <p class='ocr_par' dir='ltr' id='par_1_3' title="bbox 56 2758 197 2771">
     <span class='ocr_line' id='line_1_36' title="bbox 56 2758 197 2771; baseline 0 0"><span class='ocrx_word' id='word_1_322' title='bbox 56 2758 197 2771; x_wconf 30' lang='grc' dir='ltr'>’ξπ-...-</span> 
     </span>
    </p>
   </div>
   <div class='ocr_carea' id='block_1_4' title="bbox 105 2789 685 2859">
    <p class='ocr_par' dir='ltr' id='par_1_4' title="bbox 105 2789 685 2859">
     <span class='ocr_line' id='line_1_37' title="bbox 105 2789 685 2859; baseline 0.002 -10"><span class='ocrx_word' id='word_1_323' title='bbox 105 2812 133 2849; x_wconf 84' lang='lat'>22.</span> <span class='ocrx_word' id='word_1_324' title='bbox 146 2789 196 2851; x_wconf 64' lang='lat' dir='ltr'>risa.</span> <span class='ocrx_word' id='word_1_325' title='bbox 209 2816 257 2859; x_wconf 64' lang='lat' dir='ltr'>mg.</span> <span class='ocrx_word' id='word_1_326' title='bbox 270 2812 323 2850; x_wconf 84' lang='lat' dir='ltr'>xxrr.</span> <span class='ocrx_word' id='word_1_327' title='bbox 337 2810 359 2849; x_wconf 79' lang='lat'>25</span> <span class='ocrx_word' id='word_1_328' title='bbox 374 2828 409 2857; x_wconf 66' lang='lat' dir='ltr'>sqq.</span> <span class='ocrx_word' id='word_1_329' title='bbox 459 2812 487 2850; x_wconf 71' lang='grc'>34,</span> <span class='ocrx_word' id='word_1_330' title='bbox 500 2811 541 2850; x_wconf 67' lang='lat' dir='ltr'>rra,</span> <span class='ocrx_word' id='word_1_331' title='bbox 554 2813 584 2856; x_wconf 61' lang='lat' dir='ltr'>rs.</span> <span class='ocrx_word' id='word_1_332' title='bbox 597 2812 624 2849; x_wconf 86' lang='lat' dir='ltr'>ur.</span> <span class='ocrx_word' id='word_1_333' title='bbox 639 2814 685 2850; x_wconf 72' lang='lat' dir='ltr'>ns.</span> 
     </span>
    </p>
   </div>
   <div class='ocr_carea' id='block_1_5' title="bbox 18 2880 196 2896">
    <p class='ocr_par' dir='ltr' id='par_1_5' title="bbox 18 2880 196 2896">
     <span class='ocr_line' id='line_1_38' title="bbox 18 2880 196 2896; baseline 0.006 -7"><span class='ocrx_word' id='word_1_334' title='bbox 18 2886 19 2889; x_wconf 68' lang='grc'>,</span> <span class='ocrx_word' id='word_1_335' title='bbox 55 2880 196 2896; x_wconf 39' lang='lat' dir='ltr'>§.Q-4„-</span> 
     </span>
    </p>
   </div>
   <div class='ocr_carea' id='block_1_6' title="bbox 108 2927 303 3001">
    <p class='ocr_par' dir='ltr' id='par_1_6' title="bbox 108 2927 303 3001">
     <span class='ocr_line' id='line_1_39' title="bbox 108 2927 303 3001; baseline 0 -30"><span class='ocrx_word' id='word_1_336' title='bbox 108 2928 137 2972; x_wconf 83' lang='grc'>18.</span> <span class='ocrx_word' id='word_1_337' title='bbox 151 2927 203 3001; x_wconf 76' lang='lat' dir='ltr'>stillo</span> <span class='ocrx_word' id='word_1_338' title='bbox 217 2927 232 2982; x_wconf 87' lang='lat' dir='ltr'>(l</span> <span class='ocrx_word' id='word_1_339' title='bbox 245 2928 303 2982; x_wconf 68' lang='lat' dir='ltr'>exp).</span> 
     </span>
    </p>
   </div>
   <div class='ocr_carea' id='block_1_7' title="bbox 0 0 1058 3253">
    <p class='ocr_par' dir='ltr' id='par_1_7' title="bbox 0 0 1058 3253">
     <span class='ocr_line' id='line_1_40' title="bbox 0 0 1058 3253; baseline 0 0"><span class='ocrx_word' id='word_1_340' title='bbox 0 0 1058 3253; x_wconf 95' lang='lat' dir='ltr'> </span> 
     </span>
    </p>
   </div>
  </div>
 </body>
</html>
