2093 3253
126 206 128 212 ι
136 175 172 220 156
433 188 524 219 sicconis
534 187 653 219 nournrour

175 303 271 361 plurium
282 304 406 352 testimonio
414 321 463 351 vera
474 321 519 350 esse
530 315 640 360 comperta
648 302 805 360 Vespasianum
816 304 838 352 in
849 323 911 361 spem
921 304 958 355 ha·

169 376 241 426 bendi
255 376 340 436 imperii
354 375 497 430 adduxerunt.
512 388 536 425 ut
550 376 736 435 quemadmodum
750 376 785 425 illa
798 378 827 425 ita
841 377 906 426 etiam
919 378 959 430 ista
1018 372 1032 402 η’

176 471 232 510 quae
245 451 272 499 de
285 452 333 510 ipso
345 449 477 508 praediceret
490 448 563 498 lutura
577 471 623 498 esse
637 462 738 508 speraret.
754 450 837 499 Interea
851 469 902 503 vero
915 472 959 502 non

176 524 298 571 remittebat
315 523 385 571 vincla
403 523 441 569 sed
458 534 548 570 ventura
566 535 680 580 expectans
697 524 770 580 ipsum
788 535 809 570 et
826 524 958 573 vestimentis
1029 539 1032 561 2

150 596 273 645 §donabat
295 596 359 653 saepe
382 607 403 642 et
427 614 491 652 supra
516 594 611 652 captivos
636 615 711 643 omnes
736 594 803 643 multa
828 595 959 653 benignitate

176 668 269 717 fovebat.

219 741 319 789 Exercitu
333 754 407 788 autem
421 741 443 788 in
459 741 548 788 hiberna
562 741 666 798 perducto
680 762 732 788 cum
745 741 958 798 Vespasianuslorte

177 813 311 867 Caesaream,
321 813 430 862 civitatem
440 813 576 867 maritimam,
587 813 714 868 divertisset,
725 814 762 871 qui
772 826 833 861 erant
841 813 872 861 ibi
882 812 959 863 Graeci

177 908 228 936 cum
242 887 293 936 odio
304 887 398 936 nominis
411 886 484 936 ludaei
495 899 543 936 tum
554 886 627 936 studio
637 886 738 936 adulandi
751 886 853 935 Romanis
864 888 959 945 captivos
1022 905 1034 942 ἰ

139 963 164 1010 ll]
180 982 257 1009 omnes
269 981 294 1009 ac
311 959 429 1019 Iosephum
438 961 567 1009 nominatim
577 961 605 1021 ad
616 960 747 1019 supplicium
759 960 799 1008 sibi
811 960 856 1009 dari
868 960 961 1010 clamore

178 1033 271 1081 maximo
286 1052 310 1080 ac
326 1032 399 1080 multis
415 1032 515 1089 precibus
531 1032 674 1089 postularunt.
690 1031 734 1079 Sed
749 1031 876 1089 petitionem
891 1032 960 1090 ipsam

177 1105 244 1153 veluti
259 1104 348 1154 stultam
357 1117 423 1163 atque
433 1104 554 1152 inconsulta
564 1125 576 1152 a
587 1104 726 1152 multitudine
737 1117 807 1152 ortam
817 1104 960 1163 Vespasianus

178 1178 232 1226 nihil
247 1177 399 1236 respondendo
415 1179 494 1225 reiecit.

220 1250 376 1308 Hierosolymis
391 1262 464 1298 autem
478 1249 535 1298 lama
554 1250 657 1308 primum,
681 1262 705 1297 ut
724 1248 784 1303 solet,
803 1249 877 1307 volans
896 1263 961 1309 atque

139 1324 164 1373 15
180 1324 262 1372 incerto
272 1336 359 1371 auctore
370 1323 437 1370 multa
447 1324 502 1370 veris
513 1322 565 1370 falsa
576 1323 718 1371 commiscens
728 1324 817 1381 captam
824 1322 961 1382 dirutamque

180 1395 322 1455 lotbapatam
344 1397 439 1444 occisum
460 1416 548 1454 quoque
568 1397 590 1444 in
611 1416 683 1453 pugna
706 1397 824 1454 losephum
844 1397 961 1446 nunciavit.

179 1469 242 1516 Hanc
256 1469 346 1526 quidem
360 1470 423 1514 istam
436 1468 464 1515 ad
478 1488 561 1522 vocem,
576 1487 631 1525 quae
645 1469 749 1526 proximis
763 1487 775 1515 e
789 1468 911 1516 civitatibus
925 1489 961 1516 ve·

178 1542 286 1592 nientium
299 1541 424 1591 testimonio
445 1544 558 1599 augeretur
579 1542 699 1600 dietimque
720 1543 787 1600 magis
808 1554 873 1601 atque
895 1543 962 1600 magis

179 1613 245 1663 fidem
256 1616 369 1673 acciperet,
381 1615 466 1662 civitate
479 1628 560 1662 moesta
572 1628 674 1672 cognatos
686 1616 779 1673 quisque
790 1635 840 1662 suos
852 1615 891 1663 sed
904 1616 962 1663 lose·
1028 1605 1046 1678 Ξ

137 1690 166 1736 20
181 1689 250 1745 phum
265 1688 358 1735 universi
371 1700 395 1733 ut
407 1700 519 1744 parentem
531 1687 639 1735 luxerunt.
652 1687 705 1734 Dies
717 1707 804 1745 nanque
815 1687 880 1735 XXX
892 1689 962 1736 omnis

180 1760 329 1818 Hierosolyma
339 1760 399 1817 quasi
410 1758 498 1818 publico
508 1760 530 1807 in
539 1758 615 1808 funere
625 1760 654 1807 ob
663 1772 802 1818 peremptum
814 1760 930 1819 Iosephum
940 1761 962 1809 in
1030 1763 1044 1811 ζ

180 1834 289 1881 moesticia
301 1846 321 1881 et
333 1833 393 1880 luctu
404 1832 453 1881 fuit.
467 1831 510 1880 Ubi
522 1844 596 1881 autem
607 1833 683 1881 veritas
696 1833 780 1881 nunciis
792 1832 919 1881 certioribus
931 1845 963 1881 est

179 1919 289 1963 comperta
300 1926 340 1954 nec
353 1905 470 1963 Iosephum
482 1926 534 1959 esse,
546 1919 571 1953 ut
582 1904 639 1953 fama
650 1906 793 1963 praedixerat,
803 1919 913 1954 mortuum
924 1907 963 1955 sed

179 1979 269 2026 indubie
281 1979 352 2027 vivere
364 1990 429 2036 atque
441 1996 505 2036 supra
517 1978 596 2036 captivi
608 1976 719 2027 fortunam
731 1978 834 2027 Romanis
845 1999 858 2026 a
870 1978 963 2027 ducibus
1031 2003 1046 2037 g

138 2052 166 2102 25
182 2050 282 2100 honorari
293 2051 392 2101 auditum
404 2064 442 2106 est,
455 2072 505 2100 mox
516 2050 551 2100 illa
563 2052 633 2100 omnis
645 2051 789 2101 benivolentia
801 2052 919 2101 maximum
931 2065 963 2102 est
1032 2047 1036 2060 '

180 2125 202 2171 in
218 2124 294 2171 odium
308 2137 329 2171 et
344 2123 398 2170 iram
412 2142 478 2170 versa.
495 2123 572 2179 lpsum
586 2143 672 2181 nanque
686 2123 748 2170 multi
763 2124 898 2181 proditionis,
913 2126 962 2180 qui-

181 2196 231 2245 dam
246 2196 343 2253 ignaviae
355 2194 490 2250 accusabant,
498 2215 579 2257 omnes
594 2214 644 2244 vero
657 2196 680 2244 in
693 2215 744 2244 eum
752 2196 851 2244 convitiis
859 2216 884 2244 ac
892 2196 963 2254 indig-

181 2269 267 2318 natione
284 2268 342 2328 pleni
359 2281 426 2317 erant.
441 2267 528 2318 ‘Grandi
540 2269 634 2327 denique
646 2270 676 2318 ira
688 2282 709 2318 et
720 2270 804 2327 capitali
817 2270 867 2318 odio
878 2270 964 2318 inflam-

181 2343 240 2397 mati,
251 2363 302 2391 cum
312 2343 339 2396 ei,
350 2342 410 2400 quod
419 2341 510 2396 abesset,
521 2342 605 2400 gravius
616 2342 691 2391 obesse
701 2363 726 2391 ac
736 2343 804 2391 sevire
814 2363 858 2391 non
868 2355 963 2401 possent,

138 2416 167 2464 30
183 2414 270 2474 maligni
283 2415 349 2463 animi
361 2435 470 2463 venenum
482 2435 507 2463 ac
519 2435 612 2474 poenam
624 2416 670 2464 eius
682 2416 705 2464 in
718 2415 816 2470 domurn,
828 2436 888 2474 opes,
901 2415 964 2466 lami·

180 2488 231 2537 liam
247 2488 378 2538 effuderunt.
395 2488 483 2547 Quippe
499 2488 590 2536 domurn
606 2508 674 2544 suam,
695 2509 750 2548 quae
766 2489 855 2547 pulchra
871 2501 927 2539 esset
943 2502 965 2538 et

137 2605 140 2611 .
181 2582 265 2620 magna,
280 2562 379 2611 lunditus
394 2562 490 2616 diruunt,
505 2561 654 2620 supelectilem
668 2562 780 2620 diripiunt,
795 2581 884 2611 uxorem
899 2562 965 2612 domo

181 2636 277 2689 eiiciunt,
293 2647 384 2684 matrem
399 2655 494 2693 quoque,
509 2634 548 2683 filii
563 2635 699 2683 carissimum
714 2635 793 2693 pignus
808 2648 829 2683 et
844 2648 966 2684 matronam

181 2709 313 2766 primariam,
328 2708 464 2758 contumeliis
476 2720 568 2756 onerant
579 2720 601 2756 et
613 2709 636 2756 in
649 2727 756 2756 carcerem
767 2709 867 2757 trudunt.

182 2891 212 2935 13.
232 2889 315 2944 (re)iecit
333 2896 347 2934 i.
361 2909 377 2933 r.
383 2910 391 2942 ;
413 2899 456 2933 erut
477 2891 556 2944 reijecit,
576 2900 597 2935 ut
617 2890 700 2936 uidetur.
762 2892 794 2936 22.
818 2892 917 2936 moesticia
943 2910 966 2938 ex

139 2956 226 3021 luc(tu?)
240 2965 307 3003 statim
321 2975 370 3002 corr.
