2093 3253
200 95 202 98 ’
219 112 350 143 sannionum
364 112 491 143 nnusnuuu
505 122 518 128 -
532 112 591 143 uam
606 112 637 143 m.
799 149 801 152 Α
815 94 841 143 95

60 246 135 274 omnes
150 226 311 288 presertim'qui
323 246 347 272 ea
358 227 461 273 memoria
472 226 604 273 clari'essent
615 235 690 283 poetae
701 237 766 282 atque
777 225 845 282 scrip·

60 313 124 353 tores,
139 298 215 347 eadem
229 311 253 346 ut
269 311 342 346 nostro
357 298 438 347 [averet
453 298 544 347 Horatio
558 298 697 357 benignitate,
713 298 786 357 gratia,
801 297 844 345 vir·

60 385 107 433 tute
121 372 258 431 perductum.
276 370 324 420 Nec
341 372 431 430 quidem
448 372 564 421 Horatium
581 372 637 420 odia
647 371 743 420 tenuisse
760 370 843 423 dicunt,

60 444 120 503 quod
134 445 167 492 vir
176 457 232 492 esset
242 445 285 491 iam
295 457 392 493 maturus
403 458 424 492 et
434 446 510 502 gravis,
522 445 560 493 sed
570 445 666 502 paruisse
676 444 769 500 tempori
779 455 844 500 atque

35 520 48 568 5
63 517 173 566 fortunam
187 531 359 574 secutumarma
373 519 437 575 simul
451 532 472 566 et
486 518 536 566 odia
549 519 655 576 posuisse.
670 516 730 576 quod
743 516 776 564 vir
790 528 845 562 esset

35 581 38 584 Δ
61 601 124 647 poeta
134 588 224 646 quidem
233 610 259 637 ac
269 590 346 638 doctus
356 590 395 645 sed
405 590 574 648 haudquaquam
584 611 610 638 ex
620 590 661 637 iltis
672 590 710 647 qui
720 601 758 636 aut
768 588 846 635 iniuria

62 660 152 708 lacessiti
166 674 204 709 aut
217 680 294 719 genere
306 662 424 711 nobilitatis
437 661 504 711 inflati
518 675 656 711 moverentur
668 674 733 720 atque
746 672 854 724 curarent

62 734 122 793 quod
136 735 252 792 imperium
265 736 332 794 magis
344 736 408 800 apud
416 748 496 794 patres„
506 748 534 784 ut
543 735 627 790 soleret,
641 754 707 794 quam
719 734 778 793 apud
784 733 845 782 ''Cae·

36 869 38 873 V
62 825 126 861 sares,
141 808 173 855 uti
188 821 294 866 coeperat,
303 822 436 857 remaneret.
452 808 514 857 Nihil
529 810 587 864 enim
602 809 630 856 ad
645 828 696 856 eum
714 808 741 855 de
754 807 845 868 imperio
901 805 902 808 ¹

24 882 50 929 10
64 880 191 938 pertinebat.
338 935 340 938 .

106 952 132 1001 ld
146 966 230 1015 constat
245 953 360 1003 Horatium
370 955 426 1003 inter
435 955 515 1003 amicos
526 967 652 1013 amatosque
663 953 759 1003 Caesaris
769 972 846 1001 nume-

63 1038 141 1074 ratum.
156 1024 203 1087 Sibi
218 1027 277 1074 enim
291 1027 359 1075 multa
372 1046 411 1085 pro
424 1027 521 1075 amicicia
534 1039 555 1074 et
568 1026 611 1074 fide
619 1025 782 1102 scribendarum
790 1026 847 1084 epis·

63 1098 156 1159 tolarum
170 1098 266 1146 officium
276 1100 327 1159 dare
337 1101 455 1148 constituit.
467 1100 514 1147 Hac
524 1100 551 1147 de
562 1119 585 1147 re
600 1099 729 1157 scriptae'ad
744 1098 848 1152 Mecena-
899 1162 901 1165 .

63 1182 108 1218 tem
122 1170 224 1229 epistolae
237 1171 278 1219 hoc
289 1172 413 1231 exemplum
420 1184 488 1225 extat:
502 1188 510 1212 [t
519 1171 598 1220 Caesar
608 1171 720 1230 Augustus
734 1169 760 1220 C.
773 1169 848 1218 Mece·

26 1244 50 1292 15
66 1245 109 1292 nati
124 1244 162 1293 sal.
178 1246 199 1293 d.
214 1246 235 1293 Α
249 1265 284 1293 me
292 1247 340 1304 ipso
348 1246 481 1294 sufficiebam
489 1246 608 1294 scribendis
617 1246 712 1303 epistolis
721 1236 848 1293 amicorum.

64 1317 130 1364 Nunc
144 1331 217 1364 autem
232 1320 409 1375 occupatissimus
421 1332 442 1376 et
454 1319 553 1365 infirmus
565 1318 682 1365 Horatium
693 1330 792 1365 nostrum
803 1337 815 1363 a
826 1330 848 1364 te

64 1390 128 1446 cupio
138 1389 252 1439 abducere.
268 1390 345 1439 Veniet
355 1410 406 1448 ergo
416 1391 443 1439 ab
454 1391 489 1439 illa
499 1391 617 1448 parasytica
628 1410 702 1438 mensa
711 1390 739 1438 ad
749 1389 805 1437 hanc
815 1409 849 1437 re·

64 1463 121 1521 giam
135 1475 156 1511 et
171 1483 210 1512 nos
225 1463 248 1512 in
264 1463 384 1513 scribendis
400 1464 496 1523 epistolis
512 1463 650 1513 adiuvabit.»
669 1463 744 1523 Ipsum
760 1476 848 1522 quoque

64 1536 92 1582 ad
107 1535 223 1584 Horatium
235 1557 320 1584 sumere
332 1538 356 1585 id
368 1537 465 1585 officium
475 1537 614 1585 dubitantem
627 1558 694 1595 seque
705 1536 783 1591 umbra
796 1536 848 1584 vaii-
919 1550 920 1553 ’

17 1608 52 1655 ’20
66 1608 148 1656 tudinis
163 1622 307 1664 excusantem,
317 1622 341 1658 ut
350 1611 390 1657 iret
398 1611 427 1659 ad
435 1630 486 1658 eum
494 1608 524 1658 ac‘
529 1629 608 1658 munus
617 1609 715 1665 oblatum
723 1620 848 1662 assumeret,

66 1680 120 1730 hanc
130 1682 244 1743 epistolam
254 1683 346 1741 scripsit:
358 1700 367 1723 t(
375 1683 454 1732 Caesar
464 1683 575 1741 Augustus
587 1683 677 1731 Horatio
687 1682 763 1730 Flacco
774 1694 849 1740 poetae

65 1755 148 1813 optimo
160 1756 198 1806 sal.
210 1756 232 1805 d.
245 1756 312 1805 Sume
324 1756 364 1805 tibi
376 1757 459 1816 aliquid
470 1757 522 1805 iuris
533 1756 593 1816 apud
605 1775 640 1804 me
651 1768 755 1814 tanquam
767 1756 785 1803 si
797 1775 849 1804 con-

65 1828 133 1890 victor
148 1828 200 1876 mihi
215 1828 289 1883 tueris,
304 1829 407 1887 quoniam
420 1830 444 1887 id
456 1849 509 1877 usus
523 1829 576 1889 mihi
590 1842 663 1877 tecum
682 1849 728 1876 esse
742 1828 812 1883 volui,
831 1829 849 1876 si

65 1919 104 1959 per
118 1900 259 1953 valitudinem
277 1915 337 1951 tuam
356 1901 402 1951 fieri
421 1902 496 1961 possit.
507 1918 516 1943 a
535 1901 650 1951 Recusanti
668 1913 742 1950 autem
761 1918 848 1959 prorsus

25 1973 52 2021 25
68 1973 159 2022 Horatio
167 1995 238 2034 neque
248 1977 370 2039 succensuit
379 1996 419 2024 nec
428 1976 548 2024 amiciciam
556 1976 667 2024 imminuit
676 1974 764 2023 Caesae*
772 1973 850 2022 Extant
863 2007 864 2010 =

34 2091 35 2094 ,
65 2047 168 2105 epistolae
182 2068 239 2102 suae.
257 2069 268 2096 e
285 2048 364 2108 quibus
381 2068 421 2107 pro
436 2049 561 2096 testimonio
577 2049 633 2105 hanc
643 2068 710 2096 unam
721 2048 786 2095 modo
797 2047 849 2095 sub·
909 2044 911 2046 ’

65 2120 112 2168 ieci:
129 2120 225 2177 «Caesar
239 2121 351 2179 Augustus
368 2121 462 2176 Horatio,
475 2121 552 2169 Flacco
567 2134 643 2180 poetae
655 2121 748 2179 *optimo
768 2120 807 2177 sal.
827 2120 849 2172 d·
878 2151 879 2154 ¹

66 2191 109 2247 Tui
121 2193 309 2254 qualemshabeam
318 2195 451 2250 memoriam,
461 2194 542 2252 poteris
551 2213 577 2240 ex
586 2193 693 2252 Septimio
702 2213 791 2251 quoque
800 2213 851 2239 nos-

66 2277 99 2312 tro
113 2265 195 2314 audire.
205 2265 263 2320 Nam
273 2266 349 2314 incidit
357 2280 382 2314 ut
391 2266 428 2314 illo
437 2284 510 2314 coram
519 2266 580 2314 fieret
588 2287 600 2314 a
610 2266 686 2314 metui
701 2266 789 2313 mentio.
805 2265 850 2315 Ne.-

26 2336 54 2383 30
68 2358 111 2396 que
125 2339 185 2386 enim
199 2339 217 2385 si
231 2351 256 2386 tu
268 2339 508 2397 superbus'amiciciam
520 2352 617 2396 nostram
629 2338 735 2399 sprevisti,
749 2338 798 2384 ideo
810 2353 850 2383 nos

66 2431 159 2473 quoque·
169 2411 373 2474 ἀνεπὲρεφανοῦμεν,
384 2429 392 2452 >1
731 2405 734 2410 ¹

111 2485 197 2535 Horatii
205 2488 257 2534 vero
267 2486 346 2544 scripta
356 2506 426 2545 usque
434 2485 488 2534 adeo
496 2485 596 2544 probavit
603 2485 715 2544 Augustus
724 2484 784 2542 quod
792 2484 850 2532 iudi·

65 2571 122 2607 caret
136 2558 235 2607 futurum
249 2560 296 2608 sine
309 2559 377 2608 dubio
389 2559 450 2618 quod
462 2578 487 2607 ea
500 2571 605 2617 perpetuo
618 2559 716 2607 viverent
729 2577 769 2605 nec
783 2556 850 2605 Secu-

66 2629 109 2679 lare
124 2630 189 2679 modo
204 2629 297 2679 Carmen
310 2630 487 2689 componendum
500 2630 539 2678 sed
551 2629 693 2679 Vandalicam
706 2629 770 2677 etiam
783 2629 851 2677 victo·

63 2764 88 2802 14.
101 2766 151 2810 Apud
163 2766 209 2804 Suet.
223 2766 257 2804 Vn.
269 2767 327 2804 Horat.
357 2764 405 2801 Ἥ.
419 2764 461 2802 thid.
511 2764 539 2800 27.
553 2764 595 2801 laia.

26 2843 169 2854 Ἢ

64 2885 95 2929 31.
104 2886 127 2930 In
137 2893 200 2943 spatio
210 2886 276 2931 relicto
287 2874 400 2930 uocabulum
405 2884 500 2946 Graecum
507 2894 574 2937 postea
582 2884 626 2928 add.
633 2884 710 2929 34t³r0
717 2885 848 2931 Vindelicam.
