2093 3253
280 140 412 173 scelerosum
426 127 555 173 intestatum
566 150 581 157 ··
594 139 653 172 LIBER
666 140 699 171 XV.
862 125 900 173 4ll

68 290 69 293 =
106 263 180 317 'quam
192 255 285 305 maxima
295 253 431 310 Ciceronem,
442 256 504 315 quasi
515 267 570 304 esset
580 273 676 315 presens,
687 254 728 314 qui
738 255 819 310 aberat,
828 255 903 314 appel-

113 330 173 382 lavit.
191 330 216 380 ln
229 330 285 380 urbe
298 329 388 390 quidem
401 341 450 378 tum
463 328 540 397 Cicero
554 329 593 379 sed
607 329 692 379 nescius
706 327 809 380 lacinoris
823 329 901 388 patrati
959 367 960 371 η

113 410 166 453 erat.
180 402 225 453 Ubi
239 421 291 453 vero
303 401 445 457 interfectum
456 407 581 461 tyramnum
592 403 683 458 audivit,
696 402 789 452 festinus
804 422 829 451 ac
844 402 900 451 letus

112 478 135 525 in
149 475 284 534 Capitolium
294 475 424 534 properavit.
438 475 566 528 lstucenim
577 488 599 525 et
610 476 648 534 qui
660 476 766 524 occisores
777 475 864 525 lucrant
879 487 900 525 et

68 589 70 592 .
85 550 99 599 5
114 547 152 607 'qui
167 547 247 597 civium
264 559 324 597 erant
341 547 378 606 qui
394 547 510 605 pristinum
526 548 556 596 rei
573 547 673 607 publicae
694 559 776 597 statum
797 560 899 602 amarent,

114 638 256 679 magnacum
270 613 339 670 leticia
354 631 376 669 et
390 638 467 678 magna
486 640 538 670 curn
556 629 596 679 spe
614 620 718 670 libertatis
741 615 901 679 recuperandae

111 705 264 747 convenerant.

154 764 209 814 Aliis
224 783 275 814 vero
289 763 356 819 aliud,
374 765 406 814 uti
424 765 529 823 cuiusque
546 778 592 814 erat
610 766 690 824 opinio,
709 765 834 814 laciendum
854 785 900 813 osse

114 838 243 894 dicentibus,
259 837 370 888 Ciceronis
386 837 503 887 consilium
517 837 559 888 tuit
574 838 630 888 mitti
646 838 718 888 subito
734 839 771 898 qui
783 839 817 890 M.
830 838 900 889 Anto-

73 915 100 962 'lO
115 913 177 961 nium
191 912 321 961 occiderent.
339 911 407 964 Hunc
424 911 482 960 enim
498 932 569 961 unum
586 912 653 961 istum
670 912 820 967 metuendum,
838 914 900 972 quasi

67 1017 70 1025 ι
113 985 184 1033 lacem
198 985 308 1044 quandam
319 1004 345 1031 ac
356 984 453 1032 Caesaris
465 985 529 1032 occisi
540 985 641 1038 ultorem,
653 985 798 1033 occidendum
805 986 899 1034 omnino

113 1078 160 1107 esse
175 1059 266 1117 putavit,
282 1058 343 1117 quod
358 1071 415 1107 esset
430 1056 506 1107 consul
521 1056 631 1110 Antonius
646 1056 760 1118 audaxque
775 1058 849 1107 animo
865 1059 898 1107 ni-

113 1133 184 1180 mium
197 1131 226 1180 ad
240 1132 360 1180 vindictam
372 1143 394 1179 et
406 1150 471 1179 omne
483 1130 567 1179 lacinus
577 1130 693 1179 videretur.
707 1129 786 1189 Neque
796 1151 847 1179 vero
857 1146 898 1185 est,

114 1215 224 1261 quantum
234 1204 343 1257 existimo,
355 1203 449 1251 dubium
460 1216 509 1250 tum
519 1220 567 1249 rem
577 1200 689 1260 publicam
698 1202 784 1250 restitui
792 1204 899 1259 potuisse,

73 1277 100 1325 l5
116 1276 142 1330 si,
158 1276 191 1324 uti
207 1288 253 1324 erat
268 1273 382 1323 Ciceronis
399 1275 514 1328 sententia,
530 1273 604 1322 subito
621 1274 655 1323 M.
671 1276 795 1323 Antonium
805 1275 899 1324 occidis·

115 1362 171 1398 sent.
182 1347 291 1398 Consules
302 1346 394 1409 quidem
403 1360 525 1400 tumerent
536 1347 571 1397 M.
579 1346 690 1396 Antonius
701 1359 730 1404 et,
740 1348 778 1409 qui
785 1348 898 1399 Ciceronis

68 1453 70 1456 ·
114 1443 181 1481 gener
188 1421 268 1477 luerat,
276 1420 400 1475 Dolabella,
411 1421 453 1469 viri
463 1420 529 1469 ambo
539 1421 607 1470 animi
617 1423 690 1480 magni
698 1421 863 1481 vindictamque
873 1443 899 1470 ac

113 1495 237 1554 imperium,
250 1495 268 1542 ai
282 1506 377 1553 possent,
390 1493 484 1552 arripere
496 1493 615 1552 cupientes.
635 1492 772 1542 Caesareanis
785 1503 873 1553 quoque
886 1515 900 1542 e

112 1566 248 1626 principibus
264 1566 360 1624 Lepidus
382 1567 481 1626 equitum
502 1566 603 1625 magister
623 1579 675 1616 erat.
699 1562 743 1616 Sed
764 1566 826 1627 quies
847 1566 899 1616 huic

70 1641 100 1688 20
115 1641 182 1700 magis
192 1652 214 1690 et
224 1659 269 1699 pax.
275 1659 342 1700 quam
351 1638 407 1689 bella
417 1638 538 1699 placebant.
548 1637 641 1688 Facinus
650 1652 723 1688 autem
733 1639 815 1688 illustre
824 1642 898 1690 animo

113 1731 192 1770 magno
205 1711 286 1761 Brutus
298 1724 390 1771 uterque
402 1732 428 1760 ac
440 1711 517 1771 reliqui
530 1713 638 1772 principes
651 1713 722 1760 caedis
735 1714 836 1771 aggressi,
849 1733 898 1761 cae-

70 1811 72 1815 *
100 1790 156 1832 ,tera
171 1803 223 1833 vero
236 1782 321 1843 puerili,
335 1795 360 1833 ut
373 1783 451 1832 Cicero
463 1785 535 1838 tradit,
549 1785 640 1833 consilio
652 1786 761 1844 prosecuti
775 1798 833 1835 sunt.
847 1787 898 1836 Meu

111 1870 196 1906 tuentes
209 1877 296 1916 nanque
309 1857 376 1914 magis
389 1877 456 1915 quam
471 1857 582 1906 metuendi
598 1858 711 1908 clementia
725 1878 751 1907 ac
766 1857 897 1918 benignitate

64 1968 66 1974 ,
111 1930 232 1979 Antonium
246 1929 372 1979 leniendum
390 1950 436 1978 esse
449 1942 560 1988 putarunt
579 1929 667 1985 luerunt
685 1951 774 1990 quoque
791 1932 829 1991 qui
846 1952 897 1981 cen·

69 2003 99 2051 25
114 2015 185 2052 serent
204 2002 298 2062 legatum
316 2003 344 2052 ad
359 2023 410 2051 eum
427 2003 557 2052 mittendum
573 2024 619 2053 esse
630 2002 757 2053 Ciceronem
772 2017 797 2054 ut
812 2017 897 2054 senatus

112 2077 200 2126 nominc
216 2076 336 2126 hortaretur
352 2096 378 2125 ac
393 2075 491 2126 suaderet
508 2076 568 2137 quod
583 2077 665 2126 veniret
681 2076 704 2125 in
725 2076 807 2126 curiam
823 2088 848 2127 ut
864 2091 898 2126 res

113 2149 199 2207 publica
208 2150 254 2208 pari
265 2149 353 2198 consilio
361 2150 464 2212 *bonaque
474 2151 572 2199 omnium
586 2170 637 2199 curn
647 2150 836 2210 voluntate‘atque
845 2172 897 2200 con¹

113 2221 185 2270 cordia
199 2222 282 2270 restitui
292 2242 317 2270 ac
328 2219 415 2270 delendi
425 2234 505 2281 posset.
516 2221 597 2270 Contra
608 2221 684 2270 Cicero
699 2222 828 2271 dissentiens
843 2223 898 2272 banc

73 2329 74 2332 =
112 2313 158 2343 esse
182 2293 301 2344 affirmabat
312 2294 439 2353 legationem
450 2314 533 2351 vanam,
545 2294 605 2354 quod
620 2295 659 2344 viri
675 2309 811 2354 cognosceret
827 2288 897 2344 mores

71 2365 101 2415 30
115 2367 279 2427 perciperetque
292 2365 392 2418 lutumm
406 2368 466 2427 quod
479 2365 515 2417 ille
529 2367 664 2428 promitteret
677 2368 749 2417 omnia
764 2379 830 2435 atque
842 2369 897 2418 dum

70 2479 71 2485 ,
113 2452 232 2498 cogeretur·
244 2453 304 2489 metu
321 2441 425 2496 obedires
443 2455 468 2490 ut
487 2460 539 2490 vero
556 2441 672 2490 liberatum
689 2455 750 2491 metu
767 2462 791 2489 se
807 2442 897 2496 videret,

114 2511 235 2562 observaret
252 2511 306 2562 nihil
323 2533 362 2562 nec
378 2513 511 2573 tergiversari
527 2513 640 2569 desineret,
657 2514 675 2561 si
700 2513 765 2562 modo
781 2514 897 2573 imperium

112 2586 204 2646 arripere
213 2608 238 2636 ac
247 2585 343 2636 Caesaris
354 2600 445 2638 mortem
454 2586 527 2637 ulcisci
536 2601 616 2648 posset.
625 2587 686 2639 Haec
694 2589 805 2644 sententia,
820 2609 903 2648 quam-r

107 2744 121 2780 l.
134 2744 169 2781 Cic.
182 2744 224 2784 Pln'l.
237 2745 257 2782 ll.
272 2745 300 2783 28.

111 2902 127 2946 l.
142 2885 264 2958 appelllavit)
278 2908 292 2947 ι’.
307 2921 322 2947 r.
