2093 3253
256 125 388 157 sonrnronuu
403 125 532 157 nnusraruu
545 137 559 142 -
573 125 632 157 nisan
646 125 675 157 vr.
841 109 875 157 171
924 111 926 113 ’

98 244 161 298 ordo,
172 241 194 291 in
206 260 250 300 quo
260 236 339 286 soleret
349 237 434 297 imperii
445 258 531 286 summa
541 238 641 297 dignitas,
653 239 758 293 maiestas,
769 241 884 288 auctoritas

101 320 190 370 elucere,
204 313 233 362 ob
246 332 279 361 res
292 311 503 361 nimiumsecundas
515 312 575 362 omni
588 312 738 371 cupiditateac
746 313 831 362 licentia
842 313 883 362 las-

101 390 198 440 civirent.
216 385 259 442 Qui
277 403 327 433 vero
340 384 396 433 cives
409 384 497 433 boniac
510 386 593 434 honesti
605 398 673 441 erant,
686 385 708 434 hi
721 385 808 435 honoris
819 406 883 435 causa
908 409 910 411 ·

101 461 232 525 vocabantur
244 458 358 516 optimates
370 458 409 505 sed
421 459 540 517 contempti
552 471 613 506 erant
623 479 648 507 ac
660 476 728 518 prope
740 458 833 507 ludibrio
846 459 884 507 ha-

75 539 87 587 5
103 534 215 584 bebantur.
232 530 293 588 Quae
309 542 382 578 autem
398 529 505 584 scelerate,
521 531 619 589 turpiter,
635 531 735 590 improbe
750 544 788 580 aut
803 532 885 590 private

101 620 137 657 aut
152 605 238 665 publice
250 604 333 659 fierent,
346 624 370 652 ea
383 604 420 662 qui
433 604 538 653 virtutum
550 617 610 653 erant
621 604 714 654 cultores
726 626 751 655 ac
763 604 814 654 boni
827 605 884 655 cives

103 681 168 737 magis
179 677 301 735 improbare
311 689 410 734 poterant
420 697 486 734 quam
496 698 523 726 ne
533 676 609 726 fierent
618 677 740 736 prohibere,
751 677 811 737 quod
821 678 883 736 pauci

100 764 174 801 contra
185 749 264 798 multos
275 760 364 807 possent
377 747 436 804 nihil,
451 761 517 807 atque
532 750 653 797 remedium
660 749 763 797 adhibere
770 770 822 797 cum
830 751 886 797 nite-

101 838 174 874 rentur
182 822 268 877 lrustra,
277 821 307 870 nil
315 821 375 871 aliud
382 842 405 870 se
414 820 523 880 fatigando
531 842 598 881 quam
606 822 681 871 odium
689 835 711 871 et
719 822 886 872 malivolentiam

64 901 88 948 10
103 908 236 956 quaererent.
253 895 323 952 Rapto
337 896 396 943 enirn
408 915 434 943 ac
443 896 563 953 imperiose
576 894 628 943 loris
642 897 714 944 vivere
726 896 805 944 assueti
818 895 886 951 absti-

102 986 152 1017 nere
166 966 225 1015 dorni
241 965 301 1014 nullo
312 978 375 1023 pacto
386 965 490 1020 sciebant,
502 985 542 1014 nec
553 984 627 1024 parere
638 968 715 1024 togatis
727 967 886 1024 magistratibus

102 1039 246 1100 dignabantur
260 1040 298 1098 qui
316 1051 410 1087 armatae
433 1039 521 1088 militiae
544 1040 693 1097 imperassent.
717 1037 768 1104 Erat
790 1053 886 1097 preterea

22 1172 24 1179 Ι
101 1114 245 1163 audacissimo
253 1113 336 1171 'cuique
348 1113 470 1171 obsequens
484 1113 608 1167 multitudo,
621 1126 645 1161 ut
656 1112 718 1161 facile
729 1113 809 1167 audere
820 1126 885 1172 atque

103 1186 189 1244 aggredi
201 1187 248 1234 sine
261 1197 320 1234 metu
332 1198 406 1243 posset
418 1186 524 1244 quicquid
536 1185 650 1243 cogitasset
662 1198 683 1233 et
695 1170 767 1233 anirbo
780 1185 885 1235 libuisset.

66 1260 89 1311 15
105 1260 162 1310 Hinc
170 1279 257 1318 nanque
267 1258 333 1307 veluti
344 1257 440 1318 quodam
451 1279 463 1307 e
474 1258 589 1307 seminario
601 1257 707 1307 malorum
715 1271 775 1307 ortus
783 1258 887 1328 crudelis·

102 1335 169 1383 simus
182 1333 306 1382 dominatus
320 1331 397 1391 Syllae,
411 1345 439 1388 et,
454 1332 514 1392 quod
527 1333 587 1391 prius
600 1333 723 1382 inauditum
736 1334 787 1388 erat¹
800 1333 887 1382 initium

103 1404 258 1465 proscribendi.
272 1405 330 1453 Hinc
343 1405 450 1463 flagiciosa
463 1406 583 1454 coniuratio
597 1405 709 1460 Catilinae,
725 1406 776 1454 hinc
788 1406 850 1467 civile
862 1426 887 1454 ac

104 1477 229 1527 detestabile
239 1477 321 1527 bellum
330 1477 427 1527 Caesaris
438 1477 737 1537 et1Pompeii,hincdenique
753 1490 811 1526 tante
827 1477 887 1526 urbis

103 1552 245 1611 naufragium,
257 1553 310 1601 tanti
321 1552 405 1610 imperii
415 1552 483 1608 ruina,
494 1565 565 1600 tantae
575 1552 606 1600 rei
616 1551 715 1611 publicae
723 1572 748 1600 ac
756 1572 853 1601 summae
861 1551 887 1600 li-

62 1627 90 1673 20
105 1626 191 1673 bertatis
198 1626 281 1691 eversio
288 1638 310 1673 et
317 1637 366 1673 nata
374 1638 395 1672 et
402 1625 482 1673 nutrita
490 1624 538 1679 luit,
547 1625 607 1683 quod
614 1646 639 1674 ea
646 1638 701 1674 stare
707 1625 745 1674 diu
752 1647 796 1674 non
803 1627 888 1684 possint

104 1698 193 1755 imperia
210 1717 266 1755 quae
282 1717 326 1745 non
343 1695 479 1752 abstinentia,
497 1696 649 1751 non'iusticia,
666 1717 710 1745 non
728 1696 833 1754 modestia
849 1697 888 1745 sed

102 1772 198 1826 avaricia,
215 1770 347 1826 crudelitate,
364 1770 466 1829 superbia
482 1770 636 1828 gubernantur.

144 1841 224 1891 Noster
238 1856 312 1892 autem
322 1842 444 1898 Sallustius,
455 1843 494 1891 etsi
505 1855 581 1892 natura
590 1855 666 1901 suapte
677 1863 731 1902 quos
741 1844 823 1891 videret
833 1864 888 1902 quo-

103 1914 155 1963 tidie
169 1915 283 1964 sceleratos
298 1916 430 1974 improbaret
446 1935 516 1965 mores
532 1928 553 1964 et
567 1915 595 1966 ab
610 1915 644 1963 his
660 1916 697 1974 qui
713 1935 778 1974 prave
792 1917 889 1965 viverent

64 1987 90 2035 25
106 1989 177 2037 animo
189 2010 264 2038 secum
276 1988 340 2038 tacite
352 1988 482 2045 dissentiret,
494 2003 574 2039 tractus
586 2003 659 2038 tamen
672 2010 723 2038 cum
734 1989 808 2039 aetatis
819 1989 888 2039 imbe=

106 2060 184 2111 cilitate
201 2074 249 2112 tum
266 2063 389 2121 aequalium
405 2084 431 2112 ac
449 2064 555 2112 maiorum
572 2063 722 2112 adhortatione
739 2064 800 2122 quasi
818 2063 888 2112 morbi

105 2136 231 2192 contagione
241 2136 336 2194 quadam
345 2135 432 2184 illorum
441 2136 531 2194 vestigia
540 2135 677 2194 sequebatur.
689 2135 789 2184 Libidine
799 2136 888 2194 quidem

105 2206 195 2262 iuvenis,
205 2221 230 2258 ut
239 2208 309 2259 solent
319 2208 407 2259 iuvenes
417 2209 455 2268 qui
466 2221 487 2259 et
497 2209 554 2258 curis
564 2221 614 2258 sunt
624 2208 685 2259 vacui
696 2221 717 2257 et
726 2208 830 2268 sanguine
839 2207 888 2257 bul-

105 2279 167 2336 liunt,
182 2283 212 2330 ita
225 2282 343 2331 delectatus
356 2295 389 2332 est
402 2282 463 2342 quod
475 2283 498 2331 in
512 2281 615 2345 uxoribus
629 2282 776 2343 custodiendis
789 2282 825 2331 vix
837 2303 889 2340 pos-

30 2402 33 2407 s
65 2349 92 2396 30
107 2365 154 2400 sent
169 2356 225 2402 cauti
236 2356 286 2402 satis
297 2374 346 2402 esse·
354 2355 391 2413 qui
402 2355 467 2403 etiam
477 2356 594 2403 cautissimi
605 2368 738 2412 putarentur.
750 2355 828 2413 Neque
838 2373 888 2415 vero

106 2446 191 2485 semper
206 2427 252 2486 ipse
268 2447 301 2477 res
317 2448 430 2488 prosperas
445 2428 528 2478 habuit.
546 2427 621 2487 lpsum
636 2448 723 2487 nanque
737 2428 760 2477 in
775 2427 888 2484 adulterio,

106 2511 130 2546 ut
144 2501 209 2549 tradit
226 2501 260 2550 M.
277 2501 353 2557 Varro,
369 2501 484 2569 prehendit
500 2502 585 2551 Annius
602 2500 666 2551 Millo
682 2522 723 2551 nec
741 2515 791 2551 ante
807 2501 889 2551 dimisit

106 2589 172 2629 quam
187 2585 208 2621 et
222 2575 280 2632 gravi
292 2594 343 2623 eum
354 2573 467 2623 mulctaret
478 2576 570 2633 pecunia
580 2587 602 2623 et
613 2574 663 2622 loris
676 2574 787 2632 castigaret
797 2574 888 2633 egregie.

106 2643 142 2691 Bis
157 2665 245 2705 quoque
258 2660 370 2696 accusatus
385 2667 410 2696 ac
423 2647 516 2705 supplex
529 2647 557 2695 ad
570 2646 669 2696 iudicum
683 2646 776 2695 subselia
795 2646 860 2695 stetit.

67 2733 205 2744 -Ὰ-

101 2784 129 2821 32.
141 2785 184 2824 Gell.
198 2787 253 2826 XVll.
269 2788 294 2825 18,

66 2855 207 2869 N—----

106 2897 138 2946 28.
152 2899 183 2949 Ex
197 2901 278 2949 buliunt
291 2921 340 2949 corr.
