2093 3253
272 166 401 197 scarraonun
416 166 541 198 riuusrmun
554 177 568 183 -
582 165 639 197 ursan
652 166 705 196 run.
857 151 898 198 393

113 281 231 340 prudenter
244 280 353 329 iacturum
366 279 491 335 iudicarem,
506 282 578 328 tamen
592 291 703 338 permotus
717 279 831 328 bominum
844 279 901 328 lama

115 353 254 409 scribendum
264 353 292 402 ad
301 364 323 401 te
332 352 452 401 existimavi
463 364 484 400 et
494 371 534 410 pro
544 364 617 416 nostra
627 350 772 400 benivolentia
782 353 901 410 petendum

117 447 143 474 ne
159 445 204 484 quo
219 424 377 483 progredereris
386 424 512 481 'proclinata
529 426 572 473 iam
588 442 610 472 re
627 443 671 482 quo
682 424 765 482 integra
775 424 841 473 etiam
851 444 901 484 pro·

116 498 259 559 grediendum
278 499 318 547 tibi
338 497 551 546 nonexistimasses.
571 495 630 547 Nam
649 511 670 546 et
689 496 798 546 amiciciae
817 511 902 548 nostrae

91 574 103 622 5
120 572 240 630 graviorem
254 567 355 621 iniuriam
369 571 445 620 leceris
460 584 480 619 et
494 570 534 619 tibi
549 572 621 620 minus
635 572 750 620 commode
761 567 908 627 consulueris,

117 647 135 694 si
149 666 193 694 non
207 644 306 693 fortunae
320 645 436 694 obsecutus
450 644 564 694 videberis.
579 644 732 693 Omniaenim
746 645 902 694 secundissima

118 717 188 772 nobis,
202 717 351 767 adversissima
365 716 407 765 illis
420 717 523 766 accidisse
535 717 603 765 vides.
618 716 665 765 Nec
678 736 765 766 causam
778 730 865 766 secutus
878 738 902 765 es

119 792 204 848 (eadem
216 791 275 853 enim
287 803 335 838 tum
347 790 389 838 tuit
401 811 452 838 cum
464 791 492 838 ab
504 808 580 838 eorum
592 790 686 838 consiliis
699 789 773 838 abesse
786 789 901 846 iudicasti),

73 898 74 901 =
119 864 158 912 sed
165 862 335 923 meumaliquod
342 862 424 911 lactum
432 875 453 911 te
461 863 616 911 condemnasse
623 863 696 918 audio;
704 883 748 922 quo
756 862 809 911 mihi
817 863 902 921 gravius

81 939 107 987 10
121 937 160 985 abs
177 948 198 985 te
215 935 268 984 nihil
285 936 382 984 accidere
398 947 476 994 potest.
494 934 560 991 Quod
577 955 604 983 ne
621 934 685 983 facias
702 954 742 993 pro
759 935 805 984 iure
818 949 903 984 nostrae

119 1009 229 1058 amiciciae
240 1030 252 1057 a
264 1022 287 1058 te
298 1022 356 1068 peto.
369 1008 481 1056 Postremo
494 1007 548 1067 quid
559 1008 606 1056 viro
618 1008 676 1057 bono
688 1029 713 1057 ac
725 1008 799 1067 quieto
812 1020 833 1056 et
845 1007 907 1056 bono

120 1083 161 1132 civi
184 1083 251 1140 magis
272 1082 372 1131 convenit
396 1102 462 1141 quam
484 1082 559 1130 abesse
581 1103 594 1129 a
616 1081 715 1130 civilibus
738 1081 904 1130 controversiis?

121 1154 187 1211 Quod
195 1154 293 1203 nonnulli
301 1174 352 1203 cum
359 1154 482 1212 probarent,
490 1153 580 1212 periculi
588 1174 652 1202 causa
659 1153 720 1221 sequi
728 1156 772 1202 non
779 1167 903 1212 potuerunt.

120 1227 157 1277 Tu
168 1226 278 1286 explorato
289 1240 309 1275 et
320 1227 376 1276 vitae
387 1247 447 1275 meae
457 1227 581 1275 testimonio
592 1239 613 1275 et
623 1225 732 1275 amiciciae
743 1226 823 1275 iudicio
833 1247 904 1285 neque

82 1301 107 1349 15
122 1300 191 1348 tutius
205 1320 244 1348 nec
259 1300 370 1348 honestius
383 1301 476 1358 reperies
490 1300 608 1358 quicquam
621 1320 688 1357 quam
701 1299 728 1347 ab
742 1299 801 1347 omni
816 1313 904 1348 conten-

121 1372 180 1419 tione
187 1371 269 1419 abesse.
278 1371 337 1419 Vale.
346 1371 389 1420 XV
397 1370 514 1419 Kallendas
523 1371 593 1420 Maias
601 1392 627 1419 ex
635 1371 737 1419 itinere.»

165 1444 231 1492 lstam
245 1443 273 1492 ad
288 1462 340 1499 rem,
356 1464 384 1492 ne
397 1443 426 1493 ad
440 1444 568 1502 Pompeium
583 1444 689 1493 traiiceret
704 1443 787 1498 Cicero,
803 1461 848 1503 quo
862 1444 903 1499 die,

114 1538 175 1577 ¹quas
200 1517 323 1572 memoravi,
348 1517 445 1567 Caesaris
469 1516 549 1566 litteras
573 1516 700 1572 Philotinus,
725 1516 802 1579 eodem
824 1516 905 1565 litteras

122 1590 156 1640 M.
170 1589 260 1639 Antonii
275 1589 400 1639 Callurnius
413 1589 491 1640 attulit
505 1589 637 1639 Tumenim
650 1590 741 1639 Caesare
754 1591 777 1639 in
790 1590 905 1649 Hispanias

81 1664 109 1718 20
124 1663 155 1711 ire
168 1675 270 1720 pergente
284 1663 318 1711 M.
331 1662 439 1711 Antonius
452 1681 492 1721 pro
505 1683 531 1711 eo
546 1663 629 1711 ltaliam
642 1664 760 1711 obtinebat.
775 1663 906 1712 Litterarum

122 1736 168 1786 eius
182 1735 224 1783 hoc
238 1735 362 1793 exemplum
376 1748 414 1784 est:
430 1751 439 1776 a
448 1734 481 1784 M.
495 1735 604 1784 Antonius
618 1735 719 1785 tribunus
733 1735 803 1794 plebis
817 1757 842 1785 ac
856 1756 906 1795 pro·

113 1822 208 1868 praetor
219 1809 252 1857 M.
263 1808 448 1858 TullioCiceroni
459 1810 583 1868 imperatori
594 1809 631 1858 sal.
643 1810 665 1858 d.
684 1810 733 1858 Nisi
743 1824 766 1858 te
776 1809 838 1859 valde
848 1832 906 1860 ama·

123 1900 169 1930 rem
180 1895 201 1930 et
214 1882 283 1931 multo
295 1882 384 1940 quidem
396 1881 445 1940 plus
457 1902 524 1940 quam
534 1895 559 1929 tu
571 1895 641 1940 putas,
655 1903 698 1930 non
711 1883 858 1932 extimuissem
870 1903 906 1932 ru-

119 1974 206 2004 morem
220 1955 258 2016 qui
273 1954 300 2003 de
314 1968 336 2003 te
350 1954 446 2014 prolatus
461 1968 500 2010 est,
516 1975 567 2003 cum
581 1956 694 2014 presertim
704 1954 784 2003 falsum
794 1975 840 2003 esse
851 1956 906 2004 exis-

82 2029 109 2077 25
125 2030 231 2078 timarem.
242 2028 286 2078 Sed
296 2029 346 2087 quia
356 2029 456 2077 tenimio
466 2028 514 2086 plus
525 2027 598 2087 diligo,
610 2049 654 2077 non
667 2048 757 2087 possum
772 2029 909 2080 dissimulare

124 2102 176 2149 mihi
189 2100 270 2149 lamam
281 2121 376 2159 quoque,
389 2100 487 2159 quamvis
500 2101 528 2149 sit
540 2099 600 2155 falsa,
614 2101 686 2159 magni
698 2121 751 2150 esse.
764 2100 835 2151 Trans
848 2121 906 2151 mare

123 2173 211 2222 credero
225 2194 272 2230 non
285 2193 374 2231 possum
389 2171 479 2221 vellete
494 2172 608 2231 proficisci,
624 2193 675 2221 cum
689 2173 743 2221 tanti
758 2172 823 2228 iacias
838 2174 907 2240 Dolo·

123 2246 209 2302 bellam,
222 2244 319 2294 Tulliam
331 2255 398 2299 tuam,
411 2245 516 2294 feminam
527 2245 673 2300 lectissimam,
686 2246 785 2304 tantique
796 2242 907 2295 abssorrinir

103 2367 105 2369 ,
124 2323 166 2371 bus
183 2320 245 2369 nobis
262 2319 307 2374 fias,
326 2318 406 2379 quibus
424 2340 458 2368 me
476 2317 562 2369 hercule
579 2318 853 2379 dignitas'amplitudoque
870 2319 919 2369 tua-

83 2395 111 2441 30
126 2414 182 2451 pene
196 2395 264 2442 carior
279 2406 311 2441 est
326 2414 392 2450 quam
406 2394 446 2441 tibi
461 2395 510 2450 ipsi.
525 2393 570 2441 Sed
583 2406 656 2455 tamen
671 2415 716 2442 non
730 2415 780 2442 sum
794 2395 908 2456 arbitratus

125 2485 171 2515 esse
185 2466 249 2516 amici
264 2485 308 2515 non
323 2466 454 2515 commoveri
469 2464 822 2524 etiam2ssimprob0r-um-sermone
835 2466 908 2527 Atque

125 2559 150 2588 eo
165 2538 206 2604 leci
221 2539 346 2594 studiosius,
361 2538 421 2598 quod
435 2536 558 2588 iudicabam
572 2539 669 2588 duriores
683 2551 754 2598 partes
769 2538 822 2587 mihi
837 2540 908 2600 impo-

125 2613 176 2661 sitas
188 2632 234 2660 esse
244 2612 272 2660 ab
284 2611 403 2660 offensione
414 2624 493 2666 nostra,
505 2631 561 2670 quae
573 2612 640 2670 magis
651 2632 663 2658 a
674 2611 774 2670 zelotipia
785 2633 833 2660 mea
843 2634 910 2672 quam

119 2685 244 2732 vab‘iniuria
259 2697 295 2733 tua
311 2696 359 2732 nata
374 2697 413 2732 est.
428 2680 465 2732 Sic
479 2683 537 2732 enim
552 2683 602 2731 volo
616 2698 637 2731 te
651 2683 690 2731 tibi
706 2674 840 2742 persuadere,
857 2686 910 2733 mihi

131 2793 159 2855 21]
172 2818 208 2855 cre.
217 2786 257 2857 'nt
269 2818 293 2856 x.
306 2817 317 2854 a
329 2817 349 2854 Α.

84 2898 227 2908 -ω--η--σ-

138 2942 156 2983 7.
171 2940 225 2983 vides
240 2946 253 2983 ι’.
267 2959 283 2983 r.
