2093 3253
148 200 185 244 162
448 213 539 244 sicconis
553 213 668 245 rocrnrour

189 330 310 386 nationum,
325 329 424 377 omniurn
438 340 534 376 aetatum
548 328 604 377 lacta
619 329 708 377 illustria
723 328 835 377 enarravit.
852 329 912 383 Felix
922 334 974 390 ·qui-
1018 334 1020 338 ’

190 403 241 450 dem
256 403 295 451 etsi
306 401 426 461 periculosa
436 402 477 450 viri
488 401 552 449 huius
562 402 658 455 audacia,
669 422 724 459 quae
735 402 758 449 id
768 421 823 460 opus
833 402 920 460 aggredi
931 424 973 454 non
1026 404 1035 441 ἒ

190 476 267 526 metuit
282 477 304 526 in
317 484 362 536 quo
375 495 427 530 non,
440 475 473 525 uti
486 476 563 524 caeteri
576 475 745 531 consuevissent,
759 487 817 534 gesta
830 476 896 526 unius
910 478 974 528 modo

189 549 264 609 populi
273 564 310 599 aut
318 549 422 609 principis
431 549 470 597 sed
478 550 573 597 universi
582 550 640 598 orbis
649 548 705 597 lacta
714 550 830 598 memoriae
839 550 888 598 data
897 565 974 602 essent.

162 624 174 673 5
232 622 294 679 Hanc
306 642 357 674 vero
369 636 452 672 tantam
464 641 537 672 rerum
549 623 634 681 copiam
649 622 744 672 lustinus
757 623 790 672 vir
803 623 886 682 quippe
899 623 975 674 doctus

189 709 211 744 et
233 698 255 744 in
275 696 394 745 scribendis
410 695 505 743 historiis
520 697 604 754 egregie
620 696 735 744 delimatus
753 709 829 744 auctor
844 696 975 748 abbreviavit
1027 696 1041 769 Ξ

163 821 165 823 ,
192 767 293 830 multum.
308 770 376 828 Trogi
387 789 474 828 nanque
486 769 645 828 amplissimum
656 790 719 827 opus,
731 790 783 818 cum
794 782 850 818 esset
862 770 944 819 Romae
955 786 975 822 et

191 844 239 891 ocio
250 843 369 900 plurimum
380 841 507 895 abundaret,
520 863 559 890 suo
571 862 611 900 pro
622 842 702 896 studio,
715 843 822 896 exercitio,
835 843 976 893 delectatione

127 938 129 941 >
191 914 303 972 amplexus
312 927 345 963 est
355 927 376 962 et
386 933 442 971 quae
451 914 479 961 ab
489 914 526 962 illo
537 927 597 962 erant
606 915 715 973 copiosius
725 914 836 972 explicata,
847 935 871 963 ea
881 916 928 964 iure
937 936 976 965 suo

153 988 178 1036 10
194 988 317 1045 perstrinxit
336 987 417 1046 paucis.
437 986 555 1036 Librorum
573 988 663 1050 quidem
681 988 740 1036 idem
758 1000 790 1037 est
809 1008 920 1043 numerus,
939 990 977 1039 sed

194 1062 289 1109 lustinus
301 1062 385 1109 omissis
398 1080 454 1118 quae
465 1081 537 1118 neque
548 1058 696 1118 cognoscendi
705 1054 815 1109 voluntate
826 1056 976 1111 iocunda'esse

192 1154 232 1181 nec
245 1134 344 1193 exemplo
358 1133 476 1181 necessaria
489 1133 621 1188 viderentur,
635 1134 697 1192 quasi
711 1134 805 1181 maximo
818 1154 830 1181 e
844 1147 907 1201 prato
919 1133 976 1182 flori·

193 1207 234 1255 bus
247 1206 342 1256 collectis
355 1205 486 1265 opusculum
499 1206 610 1265 quoddam
623 1206 795 1265 pulcherrimum
805 1228 830 1255 ac
843 1207 908 1257 breve
918 1205 974 1263 lecit,

192 1293 217 1328 ut
227 1281 272 1329 eius
287 1280 393 1329 beneficio
404 1279 497 1328 habeant
508 1280 598 1328 studiosi
609 1280 668 1328 unde
678 1281 791 1328 vetustatis
802 1300 827 1328 ac
838 1299 911 1329 rerum
921 1282 976 1339 opti·
988 1342 990 1346 v

154 1355 178 1402 15
195 1372 279 1401 marum
294 1353 427 1406 memoriam,
437 1353 547 1407 noticiam,
556 1353 654 1411 exempla
662 1352 724 1401 facile
733 1366 779 1401 toto
788 1373 814 1401 ex
823 1354 875 1401 orbe
884 1367 977 1402 sumant.

235 1426 320 1473 Bellum
330 1437 403 1473 autem
413 1425 436 1471 id
447 1425 586 1472 memorabile
595 1446 620 1472 ac
630 1425 741 1472 famosum
751 1426 812 1482 quod
822 1425 913 1473 Graecia
923 1426 977 1473 duce

193 1498 333 1556 Agamenone
347 1496 376 1545 ob
390 1509 474 1555 raptam
488 1496 577 1546 Elenam
587 1498 614 1546 'in
628 1497 739 1546 Priamum
752 1517 777 1546 ac
792 1496 898 1546 Troianos
913 1499 976 1556 gessit
1028 1495 1046 1556 Ξ

194 1584 266 1619 noster
276 1592 320 1619 non
330 1571 422 1629 explicat
431 1570 518 1628 Trogus
528 1591 568 1619 nec
578 1572 623 1629 qui,
633 1583 658 1619 ut
668 1571 719 1625 dixi,
729 1570 773 1619 fuit'
781 1571 977 1626 eiusabbreviator,
1028 1556 1033 1629 l

196 1645 298 1699 Iustinus,
311 1644 387 1702 tangit.
402 1643 478 1702 Ipsum
489 1657 570 1699 autem,
583 1645 600 1693 si
612 1657 711 1693 auctores
724 1664 843 1694 memorare
855 1646 978 1704 peregrinos

153 1720 182 1768 20
196 1718 268 1773 velim,
282 1731 304 1766 et
318 1718 381 1766 Dites
396 1716 492 1766 Gnosius
507 1717 616 1767 Cretensis
630 1730 658 1774 et,
674 1719 711 1778 qui
726 1731 771 1767 erat
785 1718 888 1778 Phrygiae
903 1719 978 1777 gentis,

194 1791 263 1838 Dares
274 1791 366 1849 scripsit.
378 1789 423 1837 Sed
433 1803 525 1848 uterque
536 1792 661 1848 peregrinus
672 1811 697 1838 ac
709 1790 788 1838 litteris
799 1791 916 1849 peregrinis
928 1812 979 1838 usus

174 1907 176 1910 .
195 1864 243 1913 fuit.
259 1864 345 1913 Deinde
354 1881 405 1912 vero
414 1883 482 1912 annos
492 1864 521 1912 ad
530 1861 635 1913 ducentos
645 1884 669 1912 ac
680 1864 738 1913 mille
752 1877 802 1923 post
815 1864 905 1913 Troiam
920 1883 978 1913 ever·

196 1957 242 1985 sam
257 1937 344 1986 Latinas
352 1937 375 1985 in
383 1936 464 1984 litteras
473 1937 585 1985 traductus
599 1950 638 1986 est.
653 1936 739 1985 Daretis
751 1937 840 1995 quidem
849 1958 911 1996 opus,
921 1938 980 1995 quod

196 2021 251 2057 esset
266 2008 323 2057 toliis
337 2009 459 2067 palmarum
473 2010 585 2067 scripturn,
600 2009 723 2057 Cornellius
737 2009 849 2067 Neposad
860 2009 886 2058 C.
896 2009 977 2058 Sallus·

155 2082 182 2133 25
198 2083 253 2130 tium
270 2082 292 2130 in
310 2081 413 2130 Latinum
424 2082 495 2130 vertit.
508 2081 583 2131 Ditem
594 2102 652 2138 vero,
664 2082 702 2142 qui
714 2081 755 2131 boc
767 2082 795 2131 de
807 2082 863 2132 bello
875 2083 898 2132 in
909 2081 979 2137 tilleis,

197 2175 252 2213 quae
267 2155 323 2203 leves
333 2166 384 2202 sunt
392 2155 481 2202 cortices
491 2167 512 2202 et
519 2156 578 2213 apud
586 2157 686 2213 antiquos
696 2156 719 2202 in
728 2175 770 2203 usu
780 2174 820 2213 pro
828 2156 906 2203 chartis
915 2156 980 2203 habe·

197 2240 278 2282 rentur,
292 2227 402 2276 volumina
416 2247 453 2274 sex
466 2228 592 2285 scripsisset,
615 2228 742 2285 Septimius,
756 2227 866 2276 Romanus
880 2228 940 2282 civis,
953 2227 980 2275 ad

197 2300 225 2357 Q.
240 2300 329 2348 Arrium
344 2300 431 2348 Latinas
440 2295 463 2348 in
472 2300 552 2348 litteras
561 2301 664 2349 traduxit.
1033 2347 1046 2364 ,ᾖ

239 2373 327 2431 Quippe
342 2390 425 2420 morem
434 2372 493 2420 hunc
501 2373 577 2421 habuit
586 2374 682 2421 Romana
691 2373 814 2431 prudentia,
823 2386 847 2421 ut
855 2374 892 2432 qui
902 2374 981 2421 doctri-

156 2446 185 2495 30
200 2446 233 2495 nis
248 2445 366 2500 studerent,
382 2444 403 2493 hi
419 2466 463 2494 non
479 2445 565 2494 Latinas
581 2447 646 2495 modo
661 2446 700 2494 sed
715 2445 808 2495 Graecas
823 2447 888 2495 etiam
902 2445 982 2494 litteras

198 2518 312 2574 discerent,
327 2517 387 2578 quod
400 2531 499 2576 parentes
513 2539 568 2577 quos
582 2518 661 2567 liberos
674 2531 756 2567 amatos
770 2532 791 2567 et
805 2538 865 2568 caros
879 2518 982 2567 haberent

179 2635 181 2639 .
197 2611 222 2639 ac
236 2591 315 2640 versari
328 2592 351 2640 in
364 2590 440 2638 litteris
451 2590 538 2645 vellent,
552 2611 588 2640 eos
602 2591 629 2640 de
642 2591 747 2640 industria
762 2611 828 2650 quam
839 2592 935 2650 primum
945 2607 983 2648 per

156 2690 299 2697 ----...-

180 2732 221 2784 27.
234 2731 280 2776 Sept.
293 2733 337 2777 apud
349 2732 410 2776 Dictyn
422 2731 474 2773 Cret„
486 2732 542 2776 Praef.

200 2851 230 2897 19.
246 2852 333 2896 Iustinus
346 2871 391 2896 sacr.
446 2852 479 2896 24.
493 2851 524 2896 Ex
539 2851 648 2896 Salustium
659 2836 760 2906 corn-(sed
769 2860 788 2897 in
799 2854 862 2899 indice
872 2852 983 2900 Sallustius,

155 2916 211 2963 nulla
231 2924 347 2964 correctione
368 2916 473 2973 adhibita).
528 2918 560 2964 25.
581 2917 612 2965 Ex
634 2916 692 2964 Dites
712 2939 762 2965 corr.
817 2920 849 2965 25.
870 2920 910 2965 Pro
931 2917 983 2964 tiliis.

157 2987 190 3030 26.
204 2987 276 3031 chartis
290 2993 303 3031 i.
319 3005 344 3039 r.;
359 2995 402 3030 erar
416 2987 501 3031 carthisl
1038 2989 1044 2997 ¹*
