<?xml version="1.0" encoding="UTF-8"?>
<!DOCTYPE html PUBLIC "-//W3C//DTD XHTML 1.0 Transitional//EN"
    "http://www.w3.org/TR/xhtml1/DTD/xhtml1-transitional.dtd">
<html xmlns="http://www.w3.org/1999/xhtml" xml:lang="en" lang="en">
 <head>
  <title>
</title>
<meta http-equiv="Content-Type" content="text/html;charset=utf-8" />
  <meta name='ocr-system' content='tesseract 3.04.00' />
  <meta name='ocr-capabilities' content='ocr_page ocr_carea ocr_par ocr_line ocrx_word'/>
</head>
<body>
  <div class='ocr_page' id='page_1' title='image "MN40033ucmf_2_0534.png"; bbox 0 0 2093 3253; ppageno 0'>
   <div class='ocr_carea' id='block_1_1' title="bbox 133 223 660 268">
    <p class='ocr_par' dir='ltr' id='par_1_1' title="bbox 133 223 660 268">
     <span class='ocr_line' id='line_1_1' title="bbox 133 223 660 268; baseline -0.002 -3"><span class='ocrx_word' id='word_1_1' title='bbox 133 223 173 268; x_wconf 76' lang='lat'>460</span> <span class='ocrx_word' id='word_1_2' title='bbox 430 231 525 266; x_wconf 87' lang='lat' dir='ltr'>srccours</span> <span class='ocrx_word' id='word_1_3' title='bbox 540 230 660 265; x_wconf 80' lang='lat' dir='ltr'>rotrurour</span> 
     </span>
    </p>
   </div>
   <div class='ocr_carea' id='block_1_2' title="bbox 149 322 1045 700">
    <p class='ocr_par' dir='ltr' id='par_1_2' title="bbox 175 322 1045 627">
     <span class='ocr_line' id='line_1_2' title="bbox 235 322 1044 345; baseline 0.007 -6"><span class='ocrx_word' id='word_1_4' title='bbox 235 322 242 339; x_wconf 66' lang='lat'>0</span> <span class='ocrx_word' id='word_1_5' title='bbox 1029 330 1044 345; x_wconf 53' lang='lat' dir='ltr'>-ti</span> 
     </span>
     <span class='ocr_line' id='line_1_3' title="bbox 176 342 961 416; baseline 0 -16"><span class='ocrx_word' id='word_1_6' title='bbox 176 348 236 409; x_wconf 83' lang='lat' dir='ltr'>quod</span> <span class='ocrx_word' id='word_1_7' title='bbox 246 348 355 399; x_wconf 86' lang='lat' dir='ltr'>videretur</span> <span class='ocrx_word' id='word_1_8' title='bbox 366 347 469 398; x_wconf 87' lang='lat' dir='ltr'>idoneum</span> <span class='ocrx_word' id='word_1_9' title='bbox 484 362 585 416; x_wconf 85' lang='lat' dir='ltr'>sumeret.</span> <span class='ocrx_word' id='word_1_10' title='bbox 598 345 646 399; x_wconf 83' lang='lat' dir='ltr'>Hoc</span> <span class='ocrx_word' id='word_1_11' title='bbox 657 349 729 409; x_wconf 85' lang='lat' dir='ltr'>itaque</span> <span class='ocrx_word' id='word_1_12' title='bbox 740 371 752 397; x_wconf 89' lang='lat' dir='ltr'>e</span> <span class='ocrx_word' id='word_1_13' title='bbox 763 342 876 399; x_wconf 82' lang='lat' dir='ltr'>volumine</span> <span class='ocrx_word' id='word_1_14' title='bbox 884 369 961 416; x_wconf 85' lang='lat' dir='ltr'>prooe-</span> 
     </span>
     <span class='ocr_line' id='line_1_4' title="bbox 176 410 1045 482; baseline -0.001 -10"><span class='ocrx_word' id='word_1_15' title='bbox 176 424 245 473; x_wconf 88' lang='lat' dir='ltr'>mium</span> <span class='ocrx_word' id='word_1_16' title='bbox 261 421 357 471; x_wconf 86' lang='lat' dir='ltr'>scribens</span> <span class='ocrx_word' id='word_1_17' title='bbox 374 422 401 472; x_wconf 88' lang='lat' dir='ltr'>de</span> <span class='ocrx_word' id='word_1_18' title='bbox 418 420 494 472; x_wconf 79' lang='lat' dir='ltr'>Gloria</span> <span class='ocrx_word' id='word_1_19' title='bbox 510 423 610 482; x_wconf 83' lang='lat' dir='ltr'><strong>sumpsit,</strong></span> <span class='ocrx_word' id='word_1_20' title='bbox 635 420 715 472; x_wconf 84' lang='lat' dir='ltr'>oblitus</span> <span class='ocrx_word' id='word_1_21' title='bbox 732 443 755 471; x_wconf 92' lang='lat' dir='ltr'>se</span> <span class='ocrx_word' id='word_1_22' title='bbox 771 422 794 472; x_wconf 93' lang='lat' dir='ltr'>id</span> <span class='ocrx_word' id='word_1_23' title='bbox 818 423 860 473; x_wconf 89' lang='lat' dir='ltr'>iam</span> <span class='ocrx_word' id='word_1_24' title='bbox 877 423 910 482; x_wconf 92' lang='lat' dir='ltr'>pri</span> <span class='ocrx_word' id='word_1_25' title='bbox 1033 410 1045 438; x_wconf 47' lang='grc' dir='ltr'>Ξ</span> 
     </span>
     <span class='ocr_line' id='line_1_5' title="bbox 175 493 916 555; baseline -0.001 -10"><span class='ocrx_word' id='word_1_26' title='bbox 175 495 311 545; x_wconf 73' lang='lat' dir='ltr'>Academicis</span> <span class='ocrx_word' id='word_1_27' title='bbox 319 495 459 554; x_wconf 86' lang='lat' dir='ltr'>inscripsisse.</span> <span class='ocrx_word' id='word_1_28' title='bbox 469 495 530 544; x_wconf 84' lang='lat' dir='ltr'>Urbe</span> <span class='ocrx_word' id='word_1_29' title='bbox 536 508 610 544; x_wconf 88' lang='lat' dir='ltr'>autem</span> <span class='ocrx_word' id='word_1_30' title='bbox 617 493 734 555; x_wconf 74' lang='lat' dir='ltr'>proiectus,</span> <span class='ocrx_word' id='word_1_31' title='bbox 742 516 793 544; x_wconf 88' lang='lat' dir='ltr'>cum</span> <span class='ocrx_word' id='word_1_32' title='bbox 800 495 865 545; x_wconf 89' lang='lat' dir='ltr'>armis</span> <span class='ocrx_word' id='word_1_33' title='bbox 871 497 916 545; x_wconf 88' lang='lat' dir='ltr'>Ant</span> 
     </span>
     <span class='ocr_line' id='line_1_6' title="bbox 175 567 961 627; baseline -0.003 -10"><span class='ocrx_word' id='word_1_34' title='bbox 175 571 251 617; x_wconf 82' lang='lat' dir='ltr'>cedere</span> <span class='ocrx_word' id='word_1_35' title='bbox 264 567 354 625; x_wconf 86' lang='lat' dir='ltr'>paulum</span> <span class='ocrx_word' id='word_1_36' title='bbox 367 581 389 616; x_wconf 80' lang='lat' dir='ltr'>&#39;et</span> <span class='ocrx_word' id='word_1_37' title='bbox 402 567 501 625; x_wconf 80' lang='lat' dir='ltr'>navigare</span> <span class='ocrx_word' id='word_1_38' title='bbox 515 568 537 615; x_wconf 90' lang='lat' dir='ltr'>in</span> <span class='ocrx_word' id='word_1_39' title='bbox 551 567 666 616; x_wconf 77' lang='lat' dir='ltr'>Graeciam</span> <span class='ocrx_word' id='word_1_40' title='bbox 679 568 788 616; x_wconf 78' lang='lat' dir='ltr'>statuisset</span> <span class='ocrx_word' id='word_1_41' title='bbox 801 581 866 627; x_wconf 86' lang='lat' dir='ltr'>atque</span> <span class='ocrx_word' id='word_1_42' title='bbox 879 568 902 616; x_wconf 85' lang='lat' dir='ltr'>in</span> <span class='ocrx_word' id='word_1_43' title='bbox 912 589 961 617; x_wconf 84' lang='lat' dir='ltr'>navi</span> 
     </span>
    </p>

    <p class='ocr_par' dir='ltr' id='par_1_3' title="bbox 149 635 963 700">
     <span class='ocr_line' id='line_1_7' title="bbox 149 635 963 700; baseline -0.002 -9"><span class='ocrx_word' id='word_1_44' title='bbox 149 645 161 691; x_wconf 82' lang='grc'>5</span> <span class='ocrx_word' id='word_1_45' title='bbox 178 635 307 691; x_wconf 81' lang='lat' dir='ltr'>Academica</span> <span class='ocrx_word' id='word_1_46' title='bbox 314 660 352 689; x_wconf 87' lang='lat' dir='ltr'>sua</span> <span class='ocrx_word' id='word_1_47' title='bbox 360 640 485 688; x_wconf 76' lang='lat' dir='ltr'>recitantem</span> <span class='ocrx_word' id='word_1_48' title='bbox 491 637 581 694; x_wconf 79' lang='lat' dir='ltr'>audiret,</span> <span class='ocrx_word' id='word_1_49' title='bbox 588 653 682 688; x_wconf 82' lang='lat' dir='ltr'>erratum</span> <span class='ocrx_word' id='word_1_50' title='bbox 689 639 790 698; x_wconf 79' lang='lat' dir='ltr'>cognovit</span> <span class='ocrx_word' id='word_1_51' title='bbox 797 662 862 689; x_wconf 91' lang='lat' dir='ltr'>suum</span> <span class='ocrx_word' id='word_1_52' title='bbox 870 661 963 700; x_wconf 83' lang='lat' dir='ltr'>moxque</span> 
     </span>
    </p>
   </div>
   <div class='ocr_carea' id='block_1_3' title="bbox 176 712 1047 772">
    <p class='ocr_par' dir='ltr' id='par_1_4' title="bbox 176 712 1047 783">
     <span class='ocr_line' id='line_1_8' title="bbox 176 712 1047 772; baseline 0 -8"><span class='ocrx_word' id='word_1_53' title='bbox 176 736 233 764; x_wconf 89' lang='lat' dir='ltr'>novo</span> <span class='ocrx_word' id='word_1_54' title='bbox 248 713 352 762; x_wconf 79' lang='lat' dir='ltr'>fabricato</span> <span class='ocrx_word' id='word_1_55' title='bbox 368 712 480 772; x_wconf 88' lang='lat' dir='ltr'>prooemio</span> <span class='ocrx_word' id='word_1_56' title='bbox 496 713 554 761; x_wconf 81' lang='lat' dir='ltr'>misit</span> <span class='ocrx_word' id='word_1_57' title='bbox 569 714 597 761; x_wconf 92' lang='lat' dir='ltr'>ad</span> <span class='ocrx_word' id='word_1_58' title='bbox 612 714 712 762; x_wconf 89' lang='lat' dir='ltr'>Atticum</span> <span class='ocrx_word' id='word_1_59' title='bbox 728 726 752 762; x_wconf 92' lang='lat' dir='ltr'>ut</span> <span class='ocrx_word' id='word_1_60' title='bbox 768 713 828 762; x_wconf 88' lang='lat' dir='ltr'>libris</span> <span class='ocrx_word' id='word_1_61' title='bbox 844 714 871 762; x_wconf 84' lang='lat' dir='ltr'>de</span> <span class='ocrx_word' id='word_1_62' title='bbox 887 714 962 764; x_wconf 86' lang='lat' dir='ltr'>Gloria</span> <span class='ocrx_word' id='word_1_63' title='bbox 1031 744 1047 768; x_wconf 56' lang='lat' dir='ltr'>:a</span> 
     </span>
    </p>
   </div>
   <div class='ocr_carea' id='block_1_4' title="bbox 138 782 1047 1284">
    <p class='ocr_par' dir='ltr' id='par_1_5' title="bbox 177 782 1047 847">
     <span class='ocr_line' id='line_1_9' title="bbox 177 782 1047 845; baseline 0.001 -10"><span class='ocrx_word' id='word_1_64' title='bbox 177 787 242 845; x_wconf 85' lang='lat' dir='ltr'>priori</span> <span class='ocrx_word' id='word_1_65' title='bbox 263 787 352 845; x_wconf 88' lang='lat' dir='ltr'>dempto</span> <span class='ocrx_word' id='word_1_66' title='bbox 373 787 414 834; x_wconf 89' lang='lat' dir='ltr'>hoc</span> <span class='ocrx_word' id='word_1_67' title='bbox 434 806 516 834; x_wconf 87' lang='lat' dir='ltr'>novum</span> <span class='ocrx_word' id='word_1_68' title='bbox 536 787 645 834; x_wconf 89' lang='lat' dir='ltr'>insereret.</span> <span class='ocrx_word' id='word_1_69' title='bbox 667 786 776 845; x_wconf 82' lang='lat' dir='ltr'>Equidem</span> <span class='ocrx_word' id='word_1_70' title='bbox 796 788 903 835; x_wconf 85' lang='lat' dir='ltr'>affirmare</span> <span class='ocrx_word' id='word_1_71' title='bbox 923 789 963 837; x_wconf 88' lang='lat' dir='ltr'>ista</span> <span class='ocrx_word' id='word_1_72' title='bbox 1030 782 1047 824; x_wconf 65' lang='lat' dir='ltr'>l</span> 
     </span>
    </p>

    <p class='ocr_par' dir='ltr' id='par_1_6' title="bbox 138 852 1044 1284">
     <span class='ocr_line' id='line_1_10' title="bbox 138 858 953 919; baseline 0.001 -10"><span class='ocrx_word' id='word_1_73' title='bbox 138 889 140 893; x_wconf 96' lang='lat'>·</span> <span class='ocrx_word' id='word_1_74' title='bbox 177 882 220 909; x_wconf 91' lang='lat' dir='ltr'>non</span> <span class='ocrx_word' id='word_1_75' title='bbox 237 860 347 914; x_wconf 81' lang='lat' dir='ltr'>auderem,</span> <span class='ocrx_word' id='word_1_76' title='bbox 366 860 387 908; x_wconf 91' lang='lat' dir='ltr'>ni</span> <span class='ocrx_word' id='word_1_77' title='bbox 405 858 501 908; x_wconf 89' lang='lat' dir='ltr'>scribens</span> <span class='ocrx_word' id='word_1_78' title='bbox 519 859 565 919; x_wconf 90' lang='lat' dir='ltr'>ipse</span> <span class='ocrx_word' id='word_1_79' title='bbox 582 860 609 909; x_wconf 88' lang='lat' dir='ltr'>ad</span> <span class='ocrx_word' id='word_1_80' title='bbox 627 879 692 909; x_wconf 90' lang='lat' dir='ltr'>suurn</span> <span class='ocrx_word' id='word_1_81' title='bbox 708 860 807 910; x_wconf 89' lang='lat' dir='ltr'>Atticum</span> <span class='ocrx_word' id='word_1_82' title='bbox 825 875 953 919; x_wconf 90' lang='lat' dir='ltr'>memoraret</span> 
     </span>
     <span class='ocr_line' id='line_1_11' title="bbox 218 927 917 992; baseline 0 -10"><span class='ocrx_word' id='word_1_83' title='bbox 218 933 254 983; x_wconf 93' lang='lat' dir='ltr'>Ad</span> <span class='ocrx_word' id='word_1_84' title='bbox 269 933 371 982; x_wconf 81' lang='lat' dir='ltr'>Marcum</span> <span class='ocrx_word' id='word_1_85' title='bbox 383 927 437 982; x_wconf 74' lang='lat' dir='ltr'>vvero</span> <span class='ocrx_word' id='word_1_86' title='bbox 452 931 529 987; x_wconf 85' lang='lat' dir='ltr'>filium,</span> <span class='ocrx_word' id='word_1_87' title='bbox 545 933 583 992; x_wconf 83' lang='lat' dir='ltr'>qui</span> <span class='ocrx_word' id='word_1_88' title='bbox 599 932 748 992; x_wconf 83' lang='lat' dir='ltr'>philosophiae</span> <span class='ocrx_word' id='word_1_89' title='bbox 764 935 860 983; x_wconf 89' lang='lat' dir='ltr'>studeret</span> <span class='ocrx_word' id='word_1_90' title='bbox 870 955 917 982; x_wconf 89' lang='lat' dir='ltr'>acc</span> 
     </span>
     <span class='ocr_line' id='line_1_12' title="bbox 138 1005 905 1070; baseline -0.001 -13"><span class='ocrx_word' id='word_1_91' title='bbox 138 1010 163 1057; x_wconf 85' lang='grc'>10</span> <span class='ocrx_word' id='word_1_92' title='bbox 178 1007 250 1067; x_wconf 91' lang='lat' dir='ltr'>sopito</span> <span class='ocrx_word' id='word_1_93' title='bbox 261 1006 318 1054; x_wconf 89' lang='lat' dir='ltr'>bello</span> <span class='ocrx_word' id='word_1_94' title='bbox 328 1006 420 1070; x_wconf 75' lang='lat' dir='ltr'>Athenis</span> <span class='ocrx_word' id='word_1_95' title='bbox 431 1019 479 1054; x_wconf 89' lang='lat' dir='ltr'>tum</span> <span class='ocrx_word' id='word_1_96' title='bbox 490 1006 611 1066; x_wconf 89' lang='lat' dir='ltr'>principem</span> <span class='ocrx_word' id='word_1_97' title='bbox 622 1006 801 1066; x_wconf 90' lang='lat' dir='ltr'>philosophorum</span> <span class='ocrx_word' id='word_1_98' title='bbox 812 1005 869 1056; x_wconf 89' lang='lat' dir='ltr'>illius</span> <span class='ocrx_word' id='word_1_99' title='bbox 880 1028 905 1056; x_wconf 88' lang='lat' dir='ltr'>ae</span> 
     </span>
     <span class='ocr_line' id='line_1_13' title="bbox 140 1078 914 1138; baseline 0 -9"><span class='ocrx_word' id='word_1_100' title='bbox 140 1131 142 1133; x_wconf 66' lang='grc'>,</span> <span class='ocrx_word' id='word_1_101' title='bbox 177 1079 314 1138; x_wconf 80' lang='lat' dir='ltr'>Cratippum,</span> <span class='ocrx_word' id='word_1_102' title='bbox 332 1079 375 1127; x_wconf 92' lang='lat' dir='ltr'>iam</span> <span class='ocrx_word' id='word_1_103' title='bbox 391 1100 474 1128; x_wconf 90' lang='lat' dir='ltr'>annum</span> <span class='ocrx_word' id='word_1_104' title='bbox 490 1079 582 1134; x_wconf 80' lang='lat' dir='ltr'>audiret,</span> <span class='ocrx_word' id='word_1_105' title='bbox 599 1078 665 1128; x_wconf 86' lang='lat' dir='ltr'>libros</span> <span class='ocrx_word' id='word_1_106' title='bbox 682 1093 725 1128; x_wconf 89' lang='lat' dir='ltr'>tres</span> <span class='ocrx_word' id='word_1_107' title='bbox 743 1080 770 1128; x_wconf 87' lang='lat' dir='ltr'>de</span> <span class='ocrx_word' id='word_1_108' title='bbox 787 1079 870 1129; x_wconf 87' lang='lat' dir='ltr'>Officiis</span> <span class='ocrx_word' id='word_1_109' title='bbox 887 1081 914 1129; x_wconf 93' lang='lat' dir='ltr'>ed</span> 
     </span>
     <span class='ocr_line' id='line_1_14' title="bbox 176 1150 909 1200; baseline -0.001 0"><span class='ocrx_word' id='word_1_110' title='bbox 176 1150 224 1200; x_wconf 89' lang='lat' dir='ltr'>Hos</span> <span class='ocrx_word' id='word_1_111' title='bbox 238 1151 315 1199; x_wconf 88' lang='lat' dir='ltr'>Cicero</span> <span class='ocrx_word' id='word_1_112' title='bbox 329 1152 421 1200; x_wconf 89' lang='lat' dir='ltr'>scribere</span> <span class='ocrx_word' id='word_1_113' title='bbox 434 1172 486 1198; x_wconf 93' lang='lat' dir='ltr'>cum</span> <span class='ocrx_word' id='word_1_114' title='bbox 499 1151 579 1199; x_wconf 92' lang='lat' dir='ltr'>viveret</span> <span class='ocrx_word' id='word_1_115' title='bbox 593 1151 671 1199; x_wconf 88' lang='lat' dir='ltr'>Caesar</span> <span class='ocrx_word' id='word_1_116' title='bbox 684 1172 708 1199; x_wconf 86' lang='lat' dir='ltr'>ac</span> <span class='ocrx_word' id='word_1_117' title='bbox 722 1153 871 1199; x_wconf 84' lang='lat' dir='ltr'>dominaretur</span> <span class='ocrx_word' id='word_1_118' title='bbox 883 1164 909 1199; x_wconf 83' lang='lat' dir='ltr'>c&#39;o</span> 
     </span>
     <span class='ocr_line' id='line_1_15' title="bbox 178 1223 916 1284; baseline 0.001 -11"><span class='ocrx_word' id='word_1_119' title='bbox 178 1238 252 1284; x_wconf 89' lang='lat' dir='ltr'>postea</span> <span class='ocrx_word' id='word_1_120' title='bbox 266 1243 317 1272; x_wconf 91' lang='lat' dir='ltr'>vero</span> <span class='ocrx_word' id='word_1_121' title='bbox 331 1245 382 1272; x_wconf 90' lang='lat' dir='ltr'>curn</span> <span class='ocrx_word' id='word_1_122' title='bbox 396 1243 442 1272; x_wconf 88' lang='lat' dir='ltr'>rem</span> <span class='ocrx_word' id='word_1_123' title='bbox 456 1223 566 1282; x_wconf 89' lang='lat' dir='ltr'>publicam</span> <span class='ocrx_word' id='word_1_124' title='bbox 580 1225 652 1272; x_wconf 90' lang='lat' dir='ltr'>occiso</span> <span class='ocrx_word' id='word_1_125' title='bbox 666 1223 702 1272; x_wconf 88' lang='lat' dir='ltr'>illo</span> <span class='ocrx_word' id='word_1_126' title='bbox 718 1224 751 1272; x_wconf 85' lang='lat' dir='ltr'>M.</span> <span class='ocrx_word' id='word_1_127' title='bbox 766 1224 874 1273; x_wconf 88' lang='lat' dir='ltr'>Antonius</span> <span class='ocrx_word' id='word_1_128' title='bbox 888 1224 916 1274; x_wconf 88' lang='lat' dir='ltr'>de</span> 
     </span>
    </p>
   </div>
   <div class='ocr_carea' id='block_1_5' title="bbox 138 1297 964 1503">
    <p class='ocr_par' dir='ltr' id='par_1_7' title="bbox 138 1285 1047 1515">
     <span class='ocr_line' id='line_1_16' title="bbox 178 1297 964 1358; baseline 0.001 -11"><span class='ocrx_word' id='word_1_129' title='bbox 178 1299 237 1347; x_wconf 87' lang='lat' dir='ltr'>haret</span> <span class='ocrx_word' id='word_1_130' title='bbox 256 1297 355 1347; x_wconf 86' lang='lat' dir='ltr'>absolvit.</span> <span class='ocrx_word' id='word_1_131' title='bbox 374 1298 440 1347; x_wconf 84' lang='lat' dir='ltr'>Tanti</span> <span class='ocrx_word' id='word_1_132' title='bbox 458 1297 517 1346; x_wconf 90' lang='lat' dir='ltr'>enim</span> <span class='ocrx_word' id='word_1_133' title='bbox 535 1298 649 1347; x_wconf 90' lang='lat' dir='ltr'>doctorum</span> <span class='ocrx_word' id='word_1_134' title='bbox 668 1311 728 1357; x_wconf 91' lang='lat' dir='ltr'>pater</span> <span class='ocrx_word' id='word_1_135' title='bbox 751 1299 886 1358; x_wconf 76' lang='lat' dir='ltr'>Augustinus</span> <span class='ocrx_word' id='word_1_136' title='bbox 910 1300 964 1348; x_wconf 89' lang='lat' dir='ltr'>istos</span> 
     </span>
     <span class='ocr_line' id='line_1_17' title="bbox 138 1370 964 1429; baseline -0.004 -8"><span class='ocrx_word' id='word_1_137' title='bbox 138 1373 164 1421; x_wconf 86' lang='grc'>15</span> <span class='ocrx_word' id='word_1_138' title='bbox 179 1370 230 1419; x_wconf 78' lang='lat' dir='ltr'>lecit</span> <span class='ocrx_word' id='word_1_139' title='bbox 248 1383 272 1418; x_wconf 89' lang='lat' dir='ltr'>ut</span> <span class='ocrx_word' id='word_1_140' title='bbox 290 1384 379 1419; x_wconf 88' lang='lat' dir='ltr'>cunctos</span> <span class='ocrx_word' id='word_1_141' title='bbox 398 1370 578 1429; x_wconf 86' lang='lat' dir='ltr'>philosophorum</span> <span class='ocrx_word' id='word_1_142' title='bbox 596 1371 662 1419; x_wconf 89' lang='lat' dir='ltr'>libros</span> <span class='ocrx_word' id='word_1_143' title='bbox 680 1370 782 1420; x_wconf 82' lang='lat' dir='ltr'>excellere</span> <span class='ocrx_word' id='word_1_144' title='bbox 800 1373 920 1420; x_wconf 89' lang='lat' dir='ltr'>videantur.</span> <span class='ocrx_word' id='word_1_145' title='bbox 939 1372 964 1420; x_wconf 86' lang='lat' dir='ltr'>Si</span> 
     </span>
     <span class='ocr_line' id='line_1_18' title="bbox 178 1444 963 1503; baseline 0.001 -12"><span class='ocrx_word' id='word_1_146' title='bbox 178 1444 280 1493; x_wconf 87' lang='lat' dir='ltr'>orationis</span> <span class='ocrx_word' id='word_1_147' title='bbox 297 1445 425 1492; x_wconf 88' lang='lat' dir='ltr'>suavitatem</span> <span class='ocrx_word' id='word_1_148' title='bbox 441 1456 521 1501; x_wconf 79' lang='lat' dir='ltr'>gustas,</span> <span class='ocrx_word' id='word_1_149' title='bbox 538 1464 563 1491; x_wconf 90' lang='lat' dir='ltr'>ea</span> <span class='ocrx_word' id='word_1_150' title='bbox 578 1444 696 1503; x_wconf 85' lang='lat' dir='ltr'>aequabilis</span> <span class='ocrx_word' id='word_1_151' title='bbox 713 1458 745 1492; x_wconf 87' lang='lat' dir='ltr'>est</span> <span class='ocrx_word' id='word_1_152' title='bbox 762 1465 786 1492; x_wconf 88' lang='lat' dir='ltr'>ac</span> <span class='ocrx_word' id='word_1_153' title='bbox 803 1458 928 1503; x_wconf 86' lang='lat' dir='ltr'>temperata;</span> <span class='ocrx_word' id='word_1_154' title='bbox 945 1447 963 1492; x_wconf 90' lang='lat' dir='ltr'>si</span> 
     </span>
    </p>
   </div>
   <div class='ocr_carea' id='block_1_6' title="bbox 84 1517 964 1723">
    <p class='ocr_par' dir='ltr' id='par_1_8' title="bbox 84 1510 1047 1724">
     <span class='ocr_line' id='line_1_19' title="bbox 179 1517 964 1577; baseline 0.001 -9"><span class='ocrx_word' id='word_1_155' title='bbox 179 1517 299 1575; x_wconf 90' lang='lat' dir='ltr'>doctrinam</span> <span class='ocrx_word' id='word_1_156' title='bbox 310 1530 386 1573; x_wconf 89' lang='lat' dir='ltr'>tentas,</span> <span class='ocrx_word' id='word_1_157' title='bbox 398 1538 422 1567; x_wconf 86' lang='lat' dir='ltr'>ea</span> <span class='ocrx_word' id='word_1_158' title='bbox 433 1518 499 1566; x_wconf 92' lang='lat' dir='ltr'>modo</span> <span class='ocrx_word' id='word_1_159' title='bbox 510 1517 533 1566; x_wconf 89' lang='lat' dir='ltr'>in</span> <span class='ocrx_word' id='word_1_160' title='bbox 544 1517 577 1566; x_wconf 81' lang='lat' dir='ltr'>his</span> <span class='ocrx_word' id='word_1_161' title='bbox 588 1530 684 1567; x_wconf 89' lang='lat' dir='ltr'>versatur</span> <span class='ocrx_word' id='word_1_162' title='bbox 695 1518 759 1567; x_wconf 89' lang='lat' dir='ltr'>rebus</span> <span class='ocrx_word' id='word_1_163' title='bbox 770 1530 825 1577; x_wconf 84' lang='lat' dir='ltr'>quae</span> <span class='ocrx_word' id='word_1_164' title='bbox 836 1518 930 1576; x_wconf 90' lang='lat' dir='ltr'>optimos</span> <span class='ocrx_word' id='word_1_165' title='bbox 935 1519 964 1568; x_wconf 88' lang='lat' dir='ltr'>ad</span> 
     </span>
     <span class='ocr_line' id='line_1_20' title="bbox 161 1588 963 1652; baseline 0.001 -13"><span class='ocrx_word' id='word_1_166' title='bbox 161 1615 163 1617; x_wconf 60' lang='grc'>’</span> <span class='ocrx_word' id='word_1_167' title='bbox 178 1588 264 1640; x_wconf 85' lang='lat' dir='ltr'>vivendi</span> <span class='ocrx_word' id='word_1_168' title='bbox 274 1610 344 1652; x_wconf 90' lang='lat' dir='ltr'>mores</span> <span class='ocrx_word' id='word_1_169' title='bbox 352 1591 464 1638; x_wconf 72' lang='lat' dir='ltr'>attineant.</span> <span class='ocrx_word' id='word_1_170' title='bbox 473 1589 520 1638; x_wconf 86' lang='lat' dir='ltr'>Nec</span> <span class='ocrx_word' id='word_1_171' title='bbox 528 1609 579 1638; x_wconf 91' lang='lat' dir='ltr'>vero</span> <span class='ocrx_word' id='word_1_172' title='bbox 588 1591 642 1638; x_wconf 90' lang='lat' dir='ltr'>utin</span> <span class='ocrx_word' id='word_1_173' title='bbox 652 1590 725 1638; x_wconf 89' lang='lat' dir='ltr'>multis</span> <span class='ocrx_word' id='word_1_174' title='bbox 733 1591 779 1639; x_wconf 87' lang='lat' dir='ltr'>aliis</span> <span class='ocrx_word' id='word_1_175' title='bbox 788 1611 843 1649; x_wconf 83' lang='lat' dir='ltr'>quae</span> <span class='ocrx_word' id='word_1_176' title='bbox 852 1591 963 1649; x_wconf 88' lang='lat' dir='ltr'>disputent</span> 
     </span>
     <span class='ocr_line' id='line_1_21' title="bbox 84 1662 964 1723; baseline -0.001 -10"><span class='ocrx_word' id='word_1_177' title='bbox 84 1710 88 1712; x_wconf 84' lang='lat'>.</span> <span class='ocrx_word' id='word_1_178' title='bbox 163 1678 164 1681; x_wconf 76' lang='grc'>’</span> <span class='ocrx_word' id='word_1_179' title='bbox 179 1683 283 1723; x_wconf 86' lang='lat' dir='ltr'>personae</span> <span class='ocrx_word' id='word_1_180' title='bbox 293 1663 428 1710; x_wconf 91' lang='lat' dir='ltr'>introductae</span> <span class='ocrx_word' id='word_1_181' title='bbox 438 1675 489 1709; x_wconf 89' lang='lat' dir='ltr'>sunt</span> <span class='ocrx_word' id='word_1_182' title='bbox 499 1662 561 1718; x_wconf 88' lang='lat' dir='ltr'>ullae,</span> <span class='ocrx_word' id='word_1_183' title='bbox 573 1664 611 1710; x_wconf 89' lang='lat' dir='ltr'>sed</span> <span class='ocrx_word' id='word_1_184' title='bbox 621 1663 717 1720; x_wconf 87' lang='lat' dir='ltr'>loquitur</span> <span class='ocrx_word' id='word_1_185' title='bbox 726 1676 801 1711; x_wconf 90' lang='lat' dir='ltr'>auctor</span> <span class='ocrx_word' id='word_1_186' title='bbox 811 1666 857 1722; x_wconf 92' lang='lat' dir='ltr'>ipse</span> <span class='ocrx_word' id='word_1_187' title='bbox 866 1683 891 1711; x_wconf 88' lang='lat' dir='ltr'>ac</span> <span class='ocrx_word' id='word_1_188' title='bbox 901 1664 964 1711; x_wconf 85' lang='lat' dir='ltr'>docet</span> 
     </span>
    </p>
   </div>
   <div class='ocr_carea' id='block_1_7' title="bbox 137 1734 964 1867">
    <p class='ocr_par' dir='ltr' id='par_1_9' title="bbox 137 1718 1047 1877">
     <span class='ocr_line' id='line_1_22' title="bbox 137 1734 963 1805; baseline -0.003 -21"><span class='ocrx_word' id='word_1_189' title='bbox 137 1738 226 1805; x_wconf 11' lang='lat' dir='ltr'>20¹quo</span> <span class='ocrx_word' id='word_1_190' title='bbox 244 1735 340 1792; x_wconf 88' lang='lat' dir='ltr'>primum</span> <span class='ocrx_word' id='word_1_191' title='bbox 357 1734 417 1783; x_wconf 78' lang='lat' dir='ltr'>fonte</span> <span class='ocrx_word' id='word_1_192' title='bbox 436 1735 459 1783; x_wconf 93' lang='lat' dir='ltr'>id</span> <span class='ocrx_word' id='word_1_193' title='bbox 477 1736 537 1794; x_wconf 85' lang='lat' dir='ltr'>quod</span> <span class='ocrx_word' id='word_1_194' title='bbox 554 1736 688 1794; x_wconf 86' lang='lat' dir='ltr'>appellamus</span> <span class='ocrx_word' id='word_1_195' title='bbox 707 1735 822 1784; x_wconf 89' lang='lat' dir='ltr'>honestum</span> <span class='ocrx_word' id='word_1_196' title='bbox 846 1735 963 1790; x_wconf 89' lang='lat' dir='ltr'>hauriatur,</span> 
     </span>
     <span class='ocr_line' id='line_1_23' title="bbox 179 1807 964 1867; baseline -0.006 -10"><span class='ocrx_word' id='word_1_197' title='bbox 179 1808 257 1857; x_wconf 89' lang='lat' dir='ltr'>deinde</span> <span class='ocrx_word' id='word_1_198' title='bbox 274 1828 329 1866; x_wconf 86' lang='lat' dir='ltr'>quae</span> <span class='ocrx_word' id='word_1_199' title='bbox 345 1808 479 1865; x_wconf 84' lang='lat' dir='ltr'>prudentiae,</span> <span class='ocrx_word' id='word_1_200' title='bbox 497 1828 552 1867; x_wconf 80' lang='lat' dir='ltr'>quae</span> <span class='ocrx_word' id='word_1_201' title='bbox 569 1808 672 1861; x_wconf 74' lang='lat' dir='ltr'>iusticias,</span> <span class='ocrx_word' id='word_1_202' title='bbox 690 1827 733 1866; x_wconf 89' lang='lat' dir='ltr'>que</span> <span class='ocrx_word' id='word_1_203' title='bbox 749 1807 890 1862; x_wconf 78' lang='lat' dir='ltr'>fortitudinis,</span> <span class='ocrx_word' id='word_1_204' title='bbox 907 1828 964 1866; x_wconf 86' lang='lat' dir='ltr'>quae</span> 
     </span>
    </p>
   </div>
   <div class='ocr_carea' id='block_1_8' title="bbox 137 1879 1047 2232">
    <p class='ocr_par' dir='ltr' id='par_1_10' title="bbox 164 1877 1047 2092">
     <span class='ocr_line' id='line_1_24' title="bbox 164 1879 963 1939; baseline -0.007 -9"><span class='ocrx_word' id='word_1_205' title='bbox 164 1884 166 1886; x_wconf 59' lang='grc'><strong>’</strong></span> <span class='ocrx_word' id='word_1_206' title='bbox 179 1880 333 1939; x_wconf 84' lang='lat' dir='ltr'>temperantiae</span> <span class='ocrx_word' id='word_1_207' title='bbox 344 1893 415 1938; x_wconf 84' lang='lat' dir='ltr'>partes</span> <span class='ocrx_word' id='word_1_208' title='bbox 426 1892 477 1927; x_wconf 91' lang='lat' dir='ltr'>sunt</span> <span class='ocrx_word' id='word_1_209' title='bbox 488 1900 620 1938; x_wconf 88' lang='lat' dir='ltr'>omnemque</span> <span class='ocrx_word' id='word_1_210' title='bbox 631 1880 686 1936; x_wconf 88' lang='lat' dir='ltr'>hanc</span> <span class='ocrx_word' id='word_1_211' title='bbox 697 1879 847 1938; x_wconf 82' lang='lat' dir='ltr'>philosophiae</span> <span class='ocrx_word' id='word_1_212' title='bbox 858 1880 963 1928; x_wconf 89' lang='lat' dir='ltr'>rationem</span> 
     </span>
     <span class='ocr_line' id='line_1_25' title="bbox 179 1951 961 2012; baseline -0.006 -10"><span class='ocrx_word' id='word_1_213' title='bbox 179 1953 276 2004; x_wconf 83' lang='lat' dir='ltr'>aStoicis</span> <span class='ocrx_word' id='word_1_214' title='bbox 282 1953 384 2002; x_wconf 89' lang='lat' dir='ltr'>traditam</span> <span class='ocrx_word' id='word_1_215' title='bbox 390 1954 419 2001; x_wconf 90' lang='lat' dir='ltr'>ita</span> <span class='ocrx_word' id='word_1_216' title='bbox 426 1974 465 2001; x_wconf 92' lang='lat' dir='ltr'>suo</span> <span class='ocrx_word' id='word_1_217' title='bbox 472 1967 493 2001; x_wconf 91' lang='lat' dir='ltr'>et</span> <span class='ocrx_word' id='word_1_218' title='bbox 500 1953 581 2002; x_wconf 89' lang='lat' dir='ltr'>iudicio</span> <span class='ocrx_word' id='word_1_219' title='bbox 588 1967 608 2002; x_wconf 89' lang='lat' dir='ltr'>et</span> <span class='ocrx_word' id='word_1_220' title='bbox 615 1953 704 2002; x_wconf 89' lang='lat' dir='ltr'>arbitrio</span> <span class='ocrx_word' id='word_1_221' title='bbox 711 1952 802 2012; x_wconf 81' lang='lat' dir='ltr'>explicat</span> <span class='ocrx_word' id='word_1_222' title='bbox 809 1966 833 2001; x_wconf 90' lang='lat' dir='ltr'>ut</span> <span class='ocrx_word' id='word_1_223' title='bbox 840 1973 884 2001; x_wconf 90' lang='lat' dir='ltr'>non</span> <span class='ocrx_word' id='word_1_224' title='bbox 890 1951 961 2001; x_wconf 86' lang='lat' dir='ltr'>solum</span> 
     </span>
     <span class='ocr_line' id='line_1_26' title="bbox 179 2021 964 2086; baseline -0.007 -12"><span class='ocrx_word' id='word_1_225' title='bbox 179 2040 242 2086; x_wconf 86' lang='lat' dir='ltr'>turpe</span> <span class='ocrx_word' id='word_1_226' title='bbox 256 2025 284 2074; x_wconf 88' lang='lat' dir='ltr'>ab</span> <span class='ocrx_word' id='word_1_227' title='bbox 300 2025 390 2074; x_wconf 89' lang='lat' dir='ltr'>honesto</span> <span class='ocrx_word' id='word_1_228' title='bbox 406 2025 444 2074; x_wconf 89' lang='lat' dir='ltr'>sed</span> <span class='ocrx_word' id='word_1_229' title='bbox 459 2025 513 2084; x_wconf 81' lang='lat' dir='ltr'>quid</span> <span class='ocrx_word' id='word_1_230' title='bbox 528 2027 593 2075; x_wconf 88' lang='lat' dir='ltr'>etiarn</span> <span class='ocrx_word' id='word_1_231' title='bbox 608 2048 619 2074; x_wconf 92' lang='lat' dir='ltr'>e</span> <span class='ocrx_word' id='word_1_232' title='bbox 635 2024 734 2084; x_wconf 87' lang='lat' dir='ltr'>pluribus</span> <span class='ocrx_word' id='word_1_233' title='bbox 748 2021 786 2074; x_wconf 92' lang='lat' dir='ltr'>aut</span> <span class='ocrx_word' id='word_1_234' title='bbox 801 2024 912 2074; x_wconf 81' lang='lat' dir='ltr'>honestius</span> <span class='ocrx_word' id='word_1_235' title='bbox 927 2037 964 2073; x_wconf 89' lang='lat' dir='ltr'>aut</span> 
     </span>
    </p>

    <p class='ocr_par' dir='ltr' id='par_1_11' title="bbox 137 2095 1047 2232">
     <span class='ocr_line' id='line_1_27' title="bbox 137 2098 970 2160; baseline -0.005 -11"><span class='ocrx_word' id='word_1_236' title='bbox 137 2103 165 2149; x_wconf 84' lang='grc'>25</span> <span class='ocrx_word' id='word_1_237' title='bbox 180 2099 265 2160; x_wconf 90' lang='lat' dir='ltr'>turpius</span> <span class='ocrx_word' id='word_1_238' title='bbox 281 2098 342 2147; x_wconf 83' lang='lat' dir='ltr'>lacile</span> <span class='ocrx_word' id='word_1_239' title='bbox 358 2100 450 2148; x_wconf 87' lang='lat' dir='ltr'>discerni</span> <span class='ocrx_word' id='word_1_240' title='bbox 465 2113 486 2147; x_wconf 85' lang='lat' dir='ltr'>et</span> <span class='ocrx_word' id='word_1_241' title='bbox 502 2100 565 2159; x_wconf 87' lang='lat' dir='ltr'>plane</span> <span class='ocrx_word' id='word_1_242' title='bbox 580 2100 680 2158; x_wconf 84' lang='lat' dir='ltr'>cognosci</span> <span class='ocrx_word' id='word_1_243' title='bbox 695 2120 825 2158; x_wconf 86' lang='lat' dir='ltr'>quacunque</span> <span class='ocrx_word' id='word_1_244' title='bbox 841 2099 863 2147; x_wconf 90' lang='lat' dir='ltr'>in</span> <span class='ocrx_word' id='word_1_245' title='bbox 878 2098 970 2147; x_wconf 70' lang='lat' dir='ltr'>consul.</span> 
     </span>
     <span class='ocr_line' id='line_1_28' title="bbox 178 2171 1047 2232; baseline -0.009 -11"><span class='ocrx_word' id='word_1_246' title='bbox 178 2176 259 2223; x_wconf 86' lang='lat' dir='ltr'>tatione</span> <span class='ocrx_word' id='word_1_247' title='bbox 270 2174 345 2232; x_wconf 89' lang='lat' dir='ltr'>possit,</span> <span class='ocrx_word' id='word_1_248' title='bbox 357 2174 411 2232; x_wconf 90' lang='lat' dir='ltr'>quid</span> <span class='ocrx_word' id='word_1_249' title='bbox 421 2173 492 2220; x_wconf 90' lang='lat' dir='ltr'>bonus</span> <span class='ocrx_word' id='word_1_250' title='bbox 503 2173 535 2221; x_wconf 88' lang='lat' dir='ltr'>vir</span> <span class='ocrx_word' id='word_1_251' title='bbox 546 2174 615 2232; x_wconf 88' lang='lat' dir='ltr'>sequi,</span> <span class='ocrx_word' id='word_1_252' title='bbox 627 2173 680 2230; x_wconf 86' lang='lat' dir='ltr'>quid</span> <span class='ocrx_word' id='word_1_253' title='bbox 691 2172 798 2220; x_wconf 89' lang='lat' dir='ltr'>declinare</span> <span class='ocrx_word' id='word_1_254' title='bbox 809 2185 830 2219; x_wconf 89' lang='lat' dir='ltr'>et</span> <span class='ocrx_word' id='word_1_255' title='bbox 841 2171 915 2229; x_wconf 78' lang='lat' dir='ltr'>lugere</span> <span class='ocrx_word' id='word_1_256' title='bbox 926 2172 964 2219; x_wconf 83' lang='lat' dir='ltr'>de·</span> <span class='ocrx_word' id='word_1_257' title='bbox 1031 2171 1047 2213; x_wconf 60' lang='lat'>{3:311</span> 
     </span>
    </p>
   </div>
   <div class='ocr_carea' id='block_1_9' title="bbox 169 2248 966 2377">
    <p class='ocr_par' dir='ltr' id='par_1_12' title="bbox 169 2248 1047 2377">
     <span class='ocr_line' id='line_1_29' title="bbox 169 2248 235 2295; baseline 0 -2"><span class='ocrx_word' id='word_1_258' title='bbox 169 2248 235 2295; x_wconf 66' lang='lat' dir='ltr'>⁴beat.</span> 
     </span>
     <span class='ocr_line' id='line_1_30' title="bbox 223 2312 966 2377; baseline -0.007 -10"><span class='ocrx_word' id='word_1_259' title='bbox 223 2318 282 2367; x_wconf 88' lang='lat' dir='ltr'>Haec</span> <span class='ocrx_word' id='word_1_260' title='bbox 296 2318 385 2377; x_wconf 84' lang='lat' dir='ltr'>quidem</span> <span class='ocrx_word' id='word_1_261' title='bbox 400 2317 482 2367; x_wconf 84' lang='lat' dir='ltr'>Latinis</span> <span class='ocrx_word' id='word_1_262' title='bbox 496 2318 572 2367; x_wconf 88' lang='lat' dir='ltr'>litteris</span> <span class='ocrx_word' id='word_1_263' title='bbox 585 2339 610 2367; x_wconf 89' lang='lat' dir='ltr'>ac</span> <span class='ocrx_word' id='word_1_264' title='bbox 624 2317 718 2366; x_wconf 88' lang='lat' dir='ltr'>dictione</span> <span class='ocrx_word' id='word_1_265' title='bbox 732 2316 801 2366; x_wconf 80' lang='lat' dir='ltr'>soluta</span> <span class='ocrx_word' id='word_1_266' title='bbox 814 2312 889 2365; x_wconf 88' lang='lat' dir='ltr'>nostro</span> <span class='ocrx_word' id='word_1_267' title='bbox 901 2337 914 2364; x_wconf 89' lang='lat' dir='ltr'>a</span> <span class='ocrx_word' id='word_1_268' title='bbox 927 2315 966 2364; x_wconf 76' lang='lat' dir='ltr'>Ci-</span> 
     </span>
    </p>
   </div>
   <div class='ocr_carea' id='block_1_10' title="bbox 179 2382 965 2450">
    <p class='ocr_par' dir='ltr' id='par_1_13' title="bbox 179 2377 1047 2450">
     <span class='ocr_line' id='line_1_31' title="bbox 179 2382 965 2450; baseline -0.003 -9"><span class='ocrx_word' id='word_1_269' title='bbox 179 2413 256 2441; x_wconf 88' lang='lat' dir='ltr'>cerone</span> <span class='ocrx_word' id='word_1_270' title='bbox 268 2393 346 2450; x_wconf 86' lang='lat' dir='ltr'>scripta</span> <span class='ocrx_word' id='word_1_271' title='bbox 357 2393 384 2439; x_wconf 91' lang='lat' dir='ltr'>de</span> <span class='ocrx_word' id='word_1_272' title='bbox 396 2393 428 2439; x_wconf 88' lang='lat' dir='ltr'>his</span> <span class='ocrx_word' id='word_1_273' title='bbox 440 2392 503 2439; x_wconf 88' lang='lat' dir='ltr'>rebus</span> <span class='ocrx_word' id='word_1_274' title='bbox 515 2412 577 2450; x_wconf 89' lang='lat' dir='ltr'>quae,</span> <span class='ocrx_word' id='word_1_275' title='bbox 589 2405 613 2439; x_wconf 90' lang='lat' dir='ltr'>ut</span> <span class='ocrx_word' id='word_1_276' title='bbox 624 2391 675 2444; x_wconf 84' lang='lat' dir='ltr'>dixi,</span> <span class='ocrx_word' id='word_1_277' title='bbox 686 2391 715 2438; x_wconf 89' lang='lat' dir='ltr'>ad</span> <span class='ocrx_word' id='word_1_278' title='bbox 725 2382 874 2448; x_wconf 88' lang='lat' dir='ltr'>philosophiae</span> <span class='ocrx_word' id='word_1_279' title='bbox 885 2389 965 2435; x_wconf 77' lang='lat' dir='ltr'>doctri¹</span> 
     </span>
    </p>
   </div>
   <div class='ocr_carea' id='block_1_11' title="bbox 137 2460 967 2523">
    <p class='ocr_par' dir='ltr' id='par_1_14' title="bbox 137 2460 1047 2527">
     <span class='ocr_line' id='line_1_32' title="bbox 137 2460 967 2523; baseline -0.008 -9"><span class='ocrx_word' id='word_1_280' title='bbox 137 2466 166 2514; x_wconf 78' lang='lat'>30</span> <span class='ocrx_word' id='word_1_281' title='bbox 181 2486 231 2514; x_wconf 89' lang='lat' dir='ltr'>nam</span> <span class='ocrx_word' id='word_1_282' title='bbox 241 2478 262 2512; x_wconf 90' lang='lat' dir='ltr'>et</span> <span class='ocrx_word' id='word_1_283' title='bbox 271 2465 342 2513; x_wconf 93' lang='lat' dir='ltr'>studia</span> <span class='ocrx_word' id='word_1_284' title='bbox 351 2466 490 2523; x_wconf 87' lang='lat' dir='ltr'>pertinerent.</span> <span class='ocrx_word' id='word_1_285' title='bbox 499 2464 529 2512; x_wconf 91' lang='lat' dir='ltr'>At</span> <span class='ocrx_word' id='word_1_286' title='bbox 538 2465 555 2512; x_wconf 92' lang='lat' dir='ltr'>si</span> <span class='ocrx_word' id='word_1_287' title='bbox 565 2463 608 2512; x_wconf 87' lang='lat' dir='ltr'>ulla</span> <span class='ocrx_word' id='word_1_288' title='bbox 617 2465 640 2512; x_wconf 92' lang='lat' dir='ltr'>in</span> <span class='ocrx_word' id='word_1_289' title='bbox 649 2483 672 2512; x_wconf 89' lang='lat' dir='ltr'>re</span> <span class='ocrx_word' id='word_1_290' title='bbox 681 2462 735 2521; x_wconf 87' lang='lat' dir='ltr'>quid</span> <span class='ocrx_word' id='word_1_291' title='bbox 744 2474 800 2510; x_wconf 87' lang='lat' dir='ltr'>esset</span> <span class='ocrx_word' id='word_1_292' title='bbox 809 2480 884 2509; x_wconf 88' lang='lat' dir='ltr'>verum</span> <span class='ocrx_word' id='word_1_293' title='bbox 894 2460 967 2509; x_wconf 88' lang='lat' dir='ltr'>minus</span> 
     </span>
    </p>
   </div>
   <div class='ocr_carea' id='block_1_12' title="bbox 165 2533 966 2742">
    <p class='ocr_par' dir='ltr' id='par_1_15' title="bbox 165 2533 1047 2742">
     <span class='ocr_line' id='line_1_33' title="bbox 179 2533 966 2596; baseline -0.005 -12"><span class='ocrx_word' id='word_1_294' title='bbox 179 2539 261 2596; x_wconf 82' lang='lat' dir='ltr'>integre</span> <span class='ocrx_word' id='word_1_295' title='bbox 275 2537 392 2595; x_wconf 86' lang='lat' dir='ltr'>aliquando</span> <span class='ocrx_word' id='word_1_296' title='bbox 406 2537 466 2590; x_wconf 90' lang='lat' dir='ltr'>vidit,</span> <span class='ocrx_word' id='word_1_297' title='bbox 482 2537 505 2584; x_wconf 92' lang='lat' dir='ltr'>id</span> <span class='ocrx_word' id='word_1_298' title='bbox 519 2549 592 2585; x_wconf 89' lang='lat' dir='ltr'>tamen</span> <span class='ocrx_word' id='word_1_299' title='bbox 606 2537 635 2585; x_wconf 86' lang='lat' dir='ltr'>ita</span> <span class='ocrx_word' id='word_1_300' title='bbox 650 2536 703 2584; x_wconf 84' lang='lat' dir='ltr'>dixit</span> <span class='ocrx_word' id='word_1_301' title='bbox 718 2548 749 2589; x_wconf 85' lang='lat' dir='ltr'>ut,</span> <span class='ocrx_word' id='word_1_302' title='bbox 764 2548 871 2593; x_wconf 89' lang='lat' dir='ltr'>quantum</span> <span class='ocrx_word' id='word_1_303' title='bbox 884 2533 966 2596; x_wconf 72' lang='lat' dir='ltr'>ferrent</span> 
     </span>
     <span class='ocr_line' id='line_1_34' title="bbox 179 2606 965 2669; baseline -0.006 -12"><span class='ocrx_word' id='word_1_304' title='bbox 179 2624 277 2668; x_wconf 88' lang='lat' dir='ltr'>tempora</span> <span class='ocrx_word' id='word_1_305' title='bbox 292 2609 334 2664; x_wconf 88' lang='lat' dir='ltr'>illa,</span> <span class='ocrx_word' id='word_1_306' title='bbox 350 2630 406 2669; x_wconf 87' lang='lat' dir='ltr'>quae</span> <span class='ocrx_word' id='word_1_307' title='bbox 421 2628 493 2657; x_wconf 83' lang='lat' dir='ltr'>veram</span> <span class='ocrx_word' id='word_1_308' title='bbox 509 2608 590 2657; x_wconf 89' lang='lat' dir='ltr'>Christi</span> <span class='ocrx_word' id='word_1_309' title='bbox 606 2608 673 2657; x_wconf 86' lang='lat' dir='ltr'>fidem</span> <span class='ocrx_word' id='word_1_310' title='bbox 688 2621 709 2656; x_wconf 88' lang='lat' dir='ltr'>et</span> <span class='ocrx_word' id='word_1_311' title='bbox 725 2607 852 2666; x_wconf 88' lang='lat' dir='ltr'>sapientiam</span> <span class='ocrx_word' id='word_1_312' title='bbox 868 2627 913 2654; x_wconf 91' lang='lat' dir='ltr'>non</span> <span class='ocrx_word' id='word_1_313' title='bbox 927 2606 965 2653; x_wconf 88' lang='lat' dir='ltr'>ha·</span> 
     </span>
     <span class='ocr_line' id='line_1_35' title="bbox 165 2676 965 2742; baseline -0.008 -11"><span class='ocrx_word' id='word_1_314' title='bbox 165 2685 262 2737; x_wconf 80' lang='lat' dir='ltr'>herent,</span> <span class='ocrx_word' id='word_1_315' title='bbox 282 2676 374 2730; x_wconf 89' lang='lat' dir='ltr'>sensisse</span> <span class='ocrx_word' id='word_1_316' title='bbox 392 2682 490 2742; x_wconf 84' lang='lat' dir='ltr'>graviter,</span> <span class='ocrx_word' id='word_1_317' title='bbox 511 2682 608 2730; x_wconf 87' lang='lat' dir='ltr'>laudasse</span> <span class='ocrx_word' id='word_1_318' title='bbox 627 2681 736 2737; x_wconf 83' lang='lat' dir='ltr'>virtutem,</span> <span class='ocrx_word' id='word_1_319' title='bbox 756 2682 888 2740; x_wconf 89' lang='lat' dir='ltr'>vituperasse</span> <span class='ocrx_word' id='word_1_320' title='bbox 907 2679 965 2733; x_wconf 88' lang='lat' dir='ltr'>vitia,</span> 
     </span>
    </p>
   </div>
   <div class='ocr_carea' id='block_1_13' title="bbox 141 2793 282 2802">
    <p class='ocr_par' dir='ltr' id='par_1_16' title="bbox 141 2793 282 2802">
     <span class='ocr_line' id='line_1_36' title="bbox 141 2793 282 2802; baseline -0.028 0"><span class='ocrx_word' id='word_1_321' title='bbox 141 2793 282 2802; x_wconf 71' lang='grc'>..-....---</span> 
     </span>
    </p>
   </div>
   <div class='ocr_carea' id='block_1_14' title="bbox 175 2851 653 2891">
    <p class='ocr_par' dir='ltr' id='par_1_17' title="bbox 175 2851 653 2891">
     <span class='ocr_line' id='line_1_37' title="bbox 175 2851 653 2891; baseline -0.008 -1"><span class='ocrx_word' id='word_1_322' title='bbox 175 2854 191 2890; x_wconf 79' lang='grc'>8.</span> <span class='ocrx_word' id='word_1_323' title='bbox 204 2854 240 2891; x_wconf 70' lang='grc' dir='ltr'>Εἰς.</span> <span class='ocrx_word' id='word_1_324' title='bbox 252 2851 288 2888; x_wconf 76' lang='lat' dir='ltr'>Art.</span> <span class='ocrx_word' id='word_1_325' title='bbox 301 2851 346 2888; x_wconf 75' lang='lat' dir='ltr'><strong>XVI.</strong></span> <span class='ocrx_word' id='word_1_326' title='bbox 361 2854 376 2888; x_wconf 83' lang='lat'>6.</span> <span class='ocrx_word' id='word_1_327' title='bbox 390 2853 407 2888; x_wconf 82' lang='grc'>4.</span> <span class='ocrx_word' id='word_1_328' title='bbox 460 2851 485 2887; x_wconf 65' lang='lat' dir='ltr'>ll.</span> <span class='ocrx_word' id='word_1_329' title='bbox 498 2852 536 2887; x_wconf 88' lang='lat' dir='ltr'>Hoc</span> <span class='ocrx_word' id='word_1_330' title='bbox 548 2867 580 2887; x_wconf 90' lang='lat' dir='ltr'>non</span> <span class='ocrx_word' id='word_1_331' title='bbox 593 2851 653 2887; x_wconf 88' lang='lat' dir='ltr'>inveni.</span> 
     </span>
    </p>
   </div>
   <div class='ocr_carea' id='block_1_15' title="bbox 166 2995 513 3050">
    <p class='ocr_par' dir='ltr' id='par_1_18' title="bbox 166 2995 513 3050">
     <span class='ocr_line' id='line_1_38' title="bbox 166 2995 513 3050; baseline -0.014 -8"><span class='ocrx_word' id='word_1_332' title='bbox 166 3000 198 3050; x_wconf 57' lang='lat' dir='ltr'>,a</span> <span class='ocrx_word' id='word_1_333' title='bbox 212 2995 300 3041; x_wconf 82' lang='lat' dir='ltr'>caedere.</span> <span class='ocrx_word' id='word_1_334' title='bbox 356 2995 388 3040; x_wconf 78' lang='lat'>32.</span> <span class='ocrx_word' id='word_1_335' title='bbox 404 3013 456 3050; x_wconf 84' lang='lat' dir='ltr'>quae</span> <span class='ocrx_word' id='word_1_336' title='bbox 470 3001 482 3038; x_wconf 85' lang='grc' dir='ltr'>ι’.</span> <span class='ocrx_word' id='word_1_337' title='bbox 499 3013 513 3038; x_wconf 83' lang='lat' dir='ltr'>r.</span> 
     </span>
    </p>
   </div>
   <div class='ocr_carea' id='block_1_16' title="bbox 0 0 1052 3253">
    <p class='ocr_par' dir='ltr' id='par_1_19' title="bbox 0 0 1052 3253">
     <span class='ocr_line' id='line_1_39' title="bbox 0 0 1052 3253; baseline 0 0"><span class='ocrx_word' id='word_1_338' title='bbox 0 0 1052 3253; x_wconf 95' lang='lat' dir='ltr'> </span> 
     </span>
    </p>
   </div>
  </div>
 </body>
</html>
