2093 3253
128 150 166 195 170
423 165 517 197 srccours
532 165 652 197 roiunrour

166 281 241 330 vianus
254 281 375 341 imperaret,
389 280 503 341 Tyberim,
517 282 554 342 qui
568 280 646 330 Caesar
658 279 700 330 luit
712 296 793 341 postea,
807 282 889 333 habuit.
903 282 947 336 Sed

167 353 225 403 illam
240 354 313 404 Druso
321 354 365 404 filio
373 376 399 403 ex
407 376 431 404 ea
440 354 524 405 sublato
532 370 597 414 atque
605 375 678 405 rursus
687 356 797 414 gravidam
805 370 826 405 et
834 355 889 406 bene
897 378 949 408 con-

167 429 275 476 viventem
292 429 399 476 dimittere
416 429 503 482 invitus,
522 441 547 477 ut
567 428 644 477 luliam
660 427 752 486 Augusti
770 428 836 477 filiam
853 430 949 487 duceret,

166 514 252 549 coactus
267 513 306 549 est.

139 574 152 622 5
210 573 293 622 Habuit
306 593 394 632 quoque
407 586 464 622 aetas
478 574 513 622 illa
528 574 554 623 C.
569 573 695 622 Sallustium
709 573 818 633 Crispum,
833 575 870 634 qui
884 576 949 627 etiam

167 660 238 704 preter
252 646 332 695 litteras
341 646 421 705 quibus
430 648 544 705 presertim
553 648 594 695 hoc
602 648 644 696 isto
652 649 674 696 in
683 666 760 705 genere
768 649 834 697 studii
843 652 949 707 permaxi-

168 741 202 768 me
217 719 296 774 floruit,
307 720 391 777 generis
401 720 513 768 nobilitate
522 719 565 768 luit
575 720 656 769 Romae
666 720 718 769 civis
728 721 833 778 egregius.
844 721 887 770 Hie
896 744 950 771 nan-

167 810 216 848 que,
225 804 249 838 ut
258 791 349 838 Romani
357 789 450 837 solerent
458 791 526 848 pueri,
535 790 669 838 Graecorum
676 791 774 850 exemplo
782 811 870 840 omnem
877 794 950 850 pueri·

169 864 225 912 ciam
238 884 263 913 ac
276 863 357 912 bonam
369 863 525 912 adolescentiae
539 876 623 922 partem
636 863 711 913 litteris
725 865 869 923 percipiendis
883 864 950 916 dedit.

128 938 154 984 10
171 937 225 984 Inde
238 954 289 985 vero
304 937 369 994 patris
377 955 402 983 ae
410 937 516 984 maiorum
523 957 534 984 e
542 937 631 993 vestigio
639 956 685 984 sese
692 936 720 984 ad
728 955 774 985 rem
781 937 891 994 publicam
898 958 950 987 con-

167 1007 223 1062 tulit,
235 1009 258 1056 in
269 1028 312 1066 qua
324 1007 444 1065 depravatis
456 1008 499 1055 iarn
510 1008 570 1056 urbis
582 1001 678 1056 moribus
690 1008 758 1056 multa
769 1008 809 1056 sibi
821 1021 893 1066 preter
903 1010 951 1067 opi*

167 1081 256 1129 nionem
270 1081 358 1130 adversa
368 1100 443 1139 passus
453 1093 493 1128 est.
504 1081 548 1129 Sed
558 1101 700 1139 quaecunque
710 1082 750 1129 etsi
760 1082 831 1139 gravia
840 1081 950 1141 arduaque

168 1174 193 1202 ac
207 1155 270 1213 plena
279 1154 379 1213 periculis
389 1156 472 1213 magnis
481 1167 560 1209 essent,
570 1174 595 1202 ea
604 1167 676 1203 tamen
685 1174 736 1202 cum
744 1155 864 1203 amicorum
873 1156 950 1204 studiis

168 1240 216 1274 tum
230 1229 309 1275 virtute
324 1247 362 1275 sua
379 1240 444 1285 atque
461 1227 576 1284 prudentia
593 1227 709 1285 superavit.

130 1299 154 1348 l5
214 1300 260 1349 lam
273 1301 332 1349 enim
345 1299 420 1355 Roma,
433 1320 489 1359 quae
501 1299 559 1348 orbis
571 1313 636 1359 caput
648 1313 703 1348 esset
715 1321 740 1349 ac
752 1299 854 1349 excellere
866 1300 951 1360 imperii

169 1373 235 1431 gloria
247 1374 364 1428 videretur,
379 1374 438 1422 omni
452 1372 569 1432 voluptate,
583 1373 680 1428 avaricia,
694 1373 782 1422 audacia
795 1372 860 1432 plena
872 1386 917 1422 erat
930 1387 951 1422 et

169 1466 224 1502 quae
238 1448 323 1495 virtutis
335 1446 448 1503 speculum
460 1466 506 1494 esse
518 1446 602 1499 soleret,
615 1467 640 1494 ea
651 1446 708 1494 vitiis
720 1446 821 1494 omnibus
834 1445 952 1494 laborabat.

168 1518 256 1578 Quippe
271 1520 340 1567 deleta
354 1517 491 1577 Carthagine,
505 1538 579 1567 eversa
592 1517 718 1574 Numantia,
733 1518 814 1567 domita
827 1518 885 1574 Asia,
899 1538 951 1568 cum

169 1592 261 1650 amplius
275 1613 321 1641 esse
335 1591 388 1640 nihil
402 1591 479 1640 hostile
492 1612 532 1640 nec
544 1592 668 1640 timendum
680 1592 762 1651 aliquid
775 1592 891 1646 videretur,
904 1612 953 1640 om-

126 1664 155 1712 20
170 1685 221 1713 nem
235 1666 258 1713 in
272 1665 392 1718 libidinem,
413 1665 680 1722 avariciamsuperbiam
701 1665 787 1722 delapsa
808 1679 860 1713 erat.
881 1664 952 1713 Bello-

169 1756 219 1786 rum
233 1744 319 1797 nanque
334 1757 419 1787 summa
432 1738 563 1796 prosperitas
577 1757 690 1787 summum
703 1738 826 1797 imperium,
840 1758 952 1788 summum

169 1811 285 1870 imperium
304 1827 412 1862 summam
432 1812 547 1866 licentiam,
568 1831 653 1861 summa
672 1812 757 1861 licentia
777 1831 872 1861 summas
892 1831 952 1870 opes,

170 1903 267 1931 summae
282 1905 333 1942 opes
348 1904 459 1931 summum
473 1882 556 1939 luxum,
571 1903 670 1932 summus
685 1882 747 1933 luxus
761 1904 869 1932 summam
882 1883 952 1932 avari-

170 1957 226 2003 ciam
240 1968 261 2003 et
276 1955 381 2014 quicquid
391 1968 436 2003 erat
446 1954 531 2003 sceleris
542 1968 607 2013 atque
618 1955 694 2014 flagicii
705 1955 844 2004 inducebant.
855 1954 887 2003 Eo
898 1976 953 2003 nan-

127 2026 156 2077 25
172 2049 215 2086 que
229 2027 270 2076 loci
285 2028 382 2077 Romana
392 2047 425 2076 res
436 2026 525 2076 fluxerat
536 2026 596 2086 quod
606 2026 775 2087 haudquaquam
784 2041 882 2076 veterum
893 2046 952 2075 more

170 2113 192 2148 et
202 2102 276 2149 virtuti
285 2101 353 2149 honos
362 2113 383 2148 et
392 2101 466 2149 sceleri
476 2121 546 2158 poena
554 2100 641 2149 daretur
649 2101 755 2159 bonisque
766 2101 872 2149 maiorum
880 2120 953 2148 exem·
996 2131 997 2136 =
1032 2094 1047 2145 ἰ

170 2173 211 2230 plis
229 2187 250 2221 et
266 2174 345 2221 sanctis
361 2172 445 2230 legibus
461 2173 575 2226 viveretur,
593 2173 632 2239 sed
648 2185 780 2220 commutata
796 2186 856 2220 erant
872 2173 952 2220 omnia.

171 2246 229 2294 Nam
244 2265 283 2306 pro
298 2245 380 2306 pudore
391 2245 487 2301 audacia,
499 2264 539 2305 pro
550 2244 679 2295 abstinentia
690 2244 764 2302 libido,
776 2264 816 2304 pro
827 2244 953 2295 liberalitate

170 2321 260 2368 avaricia
275 2332 368 2369 venerat.
388 2319 431 2376 Qui
446 2319 505 2368 enirn
523 2319 614 2368 civitatis
633 2332 693 2367 erant
711 2319 814 2378 primarii,
829 2319 851 2367 hi
871 2319 953 2368 nutrie-

128 2394 158 2442 30
173 2393 225 2441 bant
238 2393 341 2441 factiones
353 2405 374 2440 et
385 2412 451 2449 quem
462 2393 516 2440 tueri
528 2391 653 2441 debuissent
664 2404 744 2440 statum
755 2392 785 2440 rei
796 2391 896 2449 publicae
905 2412 953 2440 am-

171 2465 260 2521 bitione,
275 2464 382 2525 superbia,
397 2486 422 2514 ac
437 2465 539 2514 omnibus
554 2464 611 2514 vitiis
625 2464 756 2515 evertebant.
772 2464 818 2513 Nec
834 2464 900 2514 modo
915 2465 953 2524 qui

171 2540 247 2597 privati
261 2553 332 2589 essent
345 2557 420 2588 verum
433 2538 498 2588 etiam
512 2539 647 2597 magistratus
661 2537 741 2597 publici
755 2551 820 2596 atque
833 2539 953 2587 senatorius

168 2710 193 2746 15.
206 2711 245 2747 Sall.
257 2711 295 2748 Car,
311 2712 337 2748 ro.

170 2877 189 2921 5.
203 2893 285 2931 quoque
299 2883 312 2921 ι’.
327 2895 354 2927 r.,·
368 2884 412 2919 erar
425 2876 490 2920 etiam.
545 2876 564 2920 5.
578 2875 638 2919 etiam
652 2882 665 2920 ἰ.
675 2893 691 2917 r.
747 2874 779 2918 20.
795 2872 892 2918 bellorum
905 2891 955 2917 nan-

130 2962 171 3000 que
185 2945 280 2999 sum(ma)
295 2950 308 2989 ἰ.
323 2963 338 2989 r.
393 2943 426 2989 24.
440 2942 527 3000 fla(gicii)
542 2948 555 2988 i.
570 2961 586 2987 r.
