<?xml version="1.0" encoding="UTF-8"?>
<!DOCTYPE html PUBLIC "-//W3C//DTD XHTML 1.0 Transitional//EN"
    "http://www.w3.org/TR/xhtml1/DTD/xhtml1-transitional.dtd">
<html xmlns="http://www.w3.org/1999/xhtml" xml:lang="en" lang="en">
 <head>
  <title>
</title>
<meta http-equiv="Content-Type" content="text/html;charset=utf-8" />
  <meta name='ocr-system' content='tesseract 3.04.00' />
  <meta name='ocr-capabilities' content='ocr_page ocr_carea ocr_par ocr_line ocrx_word'/>
</head>
<body>
  <div class='ocr_page' id='page_1' title='image "MN40033ucmf_2_0313.png"; bbox 0 0 2093 3253; ppageno 0'>
   <div class='ocr_carea' id='block_1_1' title="bbox 238 111 867 162">
    <p class='ocr_par' dir='ltr' id='par_1_1' title="bbox 238 111 867 162">
     <span class='ocr_line' id='line_1_1' title="bbox 238 111 867 162; baseline -0.005 -5"><span class='ocrx_word' id='word_1_1' title='bbox 238 127 366 158; x_wconf 78' lang='lat' dir='ltr'>scninronuu</span> <span class='ocrx_word' id='word_1_2' title='bbox 380 126 506 157; x_wconf 77' lang='lat' dir='ltr'>uuusrmuu</span> <span class='ocrx_word' id='word_1_3' title='bbox 519 138 533 141; x_wconf 91' lang='lat'><em>-</em></span> <span class='ocrx_word' id='word_1_4' title='bbox 547 126 608 162; x_wconf 79' lang='lat' dir='ltr'>uum</span> <span class='ocrx_word' id='word_1_5' title='bbox 619 126 671 157; x_wconf 87' lang='lat' dir='ltr'>vnn.</span> <span class='ocrx_word' id='word_1_6' title='bbox 828 111 867 157; x_wconf 77' lang='lat'>239</span> 
     </span>
    </p>
   </div>
   <div class='ocr_carea' id='block_1_2' title="bbox 26 243 935 2561">
    <p class='ocr_par' dir='ltr' id='par_1_2' title="bbox 26 243 935 2561">
     <span class='ocr_line' id='line_1_2' title="bbox 76 243 869 304; baseline -0.003 -10"><span class='ocrx_word' id='word_1_7' title='bbox 76 246 156 296; x_wconf 86' lang='lat' dir='ltr'>¹lactus·</span> <span class='ocrx_word' id='word_1_8' title='bbox 166 246 294 304; x_wconf 83' lang='lat' dir='ltr'>patrocinari</span> <span class='ocrx_word' id='word_1_9' title='bbox 310 244 370 303; x_wconf 86' lang='lat' dir='ltr'>apud</span> <span class='ocrx_word' id='word_1_10' title='bbox 386 243 522 292; x_wconf 88' lang='lat' dir='ltr'>Tusculanos</span> <span class='ocrx_word' id='word_1_11' title='bbox 538 263 562 292; x_wconf 89' lang='lat' dir='ltr'>ac</span> <span class='ocrx_word' id='word_1_12' title='bbox 578 245 676 303; x_wconf 86' lang='lat' dir='ltr'>proxima</span> <span class='ocrx_word' id='word_1_13' title='bbox 692 246 730 303; x_wconf 86' lang='lat' dir='ltr'>per</span> <span class='ocrx_word' id='word_1_14' title='bbox 746 243 832 292; x_wconf 89' lang='lat' dir='ltr'>castella</span> <span class='ocrx_word' id='word_1_15' title='bbox 847 257 869 294; x_wconf 86' lang='lat' dir='ltr'>et</span> 
     </span>
     <span class='ocr_line' id='line_1_3' title="bbox 83 317 868 378; baseline -0.005 -9"><span class='ocrx_word' id='word_1_16' title='bbox 83 323 141 370; x_wconf 87' lang='lat' dir='ltr'>vicos</span> <span class='ocrx_word' id='word_1_17' title='bbox 158 319 229 378; x_wconf 88' lang='lat' dir='ltr'>coepit</span> <span class='ocrx_word' id='word_1_18' title='bbox 245 331 310 377; x_wconf 87' lang='lat' dir='ltr'>atque</span> <span class='ocrx_word' id='word_1_19' title='bbox 321 317 358 366; x_wconf 87' lang='lat' dir='ltr'>illo</span> <span class='ocrx_word' id='word_1_20' title='bbox 375 339 386 366; x_wconf 93' lang='lat' dir='ltr'>e</span> <span class='ocrx_word' id='word_1_21' title='bbox 404 336 493 366; x_wconf 88' lang='lat' dir='ltr'>munere</span> <span class='ocrx_word' id='word_1_22' title='bbox 504 317 623 377; x_wconf 89' lang='lat' dir='ltr'>plurimum</span> <span class='ocrx_word' id='word_1_23' title='bbox 640 317 709 366; x_wconf 87' lang='lat' dir='ltr'>laudis</span> <span class='ocrx_word' id='word_1_24' title='bbox 726 337 750 365; x_wconf 90' lang='lat' dir='ltr'>ac</span> <span class='ocrx_word' id='word_1_25' title='bbox 767 326 868 376; x_wconf 73' lang='lat' dir='ltr'><strong>quaestus</strong></span> 
     </span>
     <span class='ocr_line' id='line_1_4' title="bbox 83 390 868 450; baseline -0.005 -8"><span class='ocrx_word' id='word_1_26' title='bbox 83 395 173 450; x_wconf 88' lang='lat' dir='ltr'>adeptus</span> <span class='ocrx_word' id='word_1_27' title='bbox 188 405 228 440; x_wconf 90' lang='lat' dir='ltr'>est.</span> <span class='ocrx_word' id='word_1_28' title='bbox 243 392 318 440; x_wconf 89' lang='lat' dir='ltr'>Presto</span> <span class='ocrx_word' id='word_1_29' title='bbox 331 405 375 439; x_wconf 86' lang='lat' dir='ltr'>erat</span> <span class='ocrx_word' id='word_1_30' title='bbox 389 392 511 449; x_wconf 86' lang='lat' dir='ltr'>cuicunque</span> <span class='ocrx_word' id='word_1_31' title='bbox 524 392 562 450; x_wconf 87' lang='lat' dir='ltr'>qui</span> <span class='ocrx_word' id='word_1_32' title='bbox 576 393 622 438; x_wconf 91' lang='lat' dir='ltr'>eius</span> <span class='ocrx_word' id='word_1_33' title='bbox 636 410 724 449; x_wconf 80' lang='lat' dir='ltr'>operam</span> <span class='ocrx_word' id='word_1_34' title='bbox 737 390 868 449; x_wconf 80' lang='lat' dir='ltr'>imploraret.</span> 
     </span>
     <span class='ocr_line' id='line_1_5' title="bbox 68 463 869 522; baseline -0.004 -7"><span class='ocrx_word' id='word_1_35' title='bbox 68 479 70 484; x_wconf 82' lang='grc'>’</span> <span class='ocrx_word' id='word_1_36' title='bbox 85 467 178 515; x_wconf 80' lang='lat' dir='ltr'>Litterae</span> <span class='ocrx_word' id='word_1_37' title='bbox 189 465 230 514; x_wconf 93' lang='lat' dir='ltr'>sibi</span> <span class='ocrx_word' id='word_1_38' title='bbox 242 477 302 514; x_wconf 85' lang='lat' dir='ltr'>erant</span> <span class='ocrx_word' id='word_1_39' title='bbox 314 463 392 518; x_wconf 88' lang='lat' dir='ltr'>nullae,</span> <span class='ocrx_word' id='word_1_40' title='bbox 404 464 443 513; x_wconf 85' lang='lat' dir='ltr'>sed</span> <span class='ocrx_word' id='word_1_41' title='bbox 454 477 542 513; x_wconf 88' lang='lat' dir='ltr'>naturae</span> <span class='ocrx_word' id='word_1_42' title='bbox 553 464 659 514; x_wconf 86' lang='lat' dir='ltr'>beneficio</span> <span class='ocrx_word' id='word_1_43' title='bbox 671 463 765 513; x_wconf 92' lang='lat' dir='ltr'>multum</span> <span class='ocrx_word' id='word_1_44' title='bbox 776 463 869 522; x_wconf 79' lang='lat' dir='ltr'>ingenio,</span> 
     </span>
     <span class='ocr_line' id='line_1_6' title="bbox 58 537 870 600; baseline -0.005 -11"><span class='ocrx_word' id='word_1_45' title='bbox 58 544 70 594; x_wconf 80' lang='lat'>5</span> <span class='ocrx_word' id='word_1_46' title='bbox 86 539 207 600; x_wconf 87' lang='lat' dir='ltr'>prudentia,</span> <span class='ocrx_word' id='word_1_47' title='bbox 226 538 299 597; x_wconf 83' lang='lat' dir='ltr'>lingua</span> <span class='ocrx_word' id='word_1_48' title='bbox 316 537 407 588; x_wconf 86' lang='lat' dir='ltr'>valebat.</span> <span class='ocrx_word' id='word_1_49' title='bbox 419 538 504 596; x_wconf 68' lang='lat' dir='ltr'>&#39;Neque</span> <span class='ocrx_word' id='word_1_50' title='bbox 521 557 573 598; x_wconf 90' lang='lat' dir='ltr'>vero</span> <span class='ocrx_word' id='word_1_51' title='bbox 590 539 632 587; x_wconf 84' lang='lat' dir='ltr'>sibi</span> <span class='ocrx_word' id='word_1_52' title='bbox 650 557 727 597; x_wconf 88' lang='lat' dir='ltr'>parum</span> <span class='ocrx_word' id='word_1_53' title='bbox 745 540 870 592; x_wconf 87' lang='lat' dir='ltr'>severitatis,</span> 
     </span>
     <span class='ocr_line' id='line_1_7' title="bbox 85 611 870 672; baseline -0.004 -11"><span class='ocrx_word' id='word_1_54' title='bbox 85 612 234 672; x_wconf 78' lang='lat' dir='ltr'>parsimoniae,</span> <span class='ocrx_word' id='word_1_55' title='bbox 250 612 336 661; x_wconf 89' lang='lat' dir='ltr'>virtutis</span> <span class='ocrx_word' id='word_1_56' title='bbox 350 612 429 660; x_wconf 85' lang='lat' dir='ltr'>adiecit</span> <span class='ocrx_word' id='word_1_57' title='bbox 444 612 517 660; x_wconf 86' lang='lat' dir='ltr'>audita</span> <span class='ocrx_word' id='word_1_58' title='bbox 531 611 590 660; x_wconf 80' lang='lat' dir='ltr'>lama</span> <span class='ocrx_word' id='word_1_59' title='bbox 605 612 639 660; x_wconf 82' lang='lat' dir='ltr'>M.</span> <span class='ocrx_word' id='word_1_60' title='bbox 655 611 757 660; x_wconf 89' lang='lat' dir='ltr'>Curionis</span> <span class='ocrx_word' id='word_1_61' title='bbox 773 611 870 664; x_wconf 76' lang='lat' dir='ltr'>Dentati,</span> 
     </span>
     <span class='ocr_line' id='line_1_8' title="bbox 86 682 870 743; baseline 0 -11"><span class='ocrx_word' id='word_1_62' title='bbox 86 685 142 733; x_wconf 92' lang='lat' dir='ltr'>illius</span> <span class='ocrx_word' id='word_1_63' title='bbox 156 685 224 743; x_wconf 89' lang='lat' dir='ltr'>ipsius</span> <span class='ocrx_word' id='word_1_64' title='bbox 238 684 276 743; x_wconf 85' lang='lat' dir='ltr'>qui</span> <span class='ocrx_word' id='word_1_65' title='bbox 291 683 389 732; x_wconf 88' lang='lat' dir='ltr'>oblatum</span> <span class='ocrx_word' id='word_1_66' title='bbox 403 684 443 731; x_wconf 83' lang='lat' dir='ltr'>sibi</span> <span class='ocrx_word' id='word_1_67' title='bbox 458 704 470 731; x_wconf 90' lang='lat' dir='ltr'>a</span> <span class='ocrx_word' id='word_1_68' title='bbox 484 683 618 733; x_wconf 88' lang='lat' dir='ltr'>Samnitibus</span> <span class='ocrx_word' id='word_1_69' title='bbox 633 703 710 732; x_wconf 90' lang='lat' dir='ltr'>aurum</span> <span class='ocrx_word' id='word_1_70' title='bbox 724 683 812 742; x_wconf 82' lang='lat' dir='ltr'>sprevit,</span> <span class='ocrx_word' id='word_1_71' title='bbox 827 682 870 732; x_wconf 83' lang='lat' dir='ltr'>Ro-</span> 
     </span>
     <span class='ocr_line' id='line_1_9' title="bbox 56 757 870 818; baseline -0.001 -12"><span class='ocrx_word' id='word_1_72' title='bbox 56 791 58 793; x_wconf 97' lang='grc'>-</span> <span class='ocrx_word' id='word_1_73' title='bbox 85 776 199 806; x_wconf 86' lang='lat' dir='ltr'>manorum</span> <span class='ocrx_word' id='word_1_74' title='bbox 217 777 263 805; x_wconf 90' lang='lat' dir='ltr'>esse</span> <span class='ocrx_word' id='word_1_75' title='bbox 282 757 356 805; x_wconf 85' lang='lat' dir='ltr'>dicens</span> <span class='ocrx_word' id='word_1_76' title='bbox 375 757 429 806; x_wconf 88' lang='lat' dir='ltr'>velle</span> <span class='ocrx_word' id='word_1_77' title='bbox 449 759 554 815; x_wconf 86' lang='lat' dir='ltr'>imperare</span> <span class='ocrx_word' id='word_1_78' title='bbox 573 757 703 818; x_wconf 78' lang='lat' dir='ltr'>habentibus</span> <span class='ocrx_word' id='word_1_79' title='bbox 722 776 806 812; x_wconf 89' lang='lat' dir='ltr'>aurum,</span> <span class='ocrx_word' id='word_1_80' title='bbox 826 778 870 805; x_wconf 90' lang='lat' dir='ltr'>non</span> 
     </span>
     <span class='ocr_line' id='line_1_10' title="bbox 85 828 871 889; baseline 0 -11"><span class='ocrx_word' id='word_1_81' title='bbox 85 849 161 878; x_wconf 92' lang='lat' dir='ltr'>aurum</span> <span class='ocrx_word' id='word_1_82' title='bbox 177 829 263 878; x_wconf 83' lang='lat' dir='ltr'>habere.</span> <span class='ocrx_word' id='word_1_83' title='bbox 279 829 350 878; x_wconf 83' lang='lat' dir='ltr'>Senex</span> <span class='ocrx_word' id='word_1_84' title='bbox 366 828 433 877; x_wconf 88' lang='lat' dir='ltr'>Curio</span> <span class='ocrx_word' id='word_1_85' title='bbox 448 828 602 888; x_wconf 78' lang='lat' dir='ltr'>tranquillioris</span> <span class='ocrx_word' id='word_1_86' title='bbox 618 830 674 877; x_wconf 87' lang='lat' dir='ltr'>vitae</span> <span class='ocrx_word' id='word_1_87' title='bbox 688 849 752 878; x_wconf 88' lang='lat' dir='ltr'>causa</span> <span class='ocrx_word' id='word_1_88' title='bbox 767 830 790 877; x_wconf 94' lang='lat' dir='ltr'>in</span> <span class='ocrx_word' id='word_1_89' title='bbox 805 849 871 889; x_wconf 85' lang='lat' dir='ltr'>quam</span> 
     </span>
     <span class='ocr_line' id='line_1_11' title="bbox 48 900 871 962; baseline -0.005 -9"><span class='ocrx_word' id='word_1_90' title='bbox 48 907 72 953; x_wconf 82' lang='grc'>10</span> <span class='ocrx_word' id='word_1_91' title='bbox 87 903 207 962; x_wconf 79' lang='lat' dir='ltr'>proximam</span> <span class='ocrx_word' id='word_1_92' title='bbox 226 902 325 950; x_wconf 87' lang='lat' dir='ltr'>Tusculo</span> <span class='ocrx_word' id='word_1_93' title='bbox 344 902 438 949; x_wconf 88' lang='lat' dir='ltr'>babebat</span> <span class='ocrx_word' id='word_1_94' title='bbox 458 900 507 950; x_wconf 91' lang='lat' dir='ltr'>villa</span> <span class='ocrx_word' id='word_1_95' title='bbox 528 902 652 950; x_wconf 88' lang='lat' dir='ltr'>obversatus</span> <span class='ocrx_word' id='word_1_96' title='bbox 673 913 717 960; x_wconf 78' lang='lat' dir='ltr'>erat</span> <span class='ocrx_word' id='word_1_97' title='bbox 737 902 811 950; x_wconf 88' lang='lat' dir='ltr'>vivens</span> <span class='ocrx_word' id='word_1_98' title='bbox 825 914 871 950; x_wconf 86' lang='lat' dir='ltr'>nec</span> 
     </span>
     <span class='ocr_line' id='line_1_12' title="bbox 86 973 871 1034; baseline -0.003 -10"><span class='ocrx_word' id='word_1_99' title='bbox 86 975 163 1034; x_wconf 87' lang='lat' dir='ltr'>perdiu</span> <span class='ocrx_word' id='word_1_100' title='bbox 179 989 228 1023; x_wconf 87' lang='lat' dir='ltr'>ante</span> <span class='ocrx_word' id='word_1_101' title='bbox 245 975 326 1023; x_wconf 88' lang='lat' dir='ltr'>obierat</span> <span class='ocrx_word' id='word_1_102' title='bbox 343 974 409 1022; x_wconf 88' lang='lat' dir='ltr'>diem.</span> <span class='ocrx_word' id='word_1_103' title='bbox 427 973 499 1022; x_wconf 83' lang='lat' dir='ltr'>Multa</span> <span class='ocrx_word' id='word_1_104' title='bbox 516 974 579 1022; x_wconf 87' lang='lat' dir='ltr'>buius</span> <span class='ocrx_word' id='word_1_105' title='bbox 596 975 635 1022; x_wconf 93' lang='lat' dir='ltr'>viri</span> <span class='ocrx_word' id='word_1_106' title='bbox 652 974 716 1028; x_wconf 84' lang='lat' dir='ltr'>dicta,</span> <span class='ocrx_word' id='word_1_107' title='bbox 734 974 801 1022; x_wconf 89' lang='lat' dir='ltr'>multa</span> <span class='ocrx_word' id='word_1_108' title='bbox 816 974 871 1022; x_wconf 80' lang='lat' dir='ltr'>lacta</span> 
     </span>
     <span class='ocr_line' id='line_1_13' title="bbox 86 1046 872 1108; baseline -0.004 -10"><span class='ocrx_word' id='word_1_109' title='bbox 86 1049 124 1108; x_wconf 83' lang='lat' dir='ltr'>qui</span> <span class='ocrx_word' id='word_1_110' title='bbox 142 1069 194 1098; x_wconf 90' lang='lat' dir='ltr'>eum</span> <span class='ocrx_word' id='word_1_111' title='bbox 212 1048 310 1097; x_wconf 87' lang='lat' dir='ltr'>viderant</span> <span class='ocrx_word' id='word_1_112' title='bbox 330 1047 478 1096; x_wconf 84' lang='lat' dir='ltr'>memorabant</span> <span class='ocrx_word' id='word_1_113' title='bbox 497 1068 566 1096; x_wconf 84' lang='lat' dir='ltr'>senes.</span> <span class='ocrx_word' id='word_1_114' title='bbox 586 1047 642 1096; x_wconf 86' lang='lat' dir='ltr'>Cato</span> <span class='ocrx_word' id='word_1_115' title='bbox 660 1059 733 1096; x_wconf 90' lang='lat' dir='ltr'>autem</span> <span class='ocrx_word' id='word_1_116' title='bbox 752 1068 818 1106; x_wconf 89' lang='lat' dir='ltr'>quam</span> <span class='ocrx_word' id='word_1_117' title='bbox 836 1046 872 1096; x_wconf 85' lang='lat' dir='ltr'>ille</span> 
     </span>
     <span class='ocr_line' id='line_1_14' title="bbox 87 1121 872 1202; baseline -0.005 -32"><span class='ocrx_word' id='word_1_118' title='bbox 87 1122 218 1171; x_wconf 84' lang='lat' dir='ltr'>habitaverat</span> <span class='ocrx_word' id='word_1_119' title='bbox 234 1123 325 1170; x_wconf 89' lang='lat' dir='ltr'>domum</span> <span class='ocrx_word' id='word_1_120' title='bbox 339 1121 423 1169; x_wconf 87' lang='lat' dir='ltr'>auditas</span> <span class='ocrx_word' id='word_1_121' title='bbox 440 1121 468 1168; x_wconf 93' lang='lat' dir='ltr'>ob</span> <span class='ocrx_word' id='word_1_122' title='bbox 484 1122 573 1168; x_wconf 86' lang='lat' dir='ltr'>virtutes</span> <span class='ocrx_word' id='word_1_123' title='bbox 589 1139 744 1202; x_wconf 45' lang='lat' dir='ltr'>saepenumerlo</span> <span class='ocrx_word' id='word_1_124' title='bbox 760 1121 821 1178; x_wconf 87' lang='lat' dir='ltr'>quasi</span> <span class='ocrx_word' id='word_1_125' title='bbox 837 1122 872 1168; x_wconf 84' lang='lat' dir='ltr'>dei</span> 
     </span>
     <span class='ocr_line' id='line_1_15' title="bbox 86 1191 872 1251; baseline -0.001 -10"><span class='ocrx_word' id='word_1_126' title='bbox 86 1193 193 1250; x_wconf 88' lang='lat' dir='ltr'>templum</span> <span class='ocrx_word' id='word_1_127' title='bbox 206 1213 326 1240; x_wconf 83' lang='lat' dir='ltr'>ac-numen</span> <span class='ocrx_word' id='word_1_128' title='bbox 341 1200 363 1239; x_wconf 87' lang='lat' dir='ltr'>et&#39;</span> <span class='ocrx_word' id='word_1_129' title='bbox 375 1192 435 1239; x_wconf 90' lang='lat' dir='ltr'>adire</span> <span class='ocrx_word' id='word_1_130' title='bbox 449 1205 470 1239; x_wconf 90' lang='lat' dir='ltr'>et</span> <span class='ocrx_word' id='word_1_131' title='bbox 484 1191 625 1251; x_wconf 90' lang='lat' dir='ltr'>contemplari</span> <span class='ocrx_word' id='word_1_132' title='bbox 632 1191 772 1240; x_wconf 72' lang='lat' dir='ltr'>·solebat.‘Se</span> <span class='ocrx_word' id='word_1_133' title='bbox 786 1213 872 1251; x_wconf 86' lang='lat' dir='ltr'>nanque</span> 
     </span>
     <span class='ocr_line' id='line_1_16' title="bbox 49 1264 873 1330; baseline -0.001 -15"><span class='ocrx_word' id='word_1_134' title='bbox 49 1269 72 1317; x_wconf 84' lang='grc'>15</span> <span class='ocrx_word' id='word_1_135' title='bbox 88 1268 160 1326; x_wconf 88' lang='lat' dir='ltr'>ipsum</span> <span class='ocrx_word' id='word_1_136' title='bbox 176 1264 383 1314; x_wconf 72' lang='lat' dir='ltr'>commonefaciebat</span> <span class='ocrx_word' id='word_1_137' title='bbox 406 1265 554 1313; x_wconf 78' lang='lat' dir='ltr'>recordatione</span> <span class='ocrx_word' id='word_1_138' title='bbox 575 1264 708 1314; x_wconf 86' lang='lat' dir='ltr'>admirabilis</span> <span class='ocrx_word' id='word_1_139' title='bbox 730 1265 873 1330; x_wconf 83' lang='lat' dir='ltr'>parsimoniae</span> 
     </span>
     <span class='ocr_line' id='line_1_17' title="bbox 88 1331 873 1397; baseline -0.003 -10"><span class='ocrx_word' id='word_1_140' title='bbox 88 1340 273 1397; x_wconf 86' lang='lat' dir='ltr'>maximarumque</span> <span class='ocrx_word' id='word_1_141' title='bbox 288 1339 361 1387; x_wconf 86' lang='lat' dir='ltr'>rerum</span> <span class='ocrx_word' id='word_1_142' title='bbox 376 1358 401 1386; x_wconf 86' lang='lat' dir='ltr'>ae</span> <span class='ocrx_word' id='word_1_143' title='bbox 417 1339 525 1387; x_wconf 88' lang='lat' dir='ltr'>dictorum</span> <span class='ocrx_word' id='word_1_144' title='bbox 540 1339 663 1397; x_wconf 88' lang='lat' dir='ltr'>sapientum</span> <span class='ocrx_word' id='word_1_145' title='bbox 678 1359 733 1397; x_wconf 88' lang='lat' dir='ltr'>quae</span> <span class='ocrx_word' id='word_1_146' title='bbox 748 1331 785 1386; x_wconf 88' lang='lat' dir='ltr'>illo</span> <span class='ocrx_word' id='word_1_147' title='bbox 799 1360 812 1386; x_wconf 85' lang='lat' dir='ltr'>a</span> <span class='ocrx_word' id='word_1_148' title='bbox 827 1340 873 1387; x_wconf 93' lang='lat' dir='ltr'>viro</span> 
     </span>
     <span class='ocr_line' id='line_1_18' title="bbox 88 1411 873 1469; baseline -0.001 -10"><span class='ocrx_word' id='word_1_149' title='bbox 88 1413 145 1460; x_wconf 86' lang='lat' dir='ltr'>dicta</span> <span class='ocrx_word' id='word_1_150' title='bbox 158 1412 258 1469; x_wconf 81' lang='lat' dir='ltr'>laetaque</span> <span class='ocrx_word' id='word_1_151' title='bbox 271 1411 339 1458; x_wconf 80' lang='lat' dir='ltr'>luisse</span> <span class='ocrx_word' id='word_1_152' title='bbox 352 1431 365 1457; x_wconf 89' lang='lat' dir='ltr'>a</span> <span class='ocrx_word' id='word_1_153' title='bbox 378 1412 499 1458; x_wconf 88' lang='lat' dir='ltr'>senioribus</span> <span class='ocrx_word' id='word_1_154' title='bbox 514 1431 538 1457; x_wconf 88' lang='lat' dir='ltr'>ea</span> <span class='ocrx_word' id='word_1_155' title='bbox 553 1412 688 1458; x_wconf 81' lang='lat' dir='ltr'>narrantibus</span> <span class='ocrx_word' id='word_1_156' title='bbox 703 1412 811 1459; x_wconf 86' lang='lat' dir='ltr'>audiebat.</span> <span class='ocrx_word' id='word_1_157' title='bbox 826 1412 873 1458; x_wconf 89' lang='lat' dir='ltr'>Nec</span> 
     </span>
     <span class='ocr_line' id='line_1_19' title="bbox 87 1482 872 1542; baseline 0 -11"><span class='ocrx_word' id='word_1_158' title='bbox 87 1483 188 1531; x_wconf 86' lang='lat' dir='ltr'>admirari</span> <span class='ocrx_word' id='word_1_159' title='bbox 200 1496 284 1541; x_wconf 87' lang='lat' dir='ltr'>poterat</span> <span class='ocrx_word' id='word_1_160' title='bbox 297 1483 347 1531; x_wconf 87' lang='lat' dir='ltr'>satis</span> <span class='ocrx_word' id='word_1_161' title='bbox 359 1483 432 1531; x_wconf 89' lang='lat' dir='ltr'>virum</span> <span class='ocrx_word' id='word_1_162' title='bbox 443 1482 481 1542; x_wconf 88' lang='lat' dir='ltr'>qui</span> <span class='ocrx_word' id='word_1_163' title='bbox 494 1483 522 1530; x_wconf 85' lang='lat' dir='ltr'>de</span> <span class='ocrx_word' id='word_1_164' title='bbox 534 1482 628 1537; x_wconf 89' lang='lat' dir='ltr'>Sabinis,</span> <span class='ocrx_word' id='word_1_165' title='bbox 641 1484 678 1541; x_wconf 89' lang='lat' dir='ltr'>qui</span> <span class='ocrx_word' id='word_1_166' title='bbox 692 1483 719 1531; x_wconf 89' lang='lat' dir='ltr'>de</span> <span class='ocrx_word' id='word_1_167' title='bbox 728 1482 872 1537; x_wconf 81' lang='lat' dir='ltr'>Samnitibus,</span> 
     </span>
     <span class='ocr_line' id='line_1_20' title="bbox 69 1555 935 1615; baseline 0.001 -12"><span class='ocrx_word' id='word_1_168' title='bbox 69 1600 71 1603; x_wconf 83' lang='lat'><em>.</em></span> <span class='ocrx_word' id='word_1_169' title='bbox 88 1556 125 1615; x_wconf 86' lang='lat' dir='ltr'>qui</span> <span class='ocrx_word' id='word_1_170' title='bbox 138 1557 165 1604; x_wconf 88' lang='lat' dir='ltr'>de</span> <span class='ocrx_word' id='word_1_171' title='bbox 176 1555 477 1615; x_wconf 67' lang='lat' dir='ltr'>potentissimo&#39;lipirotarum</span> <span class='ocrx_word' id='word_1_172' title='bbox 487 1576 537 1614; x_wconf 86' lang='lat' dir='ltr'>rege</span> <span class='ocrx_word' id='word_1_173' title='bbox 548 1557 624 1605; x_wconf 89' lang='lat' dir='ltr'>Pirrho</span> <span class='ocrx_word' id='word_1_174' title='bbox 635 1556 763 1605; x_wconf 92' lang='lat' dir='ltr'>clarissimas</span> <span class='ocrx_word' id='word_1_175' title='bbox 774 1557 874 1605; x_wconf 89' lang='lat' dir='ltr'>victorias</span> <span class='ocrx_word' id='word_1_176' title='bbox 933 1575 935 1577; x_wconf 84' lang='lat'>·</span> 
     </span>
     <span class='ocr_line' id='line_1_21' title="bbox 48 1624 874 1687; baseline 0 -11"><span class='ocrx_word' id='word_1_177' title='bbox 48 1630 74 1676; x_wconf 83' lang='lat'>20</span> <span class='ocrx_word' id='word_1_178' title='bbox 89 1649 113 1676; x_wconf 90' lang='lat' dir='ltr'>ac</span> <span class='ocrx_word' id='word_1_179' title='bbox 129 1629 252 1687; x_wconf 88' lang='lat' dir='ltr'>triumphos</span> <span class='ocrx_word' id='word_1_180' title='bbox 269 1629 346 1687; x_wconf 84' lang='lat' dir='ltr'>egisset</span> <span class='ocrx_word' id='word_1_181' title='bbox 363 1628 398 1676; x_wconf 89' lang='lat' dir='ltr'>illa</span> <span class='ocrx_word' id='word_1_182' title='bbox 415 1631 438 1677; x_wconf 95' lang='lat' dir='ltr'>in</span> <span class='ocrx_word' id='word_1_183' title='bbox 455 1629 586 1677; x_wconf 89' lang='lat' dir='ltr'>domuncula</span> <span class='ocrx_word' id='word_1_184' title='bbox 603 1630 739 1677; x_wconf 86' lang='lat' dir='ltr'>demoratum</span> <span class='ocrx_word' id='word_1_185' title='bbox 756 1624 809 1676; x_wconf 83' lang='lat' dir='ltr'>esse</span> <span class='ocrx_word' id='word_1_186' title='bbox 819 1650 874 1686; x_wconf 86' lang='lat' dir='ltr'>quae</span> 
     </span>
     <span class='ocr_line' id='line_1_22' title="bbox 89 1700 874 1760; baseline -0.001 -10"><span class='ocrx_word' id='word_1_187' title='bbox 89 1701 124 1751; x_wconf 87' lang='lat' dir='ltr'>vix</span> <span class='ocrx_word' id='word_1_188' title='bbox 135 1701 223 1750; x_wconf 90' lang='lat' dir='ltr'>homine</span> <span class='ocrx_word' id='word_1_189' title='bbox 234 1702 315 1751; x_wconf 87' lang='lat' dir='ltr'>rustico</span> <span class='ocrx_word' id='word_1_190' title='bbox 326 1721 351 1750; x_wconf 91' lang='lat' dir='ltr'>ac</span> <span class='ocrx_word' id='word_1_191' title='bbox 361 1702 422 1750; x_wconf 87' lang='lat' dir='ltr'>tenui</span> <span class='ocrx_word' id='word_1_192' title='bbox 433 1700 548 1750; x_wconf 88' lang='lat' dir='ltr'>commoda</span> <span class='ocrx_word' id='word_1_193' title='bbox 559 1702 610 1750; x_wconf 91' lang='lat' dir='ltr'>satis</span> <span class='ocrx_word' id='word_1_194' title='bbox 621 1721 646 1749; x_wconf 90' lang='lat' dir='ltr'>ac</span> <span class='ocrx_word' id='word_1_195' title='bbox 658 1701 722 1760; x_wconf 80' lang='lat' dir='ltr'>digna</span> <span class='ocrx_word' id='word_1_196' title='bbox 734 1714 796 1749; x_wconf 90' lang='lat' dir='ltr'>esset.</span> <span class='ocrx_word' id='word_1_197' title='bbox 809 1700 874 1750; x_wconf 90' lang='lat' dir='ltr'>Hunc</span> 
     </span>
     <span class='ocr_line' id='line_1_23' title="bbox 90 1774 875 1833; baseline -0.001 -10"><span class='ocrx_word' id='word_1_198' title='bbox 90 1774 184 1833; x_wconf 87' lang='lat' dir='ltr'>denique</span> <span class='ocrx_word' id='word_1_199' title='bbox 194 1775 346 1833; x_wconf 66' lang='lat' dir='ltr'>virum„quasi</span> <span class='ocrx_word' id='word_1_200' title='bbox 358 1776 439 1823; x_wconf 84' lang='lat' dir='ltr'>viveret</span> <span class='ocrx_word' id='word_1_201' title='bbox 450 1795 475 1823; x_wconf 90' lang='lat' dir='ltr'>ac</span> <span class='ocrx_word' id='word_1_202' title='bbox 486 1776 542 1823; x_wconf 87' lang='lat' dir='ltr'>vitae</span> <span class='ocrx_word' id='word_1_203' title='bbox 554 1775 654 1833; x_wconf 84' lang='lat' dir='ltr'>magister</span> <span class='ocrx_word' id='word_1_204' title='bbox 665 1788 728 1829; x_wconf 87' lang='lat' dir='ltr'>esset,</span> <span class='ocrx_word' id='word_1_205' title='bbox 745 1774 875 1823; x_wconf 90' lang='lat' dir='ltr'>imitandum</span> 
     </span>
     <span class='ocr_line' id='line_1_24' title="bbox 89 1847 875 1909; baseline 0 -16"><span class='ocrx_word' id='word_1_206' title='bbox 89 1847 130 1894; x_wconf 89' lang='lat' dir='ltr'>sibi</span> <span class='ocrx_word' id='word_1_207' title='bbox 143 1847 199 1895; x_wconf 84' lang='lat' dir='ltr'>Cato</span> <span class='ocrx_word' id='word_1_208' title='bbox 211 1848 333 1895; x_wconf 81' lang='lat' dir='ltr'>constituit·</span> <span class='ocrx_word' id='word_1_209' title='bbox 344 1847 455 1895; x_wconf 86' lang='lat' dir='ltr'>Nearcum</span> <span class='ocrx_word' id='word_1_210' title='bbox 467 1868 562 1904; x_wconf 85' lang='lat' dir='ltr'>quoque,</span> <span class='ocrx_word' id='word_1_211' title='bbox 570 1848 735 1909; x_wconf 68' lang='lat' dir='ltr'>&#39;Pythagoreum</span> <span class='ocrx_word' id='word_1_212' title='bbox 748 1861 769 1894; x_wconf 89' lang='lat' dir='ltr'>et</span> <span class='ocrx_word' id='word_1_213' title='bbox 782 1848 875 1894; x_wconf 91' lang='lat' dir='ltr'>nominis</span> 
     </span>
     <span class='ocr_line' id='line_1_25' title="bbox 26 1918 876 1980; baseline 0.001 -12"><span class='ocrx_word' id='word_1_214' title='bbox 26 1977 27 1980; x_wconf 7' lang='grc' dir='ltr'><strong>Ἰ</strong></span> <span class='ocrx_word' id='word_1_215' title='bbox 53 1969 55 1974; x_wconf 79' lang='grc'><em>,</em></span> <span class='ocrx_word' id='word_1_216' title='bbox 90 1919 161 1978; x_wconf 85' lang='lat' dir='ltr'>magni</span> <span class='ocrx_word' id='word_1_217' title='bbox 176 1918 343 1979; x_wconf 85' lang='lat' dir='ltr'>philosophum,</span> <span class='ocrx_word' id='word_1_218' title='bbox 364 1920 447 1970; x_wconf 89' lang='lat' dir='ltr'>audivit</span> <span class='ocrx_word' id='word_1_219' title='bbox 467 1940 531 1979; x_wconf 88' lang='lat' dir='ltr'>saepe</span> <span class='ocrx_word' id='word_1_220' title='bbox 544 1920 829 1979; x_wconf 80' lang='lat' dir='ltr'>eundemqueadiutorem</span> <span class='ocrx_word' id='word_1_221' title='bbox 848 1920 876 1969; x_wconf 90' lang='lat' dir='ltr'>ad</span> 
     </span>
     <span class='ocr_line' id='line_1_26' title="bbox 49 1992 876 2053; baseline 0.005 -14"><span class='ocrx_word' id='word_1_222' title='bbox 49 1992 75 2042; x_wconf 81' lang='grc'>25</span> <span class='ocrx_word' id='word_1_223' title='bbox 91 1992 146 2041; x_wconf 91' lang='lat' dir='ltr'>bene</span> <span class='ocrx_word' id='word_1_224' title='bbox 157 1993 244 2043; x_wconf 90' lang='lat' dir='ltr'>vivendi</span> <span class='ocrx_word' id='word_1_225' title='bbox 257 1995 363 2043; x_wconf 88' lang='lat' dir='ltr'>rationem</span> <span class='ocrx_word' id='word_1_226' title='bbox 375 2014 441 2053; x_wconf 87' lang='lat' dir='ltr'>quam</span> <span class='ocrx_word' id='word_1_227' title='bbox 454 1996 547 2043; x_wconf 80' lang='lat' dir='ltr'>maxime</span> <span class='ocrx_word' id='word_1_228' title='bbox 558 2007 645 2043; x_wconf 84' lang='lat' dir='ltr'>secutus</span> <span class='ocrx_word' id='word_1_229' title='bbox 658 2007 703 2043; x_wconf 86' lang='lat' dir='ltr'>est..</span> <span class='ocrx_word' id='word_1_230' title='bbox 712 1995 811 2043; x_wconf 88' lang='lat' dir='ltr'>ludolem</span> <span class='ocrx_word' id='word_1_231' title='bbox 822 1996 876 2049; x_wconf 84' lang='lat' dir='ltr'>eius,</span> 
     </span>
     <span class='ocr_line' id='line_1_27' title="bbox 90 2067 876 2127; baseline 0 -11"><span class='ocrx_word' id='word_1_232' title='bbox 90 2087 145 2125; x_wconf 85' lang='lat' dir='ltr'>quae</span> <span class='ocrx_word' id='word_1_233' title='bbox 157 2067 185 2116; x_wconf 90' lang='lat' dir='ltr'>ad</span> <span class='ocrx_word' id='word_1_234' title='bbox 196 2067 299 2121; x_wconf 87' lang='lat' dir='ltr'>virtutem</span> <span class='ocrx_word' id='word_1_235' title='bbox 311 2087 379 2126; x_wconf 88' lang='lat' dir='ltr'>prona</span> <span class='ocrx_word' id='word_1_236' title='bbox 391 2081 447 2115; x_wconf 88' lang='lat' dir='ltr'>esset</span> <span class='ocrx_word' id='word_1_237' title='bbox 460 2080 480 2115; x_wconf 80' lang='lat' dir='ltr'>et</span> <span class='ocrx_word' id='word_1_238' title='bbox 492 2068 540 2126; x_wconf 90' lang='lat' dir='ltr'>ipso</span> <span class='ocrx_word' id='word_1_239' title='bbox 548 2088 560 2115; x_wconf 91' lang='lat' dir='ltr'>a</span> <span class='ocrx_word' id='word_1_240' title='bbox 568 2086 637 2125; x_wconf 90' lang='lat' dir='ltr'>puero</span> <span class='ocrx_word' id='word_1_241' title='bbox 645 2068 721 2116; x_wconf 88' lang='lat' dir='ltr'>dietim</span> <span class='ocrx_word' id='word_1_242' title='bbox 732 2069 799 2125; x_wconf 80' lang='lat' dir='ltr'>magis</span> <span class='ocrx_word' id='word_1_243' title='bbox 811 2082 876 2127; x_wconf 88' lang='lat' dir='ltr'>atque</span> 
     </span>
     <span class='ocr_line' id='line_1_28' title="bbox 91 2138 876 2198; baseline 0.001 -12"><span class='ocrx_word' id='word_1_244' title='bbox 91 2139 158 2195; x_wconf 82' lang='lat' dir='ltr'>magis</span> <span class='ocrx_word' id='word_1_245' title='bbox 169 2158 193 2186; x_wconf 91' lang='lat' dir='ltr'>ac</span> <span class='ocrx_word' id='word_1_246' title='bbox 204 2139 268 2197; x_wconf 82' lang='lat' dir='ltr'>longe</span> <span class='ocrx_word' id='word_1_247' title='bbox 279 2157 344 2196; x_wconf 87' lang='lat' dir='ltr'>supra</span> <span class='ocrx_word' id='word_1_248' title='bbox 355 2159 421 2197; x_wconf 90' lang='lat' dir='ltr'>quam</span> <span class='ocrx_word' id='word_1_249' title='bbox 431 2152 489 2187; x_wconf 87' lang='lat' dir='ltr'>aetas</span> <span class='ocrx_word' id='word_1_250' title='bbox 500 2139 594 2197; x_wconf 86' lang='lat' dir='ltr'>exigeret</span> <span class='ocrx_word' id='word_1_251' title='bbox 605 2138 796 2198; x_wconf 45' lang='lat' dir='ltr'>resplendebatfet</span> <span class='ocrx_word' id='word_1_252' title='bbox 806 2140 876 2189; x_wconf 86' lang='lat' dir='ltr'>admi-</span> 
     </span>
     <span class='ocr_line' id='line_1_29' title="bbox 91 2210 877 2271; baseline 0.004 -13"><span class='ocrx_word' id='word_1_253' title='bbox 91 2211 193 2259; x_wconf 85' lang='lat' dir='ltr'>rabantur</span> <span class='ocrx_word' id='word_1_254' title='bbox 210 2210 405 2259; x_wconf 84' lang='lat' dir='ltr'>etcollaudabant.</span> <span class='ocrx_word' id='word_1_255' title='bbox 417 2231 499 2266; x_wconf 89' lang='lat' dir='ltr'>omnes,</span> <span class='ocrx_word' id='word_1_256' title='bbox 518 2232 559 2259; x_wconf 92' lang='lat' dir='ltr'>nec</span> <span class='ocrx_word' id='word_1_257' title='bbox 575 2211 639 2259; x_wconf 89' lang='lat' dir='ltr'>amici</span> <span class='ocrx_word' id='word_1_258' title='bbox 657 2211 723 2260; x_wconf 89' lang='lat' dir='ltr'>modo</span> <span class='ocrx_word' id='word_1_259' title='bbox 741 2225 761 2260; x_wconf 87' lang='lat' dir='ltr'>et</span> <span class='ocrx_word' id='word_1_260' title='bbox 779 2213 816 2271; x_wconf 86' lang='lat' dir='ltr'>qui</span> <span class='ocrx_word' id='word_1_261' title='bbox 833 2212 877 2261; x_wconf 89' lang='lat' dir='ltr'>ulla</span> 
     </span>
     <span class='ocr_line' id='line_1_30' title="bbox 91 2276 878 2343; baseline 0.005 -13"><span class='ocrx_word' id='word_1_262' title='bbox 91 2284 132 2331; x_wconf 89' lang='lat' dir='ltr'>sibi</span> <span class='ocrx_word' id='word_1_263' title='bbox 151 2284 310 2333; x_wconf 84' lang='lat' dir='ltr'>necessitudine</span> <span class='ocrx_word' id='word_1_264' title='bbox 328 2284 438 2332; x_wconf 88' lang='lat' dir='ltr'>coniuncti</span> <span class='ocrx_word' id='word_1_265' title='bbox 458 2297 517 2332; x_wconf 87' lang='lat' dir='ltr'>erant</span> <span class='ocrx_word' id='word_1_266' title='bbox 536 2305 561 2332; x_wconf 89' lang='lat' dir='ltr'>ac</span> <span class='ocrx_word' id='word_1_267' title='bbox 579 2276 619 2333; x_wconf 84' lang='lat' dir='ltr'>sui</span> <span class='ocrx_word' id='word_1_268' title='bbox 632 2280 707 2343; x_wconf 84' lang='lat' dir='ltr'>oppidi</span> <span class='ocrx_word' id='word_1_269' title='bbox 727 2285 820 2339; x_wconf 76' lang='lat' dir='ltr'>oriundi,</span> <span class='ocrx_word' id='word_1_270' title='bbox 839 2285 878 2334; x_wconf 82' lang='lat' dir='ltr'>sed</span> 
     </span>
     <span class='ocr_line' id='line_1_31' title="bbox 51 2351 900 2415; baseline 0.006 -15"><span class='ocrx_word' id='word_1_271' title='bbox 51 2354 76 2401; x_wconf 78' lang='lat'>30</span> <span class='ocrx_word' id='word_1_272' title='bbox 91 2357 156 2404; x_wconf 85' lang='lat' dir='ltr'>vicini</span> <span class='ocrx_word' id='word_1_273' title='bbox 166 2357 238 2410; x_wconf 87' lang='lat' dir='ltr'>etiam,</span> <span class='ocrx_word' id='word_1_274' title='bbox 249 2357 287 2414; x_wconf 85' lang='lat' dir='ltr'>qui</span> <span class='ocrx_word' id='word_1_275' title='bbox 297 2351 401 2414; x_wconf 87' lang='lat' dir='ltr'>proximis</span> <span class='ocrx_word' id='word_1_276' title='bbox 411 2376 437 2404; x_wconf 89' lang='lat' dir='ltr'>ex</span> <span class='ocrx_word' id='word_1_277' title='bbox 447 2351 571 2414; x_wconf 80' lang='lat' dir='ltr'>municipiis</span> <span class='ocrx_word' id='word_1_278' title='bbox 581 2376 656 2404; x_wconf 88' lang='lat' dir='ltr'>causas</span> <span class='ocrx_word' id='word_1_279' title='bbox 665 2357 688 2404; x_wconf 89' lang='lat' dir='ltr'>in</span> <span class='ocrx_word' id='word_1_280' title='bbox 698 2354 878 2415; x_wconf 42' lang='lat' dir='ltr'>lorordisceptan-</span> <span class='ocrx_word' id='word_1_281' title='bbox 898 2368 900 2371; x_wconf 86' lang='grc'><strong>’</strong></span> 
     </span>
     <span class='ocr_line' id='line_1_32' title="bbox 91 2429 878 2489; baseline 0.005 -14"><span class='ocrx_word' id='word_1_282' title='bbox 91 2441 136 2477; x_wconf 87' lang='lat' dir='ltr'>tem</span> <span class='ocrx_word' id='word_1_283' title='bbox 149 2429 474 2489; x_wconf 74' lang='lat' dir='ltr'>audirentadaequandumque</span> <span class='ocrx_word' id='word_1_284' title='bbox 488 2430 562 2488; x_wconf 83' lang='lat' dir='ltr'>ipsum</span> <span class='ocrx_word' id='word_1_285' title='bbox 571 2429 641 2486; x_wconf 51' lang='lat' dir='ltr'>¹etiam</span> <span class='ocrx_word' id='word_1_286' title='bbox 655 2430 678 2477; x_wconf 90' lang='lat' dir='ltr'>in</span> <span class='ocrx_word' id='word_1_287' title='bbox 693 2430 747 2478; x_wconf 89' lang='lat' dir='ltr'>urbe</span> <span class='ocrx_word' id='word_1_288' title='bbox 761 2431 817 2478; x_wconf 84' lang='lat' dir='ltr'>natis</span> <span class='ocrx_word' id='word_1_289' title='bbox 831 2450 878 2479; x_wconf 82' lang='lat' dir='ltr'>esse</span> 
     </span>
     <span class='ocr_line' id='line_1_33' title="bbox 92 2501 878 2561; baseline 0 -10"><span class='ocrx_word' id='word_1_290' title='bbox 92 2502 203 2559; x_wconf 84' lang='lat' dir='ltr'>putabant.</span> <span class='ocrx_word' id='word_1_291' title='bbox 217 2502 303 2561; x_wconf 85' lang='lat' dir='ltr'>Nempe</span> <span class='ocrx_word' id='word_1_292' title='bbox 315 2504 387 2550; x_wconf 86' lang='lat' dir='ltr'>virum</span> <span class='ocrx_word' id='word_1_293' title='bbox 398 2501 497 2551; x_wconf 76' lang='lat' dir='ltr'>futurum</span> <span class='ocrx_word' id='word_1_294' title='bbox 510 2502 592 2551; x_wconf 88' lang='lat' dir='ltr'>clarum</span> <span class='ocrx_word' id='word_1_295' title='bbox 604 2502 706 2552; x_wconf 89' lang='lat' dir='ltr'>omnibus</span> <span class='ocrx_word' id='word_1_296' title='bbox 718 2503 774 2551; x_wconf 85' lang='lat' dir='ltr'>vitae</span> <span class='ocrx_word' id='word_1_297' title='bbox 786 2504 878 2561; x_wconf 73' lang='lat' dir='ltr'>gravitas</span> 
     </span>
    </p>
   </div>
   <div class='ocr_carea' id='block_1_3' title="bbox 87 2678 328 2718">
    <p class='ocr_par' dir='ltr' id='par_1_3' title="bbox 87 2678 328 2718">
     <span class='ocr_line' id='line_1_34' title="bbox 87 2678 328 2718; baseline 0.012 -3"><span class='ocrx_word' id='word_1_298' title='bbox 87 2678 102 2715; x_wconf 82' lang='lat'>8.</span> <span class='ocrx_word' id='word_1_299' title='bbox 116 2679 151 2717; x_wconf 87' lang='lat' dir='ltr'>Cic.</span> <span class='ocrx_word' id='word_1_300' title='bbox 164 2681 188 2718; x_wconf 80' lang='lat' dir='ltr'>De</span> <span class='ocrx_word' id='word_1_301' title='bbox 201 2679 239 2718; x_wconf 69' lang='lat' dir='ltr'>Sea.</span> <span class='ocrx_word' id='word_1_302' title='bbox 253 2679 281 2718; x_wconf 87' lang='grc'>55.</span> <span class='ocrx_word' id='word_1_303' title='bbox 326 2684 328 2687; x_wconf 84' lang='grc'><strong>’</strong></span> 
     </span>
    </p>
   </div>
   <div class='ocr_carea' id='block_1_4' title="bbox 52 2826 951 2957">
    <p class='ocr_par' dir='ltr' id='par_1_4' title="bbox 52 2826 951 2957">
     <span class='ocr_line' id='line_1_35' title="bbox 92 2826 951 2894; baseline 0.001 -15"><span class='ocrx_word' id='word_1_304' title='bbox 92 2837 111 2879; x_wconf 81' lang='lat'>3.</span> <span class='ocrx_word' id='word_1_305' title='bbox 125 2836 156 2881; x_wconf 80' lang='lat' dir='ltr'>Ex</span> <span class='ocrx_word' id='word_1_306' title='bbox 166 2826 292 2890; x_wconf 84' lang='lat' dir='ltr'>implorarent</span> <span class='ocrx_word' id='word_1_307' title='bbox 302 2854 351 2880; x_wconf 81' lang='lat' dir='ltr'>corr.</span> <span class='ocrx_word' id='word_1_308' title='bbox 392 2838 411 2881; x_wconf 85' lang='lat'>6.</span> <span class='ocrx_word' id='word_1_309' title='bbox 420 2835 507 2890; x_wconf 79' lang='lat' dir='ltr'>(ad)iecit</span> <span class='ocrx_word' id='word_1_310' title='bbox 515 2843 528 2880; x_wconf 83' lang='lat' dir='ltr'>i.</span> <span class='ocrx_word' id='word_1_311' title='bbox 536 2855 559 2886; x_wconf 58' lang='lat' dir='ltr'>ra</span> <span class='ocrx_word' id='word_1_312' title='bbox 567 2845 609 2881; x_wconf 81' lang='lat' dir='ltr'>erat</span> <span class='ocrx_word' id='word_1_313' title='bbox 617 2836 702 2889; x_wconf 82' lang='lat' dir='ltr'>adijecit.</span> <span class='ocrx_word' id='word_1_314' title='bbox 748 2838 776 2881; x_wconf 86' lang='grc'>19.</span> <span class='ocrx_word' id='word_1_315' title='bbox 792 2837 880 2891; x_wconf 66' lang='grc' dir='ltr'>(ΡὶὼΙιό</span> <span class='ocrx_word' id='word_1_316' title='bbox 949 2891 951 2894; x_wconf 88' lang='lat'>.</span> 
     </span>
     <span class='ocr_line' id='line_1_36' title="bbox 52 2902 533 2957; baseline 0.004 -14"><span class='ocrx_word' id='word_1_317' title='bbox 52 2902 64 2940; x_wconf 80' lang='grc' dir='ltr'>ὶ.</span> <span class='ocrx_word' id='word_1_318' title='bbox 79 2919 103 2952; x_wconf 83' lang='lat' dir='ltr'>r.;</span> <span class='ocrx_word' id='word_1_319' title='bbox 117 2913 158 2947; x_wconf 80' lang='lat' dir='ltr'>erut</span> <span class='ocrx_word' id='word_1_320' title='bbox 174 2902 244 2957; x_wconf 75' lang='lat' dir='ltr'>Pirlrsl.</span> <span class='ocrx_word' id='word_1_321' title='bbox 298 2903 331 2947; x_wconf 81' lang='lat'>23.</span> <span class='ocrx_word' id='word_1_322' title='bbox 345 2903 375 2947; x_wconf 81' lang='lat' dir='ltr'>Ex</span> <span class='ocrx_word' id='word_1_323' title='bbox 390 2902 470 2946; x_wconf 83' lang='lat' dir='ltr'>nomine</span> <span class='ocrx_word' id='word_1_324' title='bbox 484 2920 533 2945; x_wconf 85' lang='lat' dir='ltr'>corr.</span> 
     </span>
    </p>
   </div>
   <div class='ocr_carea' id='block_1_5' title="bbox 0 0 1066 3253">
    <p class='ocr_par' dir='ltr' id='par_1_5' title="bbox 0 0 1066 3253">
     <span class='ocr_line' id='line_1_37' title="bbox 0 0 1066 3253; baseline 0 0"><span class='ocrx_word' id='word_1_325' title='bbox 0 0 1066 3253; x_wconf 95' lang='lat' dir='ltr'> </span> 
     </span>
    </p>
   </div>
  </div>
 </body>
</html>
