2093 3253
274 119 405 166 scnrmonuu
419 120 546 152 rstusrnrun
558 133 573 137 -
587 121 646 151 tissa
659 122 692 152 xv.
826 146 827 149 ,
853 109 893 154 407
937 113 939 119 ’

109 246 172 288 esset,
187 232 265 282 urbem
282 232 364 282 dimisit
382 231 459 282 Cicero
475 255 500 283 ac
517 233 596 283 deinde
614 233 740 284 habitavit
734 258 757 285 m
775 235 893 296 Campania

59 304 61 306 V
101 308 235 366 plurimum.
250 306 338 389 Quippe
347 307 416 356 dum
410 309 523 366 imperavit
533 308 618 374 Caesar,
628 322 770 368 conspectum
779 309 893 359 hominum

59 442 61 444 .
107 379 192 439 lugiens
205 381 249 428 suis
261 381 284 428 in
297 380 390 448 praediis
402 380 469 448 veluti
481 366 593 440 quadam
587 402 611 429 m
619 382 763 446 solitudine
743 383 803 433 vixit.
812 383 893 431 Romae

108 454 182 501 autem
197 471 283 510 perraro
304 465 369 511 atque
390 446 438 501 tum
459 454 571 528 evitandae
593 455 658 503 modo
680 455 809 513 suspicionis
830 475 893 504 causa

82 526 95 576 5
110 524 235 595 obversatus
248 540 290 596 est.
308 525 482 585 Appellationem
500 547 550 587 vero
568 528 703 588 imperatoris
722 528 851 588 lictoresque
863 549 893 588 ¹ac

108 597 215 644 laureatos
223 595 299 651 fasces,
308 597 358 645 data
366 597 407 644 sibi
416 617 428 645 a
436 597 518 655 populo
527 598 632 653 Romano,
638 612 663 647 ut
672 601 724 660 dixi,
733 621 797 650 causa
805 602 893 650 honoris

110 668 208 729 insignia,
220 670 300 726 posuit.
313 669 415 726 Denique
426 670 500 717 vitavit
512 669 582 717 lacere
593 673 711 730 quicquam
721 674 782 731 quod
792 675 893 722 excitaret
931 721 933 723 ,

110 739 150 788 sibi
160 739 327 790 malivolentiam
341 754 379 790 aut
392 740 489 790 Caesaris
502 755 539 791 aut
549 743 679 802 cuiusquam
689 746 727 804 qui
737 747 803 796 amari
814 768 827 796 a
838 747 892 796 Cae-

109 833 156 863 sare
172 814 288 863 videretur.
837 871 839 874 Α

60 886 97 959 ¹lO
157 887 239 937 Interea
253 907 305 937 vero
317 908 367 937 cum
379 888 494 946 negocium
506 888 547 937 sibi
559 889 619 938 obire
631 890 744 948 publicum
756 914 800 942 non
812 894 892 949 liceret,

61 955 64 961 ’
112 981 135 1010 se
149 982 193 1010 non
207 961 282 1012 afflixit
295 962 412 1017 moesticia,
426 982 470 1011 non
481 963 564 1021 torpuit
574 964 657 1025 inertia,
669 966 707 1014 sed
718 967 779 1025 quasi
790 968 859 1017 ventis
869 988 893 1016 ac

111 1027 214 1085 fluctibus
228 1036 322 1084 adversis
336 1055 381 1093 quo
395 1036 522 1084 destinasset
535 1037 609 1086 animo
618 1039 722 1096 navigare
735 1040 876 1097 prohibitus
871 1062 893 1089 m

110 1120 200 1170 portum
213 1120 286 1157 tutum
300 1108 359 1158 unde
368 1127 477 1168 regressus
488 1108 558 1160 luerat
570 1111 640 1160 rediit.
653 1110 682 1161 Se
693 1132 780 1172 nanque
787 1114 816 1164 ad
823 1114 893 1174 philo

111 1181 200 1238 sophiae
214 1182 292 1236 studia,
309 1201 366 1239 quae
381 1182 524 1238 intermiserat
541 1183 585 1237 diu,
602 1185 749 1243 veniatquod
765 1187 894 1236 existimaret

71 1256 97 1304 15
113 1274 159 1314 esse
173 1252 227 1301 nihil
239 1266 338 1311 tempore
350 1254 398 1308 isto.
412 1273 463 1302 cum
476 1254 588 1303 dominatu
600 1256 665 1318 unius
678 1258 751 1306 omnia
763 1271 893 1314 tenerentur,

111 1327 173 1388 quod
187 1327 255 1385 magis
274 1339 295 1376 et
309 1325 350 1376 sibi
366 1325 436 1376 levare
452 1326 559 1377 molestias
575 1328 642 1377 animi
658 1342 679 1379 et
694 1330 801 1394 prodesse
811 1331 894 1381 civibus

72 1458 73 1462 Ἰ
112 1401 156 1464 suis
170 1421 195 1448 ac
209 1401 329 1458 posteritati
342 1413 415 1458 posset
428 1419 504 1457 quam
505 1420 532 1448 ea
544 1402 616 1450 studia
628 1416 757 1460 pertractare
770 1424 825 1466 quae
837 1419 895 1453 recte

64 1474 66 1477 ⁸
111 1475 197 1523 vivendi
213 1486 294 1530 certam
309 1474 429 1522 doctrinam
445 1485 466 1521 et
481 1474 586 1522 rationem
596 1472 745 1532 pulchrasque
764 1493 790 1538 ac
805 1473 894 1523 subtiles

112 1547 268 1607 disputationes
283 1547 394 1596 haberent.
407 1546 481 1605 Atque
494 1545 548 1595 illud
562 1546 621 1594 hac
615 1567 638 1594 m
652 1564 675 1594 re
688 1546 788 1605 cogitauit
803 1545 893 1601 efficere,

68 1624 98 1672 20
113 1643 153 1672 nec
167 1621 281 1677 dubitof
264 1642 282 1670 si
295 1621 339 1670 vita
351 1619 460 1679 (annos'
440 1620 493 1670 vixit
505 1634 554 1680 post
566 1620 628 1670 civile
641 1619 754 1670 bellum
735 1621 819 1670 circiter
836 1621 894 1687 octo)

64 1691 66 1694 .
112 1694 188 1744 luisset
207 1694 297 1752 longior,
317 1693 448 1754 perfecisset,
468 1693 528 1751 quod
547 1693 619 1741 Latini
639 1693 737 1742 homines
754 1694 809 1742 hanc
824 1709 895 1743 essent

111 1767 289 1817 commoditatem
300 1779 321 1815 et
332 1765 451 1824 gloriam
433 1785 479 1836 erus
490 1764 596 1814 beneficio
606 1766 706 1820 assecuti,
717 1778 742 1815 ut
753 1766 895 1824 quemadmo-

112 1841 186 1890 dum
180 1862 203 1888 m
210 1839 359 1902 eloquentia
353 1852 382 1887 ita
397 1832 462 1887 etiam
476 1839 498 1886 in
512 1838 589 1909 studiis
601 1831 750 1903 philosophiae
761 1838 849 1888 Graecis
859 1839 895 1888 lit-

82 1909 163 1962 teris
177 1934 221 1962 non
241 1925 336 1970 egerent.
356 1912 442 1962 Τιιιιι
436 1913 501 1980 igitur
517 1933 555 1971 qur
549 1913 598 1961 ad
613 1912 774 1997 philosophiam
788 1914 895 1975 pertinent

14 1982 18 1984 ,
69 1988 98 2036 25
114 1980 180 2035 libros
198 1985 320 2048 complures
338 1985 430 2045 scripsit,
448 2005 504 2044 quos
521 1985 645 2044 singulatim
662 1986 803 2053 nominarem,
821 1986 844 2035 ni
860 2005 894 2035 se

113 2054 217 2122 quantem
231 2058 312 2107 libmm
324 2079 385 2117 quasi
378 2059 487 2129 locum
482 2060 528 2107 istis
539 2072 604 2118 atque
616 2050 675 2107 aliis
675 2060 759 2121 scriptis
772 2060 816 2108 suis
828 2061 895 2119 magis

112 2132 218 2190 idoneum
231 2153 257 2181 ac
271 2132 384 2193 proprium
401 2150 554 2182 reservassem
575 2131 638 2182 Plura
658 2133 726 2182 enim
736 2146 834 2192 tempore
854 2132 895 2182 hoc

113 2209 173 2268 brevi
188 2227 260 2258 eversa
275 2227 341 2269 quam
356 2206 458 2256 omnibus
469 2198 616 2266 superioribus
625 2209 687 2257 annis
698 2220 767 2257 stante
777 2207 894 2267 republica

113 2282 207 2341 scripsit.
221 2279 269 2329 Nec
284 2276 373 2339 quidem
387 2292 413 2328 ut
430 2279 535 2339 interpres
553 2301 565 2328 e
584 2280 668 2329 Graeco
686 2280 734 2344 illos
751 2281 775 2329 in
792 2280 896 2330 Latinum

70 2348 100 2403 3⁵0
114 2355 178 2403 vertit
192 2373 268 2402 verum
281 2373 336 2412 quae
348 2352 426 2422 tradita
439 2352 514 2401 litteris
528 2352 616 2401 Graecis
630 2366 697 2408 erant,
710 2374 735 2402 ea
747 2352 822 2402 litteris
836 2352 897 2402 Lati-
913 2363 915 2366 ⁴

106 2429 146 2489 ,nis
161 2428 208 2488 ipse
222 2426 407 2484 ornatissimisque
417 2425 489 2476 verbis
498 2447 524 2476 ac
533 2427 614 2476 iudicio
624 2440 645 2476 et
655 2427 730 2476 ordine
739 2448 780 2476 suo
789 2428 818 2476 ita
828 2427 896 2487 scrip-

69 2554 71 2558 ·
113 2502 141 2549 sit
155 2513 221 2559 atque
233 2499 359 2558 complexus
372 2512 405 2547 est
417 2512 442 2548 ut
455 2519 493 2558 qur
487 2499 584 2548 Latine
597 2500 625 2548 de
638 2500 671 2547 his
684 2500 803 2558 praeceptis
816 2519 871 2559 quae
883 2492 898 2547 a

113 2573 203 2622 Graecis
218 2572 343 2621 doctoribus
359 2572 495 2621 traderentur
511 2573 583 2628 scribi,
599 2572 648 2631 legi,
665 2573 769 2631 disputari
785 2592 849 2642 posse
858 2593 898 2621 ne*

102 2659 193 2706 garent
209 2664 279 2695 errare
291 2665 314 2694 se
327 2644 391 2704 plane
403 2664 428 2694 ac
439 2645 553 2695 manifesto
563 2646 668 2695 viderent
682 2644 746 2705 Nova
756 2646 820 2696 etiam
830 2664 895 2706 quae-

71 2720 99 2770 35
115 2721 186 2770 dam
180 2721 262 2770 mvenit
272 2719 344 2774 verba
355 2732 380 2768 ut
390 2740 428 2778 qur
422 2718 511 2767 Latini
522 2732 593 2767 essent
603 2718 718 2787 commode
723 2731 792 2778 atoue
802 2716 897 2768 dilucide

111 2902 143 2950 35.
162 2902 255 2974 dillucide
271 2901 286 2960 (l
300 2904 358 2958 exp).
