2093 3253
269 168 399 200 scnrrroauu
414 168 539 199 rmusmruu
553 180 567 184 -
580 168 638 199 trusa
651 168 679 198 vr.
853 154 890 198 175

89 275 91 280 ¹
106 306 151 336 rare
170 283 280 332 Ciceronis
298 281 498 340 splendidissimum
515 301 595 338 nomen
611 293 690 339 posset.
709 280 825 328 Fortunata
842 282 890 339 qui-

105 362 155 409 dem
171 357 223 406 haec
234 354 315 404 femina
327 374 378 403 cum
390 353 494 403 beneficio
506 355 562 404 vitae
573 353 710 413 longissimae
721 367 768 402 tum
779 353 836 410 lama
851 377 890 404 no-

69 476 71 478 .
107 433 170 480 minis
184 428 348 479 acexcellentia
362 428 496 475 maritorum.
510 428 586 475 Annos
600 429 653 475 vixit
666 439 709 474 tres
724 446 788 484 supra
802 441 891 476 centurn

107 503 216 553 Terentia.
227 501 318 550 Maritos
328 512 401 549 autem
410 513 453 549 tres
464 501 573 560 quasiper
583 501 660 559 gradus
670 499 777 559 quosdam
786 500 894 560 eloquens

81 581 93 629 5
109 580 150 626 tiae
165 574 265 628 devoluta
277 573 419 632 peritissimos
432 572 513 623 habuit.
527 573 608 632 Nupsit
620 575 715 633 primum
723 572 831 628 Ciceroni,
839 575 891 624 inde

108 648 216 702 Sallustio,
232 659 342 706 postremo
353 644 460 695 Messalae
471 645 574 701 Corvino,
586 646 664 696 oratori
676 646 775 695 omnium
786 649 890 697 memoria

107 742 145 770 sua
160 721 303 769 doctissimo,
657 765 658 768 ,
735 733 737 736 “

149 793 260 842 Habitavit
273 791 387 841 Sallustius
406 790 487 840 Romae
500 792 535 840 illa
553 792 576 840 in
589 792 675 849 regione
692 792 715 840 in
729 812 771 850 qua
783 792 891 851 templum

107 881 138 917 est
152 878 238 915 sanctae
253 865 336 914 Mariae
350 864 372 912 in
387 863 487 913 Minerva
501 878 614 916 vocatum,
623 864 689 913 Hunc
702 865 725 912 in
739 865 798 913 diem
811 886 854 924 qua
868 867 891 914 in

70 944 96 991 10
111 942 176 988 domo
187 939 297 992 habitavit,
308 959 333 985 ea
343 938 422 984 domus
432 937 527 985 Sallustii
538 938 668 985 nominatur.
679 936 728 984 Orti
739 958 826 996 quoque
836 959 891 996 quos

109 1013 167 1067 emit,
190 1024 214 1060 ut
236 1010 287 1065 dixi,
300 1031 312 1058 a
330 1010 385 1059 lulio
407 1008 497 1058 Caesare
509 1010 585 1069 perdiu
598 1029 677 1058 nomen
691 1022 807 1059 tenuerunt
819 1031 891 1061 suum.

108 1086 195 1144 Quippe
215 1085 256 1133 orti
273 1097 324 1132 sunt
341 1083 463 1132 Sallustiani
480 1083 566 1141 longam
579 1084 601 1132 in
617 1096 709 1132 aetatem
722 1103 762 1132 suo
779 1104 790 1131 e
804 1077 894 1133 nomine

107 1157 214 1217 appellati.
230 1157 300 1206 Natus
311 1169 343 1205 est
353 1155 459 1205 Amiterni
476 1156 498 1205 in
509 1155 602 1210 Sabinis,
614 1155 695 1205 Romae
705 1168 777 1221 tamen
787 1156 891 1206 educatus

108 1244 249 1288 mortuusque
264 1250 289 1277 ac
309 1229 406 1288 sepultus
424 1242 464 1276 est‘.
483 1228 558 1276 Annos
577 1229 630 1277 vixit
646 1228 701 1277 duos
717 1228 749 1278 de.
764 1229 812 1277 LX.
830 1229 891 1277 Bello

71 1304 95 1353 15
110 1323 196 1361 nanque
214 1302 326 1360 Iugurtino
341 1313 405 1350 natus
423 1301 515 1359 septimo
532 1314 581 1359 post
598 1300 712 1350 Caesarem
724 1314 824 1351 necatum
835 1322 893 1353 anno

109 1377 151 1425 vita
163 1375 278 1424 defunctus
290 1388 329 1424 est.
668 1435 669 1438 Ἰ

149 1448 237 1496 Maturo
252 1460 324 1495 autern
340 1448 386 1494 iam.
398 1467 423 1494 ac
438 1465 506 1505 prope
521 1460 645 1495 senescente
665 1439 767 1494 Sallustio
782 1460 845 1495 natus
860 1461 893 1495 est

111 1520 139 1568 T.
155 1520 230 1569 Livius
245 1520 367 1569 Paduanus.
383 1519 489 1568 Omnium
504 1522 542 1579 qui
557 1520 665 1569 Romanas
680 1538 713 1568 res
728 1521 788 1578 apud
803 1518 891 1570 Latinos

111 1594 185 1642 litteris
195 1594 331 1642 tradiderunt
339 1606 361 1641 et
370 1594 392 1641 in
401 1593 514 1642 scribenda
523 1594 611 1642 historia
619 1606 671 1642 sunt
679 1593 766 1641 laudem
775 1595 891 1643 maximam

68 1666 95 1714 20
110 1658 200 1714 assecuti
216 1666 262 1714 sine
271 1665 338 1714 dubio
347 1664 389 1713 tuit
397 1666 437 1714 iste
446 1686 497 1714 cum
506 1684 578 1714 rerum
587 1665 735 1724 magnitudine
744 1678 765 1713 et
774 1667 892 1724 copiatum

109 1738 175 1787 lactea
190 1738 284 1797 quadam
302 1739 423 1797 eloquentia
442 1739 549 1798 princeps,
569 1738 638 1787 Hunc
652 1738 780 1797 aborigines
799 1739 837 1799 qui
855 1760 891 1788 eos

108 1811 206 1860 incolunt
214 1811 279 1860 colles
288 1812 326 1871 qui
335 1812 431 1870 primum
440 1811 535 1871 Euganei
544 1826 602 1868 sunt,
611 1832 670 1860 nunc
678 1811 773 1860 Patavini
782 1813 892 1871 proximae

108 1884 200 1932 civitatis
213 1905 225 1932 e
238 1886 326 1933 nomine
338 1884 446 1942 appellati,
460 1905 498 1932 sua
511 1887 533 1933 iu
544 1885 595 1933 uilla
608 1899 683 1934 natum
696 1885 779 1933 dicunt.
791 1885 892 1942 Agrestes

109 1956 198 2014 quidem
209 1956 308 2005 homines
320 1957 355 2005 isti
367 1969 437 2005 aratro
449 1977 474 2005 ac
486 1957 566 2006 vitibus
578 1957 680 2016 putandis
692 1957 736 2005 nati
748 1957 771 2005 id
782 1968 826 2015 pro'
834 1971 892 2006 certo

68 2027 94 2077 25
109 2029 223 2080 affirmant.
238 2030 377 2090 Addequod
393 2031 465 2079 ruinas
480 2032 637 2080 vetustissimae
653 2032 731 2095 domus
751 2031 773 2079 in
789 2052 832 2090 qua
847 2050 893 2080 cre-

109 2100 162 2149 dant
177 2114 253 2150 natum
261 2102 379 2154 ostendunt
387 2115 408 2150 et
417 2103 482 2157 vocis,
492 2122 546 2157 reor,
557 2104 624 2151 secuti
633 2123 712 2151 sonum
721 2102 762 2150 hoc
768 2101 812 2151 isto
820 2123 832 2151 a
841 2102 893 2151 Tito

110 2192 176 2230 quam
191 2174 263 2221 villam
280 2174 354 2222 colunt
371 2175 471 2231 singulari
489 2175 586 2233 quodam
602 2194 642 2233 pro
660 2174 782 2221 honoreac
799 2175 893 2222 nominis

110 2247 213 2295 memoria
223 2248 353 2312 sempiterna
362 2246 463 2296 Titulum
472 2248 601 2308 appellatam
610 2260 695 2308 putant.
707 2248 738 2296 lta
748 2249 813 2303 enim,
824 2268 892 2315 quan·

108 2331 156 2366 tum
164 2339 265 2378 auguror,
275 2322 346 2380 dicere
355 2321 481 2385 didicerunt
487 2322 531 2370 suis
540 2342 552 2369 a
561 2322 666 2381 patribus,
675 2322 713 2379 qui
722 2321 745 2369 id
754 2341 842 2380 quoque
850 2322 893 2369 dici

69 2389 97 2436 30
111 2392 155 2438 suis
169 2412 182 2439 a
197 2394 317 2454 senioribus
333 2394 469 2441 audiverunt.
486 2393 534 2440 Hoc
550 2414 637 2452 nanque
652 2412 690 2450 per
706 2394 792 2450 gradus
799 2406 894 2441 aetatum

109 2464 224 2513 memoriae
237 2465 312 2513 datum
324 2465 475 2525 creditumque
491 2467 551 2525 apud
562 2486 598 2515 eos
610 2487 635 2514 ac
652 2479 755 2525 perpetua
772 2465 830 2514 lama
841 2486 894 2514 con·
916 2471 918 2473 ’

109 2549 217 2585 servatum
224 2550 264 2586 est.
273 2537 378 2587 Martialis
385 2557 443 2593 vero,
450 2540 487 2597 qui
494 2538 584 2597 Coquus
592 2551 624 2587 est
631 2539 759 2596 cognomine
766 2538 893 2597 appellatus,
945 2581 947 2584 .

69 2627 208 2636 Ἢν...-

105 2676 132 2712 32.
146 2677 196 2714 Mart.
211 2678 223 2715 1.
237 2679 265 2715 61.
279 2679 295 2715 3.

69 2754 211 2767 Ἣ-

107 2804 126 2850 9.
143 2807 173 2853 Ex
188 2819 268 2853 vocatur
281 2814 349 2854 statim
362 2826 412 2853 corr.
471 2807 500 2854 10.
515 2809 629 2854 nominatur
641 2816 655 2855 i.
670 2829 696 2861 r.‚·
711 2818 752 2854 erut
770 2809 894 2864 appellatur?

1 2909 2 2912 ,
69 2866 100 2912 22.
115 2871 192 2927 (col)les
202 2880 215 2919 ἰ.
226 2894 252 2927 r.;
263 2884 305 2920 erat
315 2874 380 2920 coles?
436 2875 469 2920 27.
483 2875 578 2929 singulari
591 2895 615 2922 ex
630 2875 750 2932 quo(dam?)
764 2883 831 2922 statim
845 2895 895 2922 corr.

0 2938 4 2990 j
69 2933 102 2979 32.v
116 2936 233 2986 Martialis...
246 2940 304 2986 tellus
318 2949 331 2987 i.
346 2961 370 2987 m.
384 2956 426 2995 sup.
442 2942 487 2987 add.
