2093 3253
418 176 420 179 ’
461 176 683 235 s1cconrs1>0mnrou1
759 182 761 184 ’

201 338 310 377 quaquam
321 318 373 367 civis
388 317 439 366 boni
451 338 500 376 erga
509 331 609 367 senatum
617 331 682 377 atque
692 338 738 367 rem
752 318 862 377 publicam
871 319 910 368 sed
918 321 983 373 animi
1037 346 1044 385 {2³

202 392 273 448 magni
283 404 304 438 et
314 411 425 439 summum
435 392 552 448 imperium
561 392 681 439 affectantis
692 392 759 439 dedit.
770 392 799 439 Se
809 412 896 450 nanque
906 392 983 443 Crasso

201 475 265 522 atque
276 462 385 522 Pompeio,
396 463 433 521 qui
444 463 488 511 duo
498 463 642 521 potentissimi
652 483 677 512 ac
686 464 794 525 principes
804 464 896 512 civitatis
906 480 983 525 essent,

201 536 296 584 amicicia
304 549 325 584 et
332 535 419 585 loedere
426 535 540 594 colligavit,
551 536 628 585 luliam
635 536 701 585 filiam
709 536 812 595 Pompeio
820 556 909 586 uxorem
917 537 984 593 dedit.

175 609 187 657 5
204 607 337 656 Callurniam
354 608 407 666 ipse,
426 607 452 656 L.
469 608 552 656 Pisonis
570 608 664 657 consulis
681 609 786 666 designati
804 608 877 663 filiam,
895 630 984 662 uxorem

201 681 270 729 duxit.
285 680 357 738 Quem
370 680 462 729 habebat
474 680 586 739 collegam,
599 680 633 731 M.
647 681 757 736 Bibulum,
770 682 841 730 virum
853 682 982 740 prudentem

200 774 225 802 ac
240 753 295 803 bene
310 755 337 803 de
352 773 375 802 re
390 753 477 813 publica
491 755 627 810 sentientem,
642 755 773 813 contempsit
787 774 883 813 prorsus.
898 756 983 817 Nempe

201 827 337 876 consulatum
349 827 378 875 ita
391 827 456 885 gessit
468 848 519 875 cum
531 848 557 876 eo
569 841 594 875 ut
606 828 677 876 iocose
690 828 770 876 diceret
782 828 859 886 vulgus
872 828 951 878 Bibulo
963 845 983 881 et

202 899 293 947 Caesare
303 899 431 948 consulibus
439 899 492 947 nihil
503 912 595 957 gestum,
606 900 645 947 sed
656 899 709 947 Caio
719 912 741 947 et
751 899 842 948 Caesare
853 901 920 948 multa
930 921 983 953 esse,

164 974 190 1022 l0
205 972 325 1021 Consulatu
332 991 383 1022 vero
389 970 477 1021 functus
484 972 566 1021 bellum
572 992 623 1021 mox
629 972 745 1028 Gallicum,
757 973 836 1021 deinde
842 973 904 1022 civile
910 976 983 1032 movit,

201 1037 251 1093 turn
261 1047 352 1104 quidem
364 1058 386 1093 et
398 1045 456 1093 ludit
468 1059 490 1094 et
502 1045 585 1103 fugavit
598 1046 733 1103 Pompeium,
747 1039 874 1094 dictatorem
887 1067 909 1095 se
922 1048 982 1104 dixit.

203 1118 322 1178 Imperium
333 1118 427 1176 denique
439 1137 557 1173 summurn,
570 1118 630 1177 quod
641 1118 719 1177 perdiu
730 1117 846 1173 affectaret,
858 1119 956 1178 arripuit.

243 1191 303 1241 Haec
317 1192 345 1241 de
359 1191 518 1250 magistratibus
537 1212 562 1240 ac
576 1190 638 1241 bellis
652 1212 707 1251 quae
726 1191 791 1250 gessit
810 1190 890 1241 Caesar
901 1192 982 1243 absolvi

201 1266 283 1323 paucis.
300 1266 325 1313 ln
340 1265 415 1313 litteris
428 1277 508 1319 autem,
523 1265 583 1326 quod
596 1277 696 1313 nostrum
709 1265 737 1312 ad
751 1266 887 1323 propositum
900 1267 994 1321 attinet,

162 1337 187 1386 15
203 1337 226 1385 in
241 1356 263 1385 re
272 1334 385 1396 presertim
393 1337 484 1385 oratoria
493 1356 518 1385 ac
527 1337 672 1385 memorandis
681 1336 775 1385 historiis
784 1336 983 1395 plurimumssvaluit.
1043 1346 1046 1360 ²

156 1443 160 1473 Υ-
202 1409 282 1459 Causas
292 1411 381 1468 quidem
391 1430 478 1467 magnas
487 1422 553 1473 atque
562 1409 662 1464 illustres,
672 1410 728 1459 adde
737 1409 842 1459 Cicerone
851 1411 983 1467 adversante,
1043 1434 1045 1436 ’

201 1495 225 1530 ut
239 1482 290 1537 dixi,
305 1481 427 1540 complures
442 1482 492 1539 egit.
507 1481 589 1530 Rerum
602 1494 675 1529 autem
689 1501 742 1540 quas
756 1481 813 1530 bello
827 1482 878 1531 binc
892 1482 983 1539 Gallico,

199 1554 251 1602 inde
266 1554 323 1602 civili
337 1574 362 1602 ac
377 1554 510 1612 Pompeiano
525 1554 590 1611 gessit
605 1553 777 1602 Commentarios
793 1554 893 1604 delimate
907 1576 932 1604 ac
947 1577 983 1605 co·

200 1627 260 1684 piose
271 1627 363 1685 scripsit,
376 1626 436 1684 quod
447 1626 488 1674 sibi
500 1646 526 1674 eo
537 1626 586 1684 plus
598 1625 667 1674 laudis
678 1625 776 1674 attribuit
787 1646 832 1685 quo
844 1628 911 1686 magis
922 1628 982 1677 bellis

159 1698 187 1748 20
202 1699 300 1747 maximis
315 1698 432 1758 impeditus
447 1718 521 1747 curam
535 1698 611 1747 litteris
625 1704 651 1760 ac
664 1698 733 1747 rebus
744 1698 863 1748 scribendis
877 1701 984 1753 adhibuit.
1035 1695 1046 1733 ἶ

201 1772 310 1831 Tempore
326 1772 416 1831 quidem
432 1773 598 1832 occupatissimo
613 1785 679 1830 atque
694 1785 743 1820 tum
759 1774 851 1821 maxime
867 1794 918 1822 cum
934 1775 983 1824 belli

201 1844 251 1893 binc
261 1843 347 1900 Gallici,
357 1844 408 1892 inde
418 1843 487 1893 civilis
497 1844 590 1892 maxima
600 1843 750 1903 procuratione
760 1865 785 1893 ac
794 1845 861 1894 totius
871 1844 916 1895 lere
926 1846 983 1895 orbis

200 1931 255 1967 terre
267 1917 421 1977 gubernatione
433 1917 542 1967 districtus
558 1930 620 1973 esset,
632 1937 697 1966 manu
709 1925 754 1973 sua,
763 1918 824 1977 quasi
833 1939 913 1968 vacuus
929 1933 984 1969 esset

200 1993 257 2046 curis
268 2011 293 2038 ac
304 1991 358 2039 liber
369 1991 417 2038 ocio
428 1990 543 2045 frueretur,
555 1992 672 2038 maximam
683 2004 767 2049 partem
778 2009 850 2045 rerum
861 2012 915 2050 quas
926 1993 981 2041 bello

156 2061 186 2112 ι25
202 2083 298 2128 paceque
310 2063 408 2120 gessisset
420 2063 536 2110 memoriae
548 2063 690 2120 sempiternae
702 2062 769 2110 dedit.
782 2062 824 2110 Res
836 2077 887 2111 veto
898 2084 947 2112 suas
959 2084 984 2112 eo
1036 2088 1046 2125 ,j

199 2129 370 2203 animovidetur
383 2138 513 2184 memorasse
525 2148 550 2183 ut
561 2154 636 2183 earum
648 2135 743 2193 cognitio
755 2136 835 2193 peritos
848 2136 948 2201 incitaret
957 2137 984 2185 ad

199 2208 339 2257 scribendum
348 2207 512 2275 hortareturque
521 2208 594 2257 subire
602 2222 657 2257 onus
666 2221 691 2257 ut
699 2229 734 2257 eas
743 2209 856 2267 posteritas
865 2210 951 2269 copiose
959 2230 983 2259 ac

199 2300 249 2343 vere
262 2283 352 2339 scriptas
367 2281 462 2329 haberet.
477 2281 566 2339 Quippe
579 2282 656 2330 avidus
671 2281 714 2330 luit
728 2282 900 2339 gloriaeCaesar
918 2284 983 2342 idque

199 2354 272 2401 studio
289 2354 371 2408 curavit
387 2374 474 2401 summo
490 2366 515 2402 ut
531 2358 587 2402 esset
603 2353 657 2402 nihil
674 2353 702 2402 ab
718 2375 744 2402 eo
761 2356 924 2413 pretermissum
940 2376 983 2415 quo
1036 2399 1047 2420 Υ

158 2427 187 2477 30
201 2427 328 2477 immortalis
343 2426 398 2476 effici
414 2447 438 2476 ac
454 2439 559 2486 perpetuo
575 2427 646 2476 vivere
661 2427 720 2486 apud
736 2427 835 2481 mortales
851 2441 931 2487 posset.
948 2428 983 2477 ln·

199 2500 308 2559 telligebat
321 2500 411 2559 quidem
424 2500 606 2557 prudentissimus
620 2495 720 2558 princeps
733 2501 806 2549 omnia
815 2501 862 2549 'cito
875 2519 983 2551 senescere

199 2566 264 2631 atque
276 2571 357 2621 lamam
369 2592 457 2620 omnem
469 2573 530 2631 quasi
543 2571 629 2621 lumum
642 2592 668 2620 ex
680 2572 795 2621 hominum
807 2573 875 2621 oculis
886 2593 911 2621 ac
924 2592 983 2621 men·

199 2645 258 2694 tibus
271 2664 368 2700 evanere‚
382 2645 404 2693 ni
417 2644 476 2703 apud
489 2658 586 2704 posteros
599 2645 669 2704 ipsam
682 2644 802 2707 litterarum
814 2646 920 2704 praesidia
932 2665 983 2694 con·
1012 2669 1013 2673 ¹
1029 2643 1041 2694 l·

199 2731 315 2766 servarent.
332 2717 381 2766 Hoc
396 2718 455 2766 enim
471 2717 512 2765 sibi
528 2717 659 2777 experientia
674 2717 779 2766 suadebat
794 2736 817 2766 re
832 2717 873 2766 alia
883 2711 947 2776 nulla
962 2736 983 2763 se

157 2791 186 2840 35
201 2779 284 2839 {acilius
297 2812 360 2849 posse
373 2790 400 2838 ab
414 2791 528 2839 bominum
541 2790 649 2839 oblivione
661 2811 686 2848 ac
699 2791 784 2839 silentio
797 2791 906 2840 vindicare
918 2797 983 2849 quam
1035 2793 1044 2810 l

199 2864 216 2910 si
230 2883 285 2921 quae
298 2876 356 2921 gesta
369 2875 440 2910 essent
452 2863 480 2910 ab
492 2883 518 2910 eo
531 2863 606 2910 litteris
619 2863 762 2911 traderentur.
776 2862 883 2911 Futurum
895 2862 983 2921 quidem

199 2937 288 2986 omnino
305 2935 392 2987 videbat
408 2935 504 3007 alioquin
521 2936 581 2995 quod
597 2936 691 2991 virtutis,
708 2935 794 2995 gloriae,
811 2935 917 2986 felicitatis
934 2953 982 2985 suae
1035 2935 1043 2997 ’ξ
