2093 3253
239 145 368 177 scmrronuu
383 144 508 176 rttusrnrun
520 156 535 161 —
549 144 607 175 narn
620 140 673 176 arur.
822 131 861 178 385

76 261 168 317 tratibus
181 260 273 314 civitate,
287 277 424 319 oppressare
437 259 523 319 publica
536 272 610 308 contra
625 258 657 307 las
671 259 757 319 iusque
765 279 790 306 ac
805 258 862 318 leges

23 334 25 338 ’
78 335 174 400 facturus
186 347 238 383 erat.
472 329 474 334 ’

104 399 106 402 V
121 407 203 455 Littere
217 426 305 466 quoque
319 406 348 454 ad
362 405 478 454 Caesarem
488 419 539 454 sunt
549 427 562 454 a
572 405 677 454 Cicerone
688 407 772 459 missae,
783 405 863 464 quibus

19 506 21 508 ¹
80 501 130 529 eum
145 498 283 539 summopere
292 477 430 534 collaudaret,
441 478 503 538 quod
512 492 567 527 esset
577 491 640 537 capto
649 478 747 527 Corfinio
756 477 864 537 (Peligna-

55 557 66 606 5
83 573 132 602 rum
146 552 170 601 id
184 552 276 611 opidum
295 563 328 601 est
347 550 456 600 Sulmoni'
467 550 573 610 vicinum)
593 567 677 600 summa
697 550 823 600 liberalitate
839 571 864 599 ac

81 625 247 675 mansuetudine
259 625 281 673 in
293 637 368 684 captos
380 624 453 674 sedin
466 624 584 674 Lentulum
597 626 725 674 nominatim
736 644 796 674 usus.
814 623 865 673 Erat

81 700 116 746 hic
125 698 231 746 Lentulus
242 697 280 756 qui
289 709 364 746 auctor
373 697 484 746 Ciceronis
493 698 521 746 ab
530 698 594 746 exilio
603 698 717 746 revocandi
726 697 776 746 tuit.
785 697 865 745 Adeas

80 789 132 820 vero
145 769 224 820 Caesar
238 771 268 819 ita
281 769 397 829 rescripsit:
412 785 421 810 r
430 769 456 818 C.
478 769 545 819 lulius
560 770 639 819 Caesar
653 770 770 831 imperator
788 769 826 819 sal.
843 770 865 818 d.

82 844 115 894 M.
132 843 207 893 Tullio
224 842 324 893 Ciceroni
340 843 472 902 imperatori.
489 843 556 893 Recte
571 843 681 902 auguraris
698 844 725 893 de
742 865 777 893 me
801 843 866 902 (bene

43 921 69 970 ll)
84 917 142 966 enim
156 917 196 965 tibi
211 916 310 974 cognitus
325 916 383 974 sum)
399 915 452 965 nihil
467 937 479 964 a
495 937 529 965 me
544 917 618 971 abesse
633 916 717 975 longius
732 915 865 966 crudelitate.

81 990 154 1051 Atque
164 1010 204 1050 ego
214 1009 265 1041 cum
275 1008 301 1039 ex
311 988 358 1049 ipsa
368 1008 391 1038 re
401 1008 502 1048 magnam
511 989 574 1049 capio
583 987 723 1049 voluptatem,
734 1003 782 1039 tum
793 1009 866 1040 meum

81 1064 164 1114 lactum
178 1063 265 1123 probari
273 1062 312 1111 abs
320 1076 342 1111 te
350 1062 462 1122 triumpho
471 1075 492 1111 et
501 1063 591 1122 gaudeo,
601 1083 672 1122 neque
680 1062 734 1112 illud
743 1084 778 1112 me
787 1078 865 1118 movet,

83 1137 143 1196 quod
153 1136 167 1189 ii
178 1136 216 1195 qui
226 1156 239 1184 a
249 1156 284 1183 me
294 1136 377 1184 dimissi
388 1147 439 1184 sunt
449 1135 566 1183 decessisse
576 1154 599 1183 se
609 1135 685 1203 dicunt
694 1148 719 1184 ut
730 1135 782 1184 mibi
793 1154 867 1198 rursus

83 1208 165 1257 bellum
175 1206 281 1258 inierant·
292 1206 354 1257 Nihil
366 1202 425 1257 enim
437 1206 494 1256 malo
506 1228 572 1267 quam
584 1220 605 1256 et
617 1229 652 1257 me
663 1209 706 1257 mei
717 1207 810 1258 similem
822 1228 868 1257 esse

45 1285 69 1334 l5
84 1296 106 1330 et
120 1281 168 1331 illos
179 1281 220 1330 sui.
231 1280 268 1330 Tu
278 1281 343 1330 velim
353 1281 382 1329 ad
391 1280 469 1330 urbem
479 1294 552 1340 presto
562 1280 598 1336 sis,
610 1294 634 1330 ut
645 1281 688 1330 tuis
698 1280 793 1330 consiliis
803 1278 868 1341 atque

84 1354 170 1413 opibus,
185 1367 209 1403 ut
224 1353 333 1408 consuevi,
345 1355 368 1402 in
379 1353 481 1402 omnibus
493 1353 557 1403 rebus
568 1366 624 1402 utar.
635 1353 694 1402 Vale.
705 1371 714 1394 t>
725 1354 808 1412 Magno
819 1355 868 1413 qui-

85 1428 136 1475 dem
150 1426 262 1476 exanimo
275 1424 384 1485 proiectae
396 1426 437 1475 hae
449 1425 533 1475 litterae
545 1426 682 1475 videbantur.
696 1427 741 1475 Sed
753 1425 807 1475 illud
819 1447 868 1486 per-

86 1499 178 1549 maxime
194 1499 289 1549 turbavit
306 1498 441 1554 Ciceronem,
453 1500 513 1558 quod
524 1499 602 1549 Caesar
620 1499 788 1560 haudquaquam
804 1520 869 1559 opem

86 1594 147 1621 suam
161 1573 193 1621 uti
208 1572 355 1631 superioribus
364 1571 440 1620 litteris
451 1573 489 1620 sed
498 1586 572 1631 aperte
581 1573 624 1621 iam
633 1593 685 1631 opes
695 1594 744 1621 suas
753 1586 869 1630 expeteret.

45 1648 73 1694 20
130 1645 165 1693 De
179 1644 283 1703 Pompeio
297 1657 370 1692 autem
382 1657 501 1703 senatuque
512 1644 714 1699 accivibus-bonis,
727 1644 787 1704 quod
799 1644 869 1694 Brun¹

86 1718 142 1767 dusii
157 1718 238 1766 interea
252 1717 333 1766 obsessi
348 1738 361 1765 a
376 1717 466 1766 Caesare
489 1730 624 1777 urgerentur,
640 1730 661 1766 et
680 1716 787 1776 cogitabat
802 1730 824 1766 et
837 1718 870 1767 al-

86 1791 173 1849 fligebat
187 1810 210 1838 se
221 1790 298 1838 Cicero
307 1809 377 1848 saepe,
388 1809 447 1838 nunc
457 1790 532 1838 dolens
542 1810 568 1839 se
575 1810 620 1839 non
629 1810 676 1840 esse
691 1811 742 1841 cum
756 1793 794 1847 eis,
811 1794 871 1852 quod

86 1863 137 1911 fidei
152 1883 203 1912 suae
217 1883 242 1911 ac
257 1862 366 1920 dignitatis
381 1883 425 1911 non
438 1883 485 1911 esse
501 1875 586 1922 putaret
600 1883 623 1912 se
636 1862 736 1914 fortunae
749 1877 771 1913 et
785 1864 871 1914 calami·

86 1937 136 1990 tatis
151 1935 197 1984 eius
212 1948 322 1993 expertem
334 1955 381 1983 esse
393 1955 465 1994 quam,
473 1949 505 1984 tot
526 1937 625 1994 tantique
637 1937 676 1985 viri
690 1938 801 1986 clarissimi
814 1938 871 1987 cives

47 2009 74 2058 25
89 2021 110 2056 et
124 2008 176 2057 boni
191 2007 254 2057 amici
264 2026 302 2066 per
311 2007 356 2057 vim
365 2021 387 2057 et
396 2007 496 2058 iniuriam
506 2027 546 2068 pro
556 2021 612 2058 statu
622 2022 643 2058 et
652 2008 750 2061 libertate
759 2010 790 2059 rei
799 2010 872 2070 publiss

87 2103 125 2131 cae
140 2095 271 2142 paterentur,
288 2102 346 2131 nunc
362 2103 437 2133 secum
453 2083 597 2142 ingemiscens
614 2085 674 2143 quod
689 2086 773 2134 audiret
789 2086 816 2134 de
831 2085 872 2134 illis

67 2203 69 2206 ,
88 2169 161 2213 actum
176 2176 222 2203 esse
237 2175 277 2203 nec
288 2175 351 2212 posse
363 2156 421 2212 ipsos
433 2156 455 2202 ni
467 2168 505 2202 aut
517 2157 604 2203 maximi
616 2170 638 2203 et
649 2159 726 2214 optimi
738 2159 772 2205 dei
784 2178 825 2216 ope
836 2172 873 2206 aut

89 2226 185 2290 Caesaris
200 2226 346 2276 misericordia
365 2225 458 2276 liberari.
477 2227 563 2282 Auxilia
582 2228 672 2288 quidem
690 2229 721 2286 ad
737 2250 774 2279 eos
789 2230 873 2280 mittere

89 2300 190 2357 cogitavit
207 2320 277 2357 saepe.
295 2300 340 2348 Sed
356 2300 411 2349 illud
427 2300 617 2360 prohibuitquod
633 2315 743 2350 terrestres
761 2322 835 2351 omnes
852 2316 874 2351 et

48 2372 76 2420 30
90 2372 162 2421 aditus
177 2386 198 2421 et
212 2373 257 2422 vias
271 2373 339 2421 teneri
349 2373 404 2421 adeo
414 2372 497 2421 clausos
508 2386 529 2421 et
539 2374 643 2422 custodiri
653 2375 734 2431 passim
743 2373 798 2429 valo,
809 2374 874 2430 fossa,

89 2442 174 2500 vigiliis,
189 2444 285 2493 exercitu
299 2444 400 2493 audiebat
416 2445 478 2503 quod
492 2466 566 2504 neque
582 2446 654 2504 egredi
665 2467 705 2495 nec
715 2446 798 2505 ingredi
815 2447 875 2506 quis-

91 2535 157 2573 quam
171 2529 251 2575 posset.
267 2514 346 2576 Neque
358 2536 409 2566 vero
424 2517 612 2578 demunicipibus
631 2519 660 2567 ita
681 2519 802 2569 confidebat
815 2521 875 2579 quod

91 2608 127 2636 eos
142 2590 256 2648 presertim
275 2588 372 2649 Pompeii
392 2589 509 2655 auxiliandi
530 2612 601 2646 causa,
622 2613 686 2651 opem
706 2592 723 2641 si
744 2592 875 2652 imploraret,

92 2661 179 2709 daturos
194 2662 260 2722 ullam
273 2675 294 2709 et
306 2681 418 2711 mansuros
431 2663 509 2710 infide
522 2676 613 2721 putaret.

52 2752 194 2764 ⁸⁶·-·—-e-—-

99 2796 116 2832 8.
128 2796 164 2833 Cic.
176 2797 213 2834 Art.
226 2797 255 2835 IX.
271 2796 297 2833 16.
310 2796 347 2833 2-3.

109 2878 138 2961 ll.
153 2933 243 2961 messer.
297 2913 330 2959 24.
345 2916 398 2972 vilri)
415 2920 426 2960 ἰ.
442 2934 457 2960 r.
512 2916 545 2963 30.
559 2918 598 2962 Pro
612 2916 669 2963 vallo.

87 3067 108 3104 25
