2093 3253
230 163 359 195 SCRIPTORUM
373 164 498 197 ILLUSTRIUM
506 176 521 180 -
534 165 592 195 LIBER
606 164 641 194 ΧΠ.
810 149 848 195 335

62 298 179 340 quaquam,
194 289 219 326 ut
227 277 265 332 illi,
274 296 320 326 rem
327 297 405 326 vanam
413 297 459 326 esse
467 279 507 327 sed
514 278 659 342 periculosam
667 277 850 336 metuendamque

63 351 175 411 putabant.
190 349 238 407 lpse
250 367 301 398 vero
313 360 440 407 monetque
452 350 499 409 ipso
511 342 619 409 principio
631 351 772 408 adoptionem
783 349 849 404 illam,

63 423 178 473 transitum
192 421 220 469 ad
235 420 328 480 plebem,
347 421 475 480 petitionem
492 422 614 472 tribunatus
632 422 695 481 quasi
713 421 796 471 nubem
812 442 849 470 ve·
906 424 907 427 ’

17 514 19 517 ⁴
64 498 159 546 nientem
176 494 323 554 elonginquo
340 495 473 554 prospiciens
490 496 594 545 intellexit
610 496 710 546 luturum
726 508 751 545 ut
767 515 823 554 quae
838 516 851 544 a

39 574 50 621 5
67 569 145 617 Clodio
160 568 313 621 tractabantur,
331 588 355 614 ea
372 588 433 615 suam
449 568 478 615 ad
494 569 612 626 perniciem
628 570 701 616 omnia
717 569 850 616 devenirent.

63 639 170 690 Praevidit
185 640 244 688 enim
259 658 364 698 quorsum
378 640 482 688 tendebat
495 641 591 700 adoptio,
607 660 712 700 quorsum
726 641 850 689 tribunatus

64 715 146 773 petitio,
162 732 268 771 quorsum
282 712 317 760 illa
332 713 446 762 consulum
461 726 482 762 et
496 715 578 762 tribuni
598 714 731 762 coniunctio.
746 713 791 762 Sed
806 714 850 772 prin

64 806 125 835 mum
139 798 205 843 atque
220 786 273 833 dum
286 785 327 833 sibi
340 798 413 833 tutum
425 805 472 833 esse
485 786 575 843 putavit,
588 787 650 844 quasi
664 787 733 834 minas
746 784 850 843 penderet

64 859 131 919 parvi,
137 871 158 907 et
167 858 189 906 in
198 857 246 906 loro
254 870 275 906 et
283 858 306 906 in
314 859 373 906 curia
383 857 450 906 libere
460 857 585 907 obversatus
592 872 631 907 est.
639 858 683 907 Ubi
689 878 741 907 vero
747 857 851 907 Clodium

28 936 52 985 10
66 931 162 981 creatum
170 950 217 979 sese
224 930 338 979 tribunum
347 930 416 989 plebis
425 943 446 979 et
452 931 574 990 potentiam
582 932 628 980 eius
637 931 713 980 dietim
720 931 793 989 augeri
801 950 850 990 per-

64 1006 128 1063 cepit,
135 997 187 1052 mox·
196 1024 242 1051 sese
252 1016 277 1051 ut
287 1003 381 1052 invidiae
390 1024 416 1051 ac
424 1003 525 1062 periculis
535 1004 628 1058 cederet,
634 1004 694 1051 omni
702 1023 714 1050 a
723 1022 812 1051 munere
821 1004 851 1051 rei

65 1077 164 1135 publicae
170 1076 237 1132 magis
242 1089 308 1134 atque
314 1076 498 1134 magisabstinuit.
506 1077 531 1124 ln
536 1075 584 1123 loro
589 1089 663 1124 autem
668 1076 750 1124 diutius
755 1089 852 1124 versatus

65 1161 197 1206 estatqueut
203 1148 263 1207 prius
269 1167 343 1196 causas
349 1147 399 1205 egit,
406 1148 466 1206 quod
472 1148 554 1196 vider'et
560 1142 635 1196 idesse
641 1148 713 1215 minus
719 1148 852 1196 invidiosum

65 1242 132 1280 seque
139 1220 223 1280 placere
231 1221 304 1270 multis
312 1240 337 1270 ac
344 1222 447 1279 prodesse
455 1221 600 1280 illisquieius.
605 1216 725 1279 patrocinio
732 1234 851 1271 uterentur.

29 1297 52 1345 15
111 1295 194 1342 Interea
209 1311 260 1341 vero
274 1294 394 1341 amicorum
409 1294 431 1341 in
446 1313 470 1341 se
484 1312 562 1350 augere
577 1293 648 1341 studia
663 1306 760 1348 conatus,
776 1293 852 1351 impri-

66 1368 107 1416 mis
119 1366 229 1416 labantem
241 1368 284 1415 iam
297 1385 346 1423 erga
359 1386 382 1415 se
395 1365 492 1424 Pompeii
505 1366 604 1415 animum
617 1365 734 1414 reformare
747 1385 852 1424 suamque

66 1441 88 1489 in
102 1438 243 1495 voluntatem,
259 1453 283 1489 ut
298 1438 339 1488 sibi
352 1452 389 1488 aut
402 1437 467 1488 lerret
480 1459 544 1498 opem
556 1452 594 1488 aut
606 1438 683 1489 saltem
696 1451 740 1489 non
752 1440 852 1488 adversa-

66 1527 131 1568 retur,
138 1513 245 1561 adducere
254 1512 344 1561 studuit.
353 1512 445 1561 Putabat
455 1513 515 1561 enim
523 1512 600 1560 Cicero
608 1513 659 1560 satis
670 1511 723 1567 lore,
735 1513 753 1560 si
763 1531 851 1571 prorsus

66 1586 203 1633 defensorem
218 1586 297 1633 babere
310 1606 354 1633 non
367 1599 447 1642 posset,
461 1584 523 1633 illum
536 1585 612 1633 saltem
626 1606 670 1633 non
678 1586 853 1643 impugnatorem

28 1659 54 1706 20
69 1657 155 1706 habere.
171 1656 382 1715 Magnumquidem
395 1668 448 1705 tunc
462 1656 559 1718 Pompeii
574 1675 654 1704 nomen
672 1669 738 1715 atque
756 1657 861 1716 potentia

67 1743 111 1778 erat
122 1731 149 1778 in
163 1730 217 1779 urbe
228 1731 257 1779 ob
268 1748 302 1778 res
312 1750 364 1778 curn
375 1730 480 1787 superiori
490 1742 589 1788 ternpore
598 1742 647 1778 tum
658 1731 739 1778 recenti
749 1730 772 1778 in
779 1730 852 1778 Mitri-

24 1846 25 1849 ,
67 1803 140 1850 datem
154 1802 211 1850 bello
226 1816 303 1860 gestas.
314 1802 396 1850 Eorum
406 1803 629 1860 nanqueiamiciciam,
639 1822 696 1859 quae
706 1822 783 1858 magna
792 1802 853 1850 vide-

67 1874 130 1923 batur
139 1894 164 1922 ac
174 1888 235 1923 vetus
246 1887 297 1929 erat,
307 1874 362 1923 adeo
372 1886 512 1923 extenuarant
522 1873 616 1923 malivoli
626 1874 718 1922 serendo
728 1873 778 1922 binc
787 1886 853 1931 atque

67 1947 118 1995 inde
132 1945 195 1996 lalsas
206 1946 250 1995 odii
260 1967 285 1995 ac
296 1946 423 1995 inimiciciae
433 1967 507 1995 causas
518 1960 542 1994 ut
552 1946 616 1994 tacite
626 1946 749 2006 suspicione
759 1946 854 2006 quadam

29 2020 54 2067 25
70 2021 172 2077 utrinque
181 2032 227 2067 orta
236 2033 312 2070 neuter
320 2019 380 2067 alteri
390 2020 508 2077 quicquam
517 2019 560 2067 fide
569 2019 619 2066 satis
629 2019 712 2076 integra
720 2019 854 2067 credendum

68 2112 114 2141 esse
129 2105 221 2151 putaret.

67 2180 68 2183 ’
95 2166 159 2224 Egit
174 2177 262 2225 quoque
277 2185 315 2224 per
329 2166 410 2215 amicos
431 2165 508 2214 Cicero
528 2179 553 2214 ut
573 2165 668 2232 legatum
688 2185 711 2214 se
732 2166 810 2215 Caesar
831 2167 853 2215 in

42 2275 43 2278 η
69 2238 163 2288 Galliam
177 2237 313 2298 prolecturus
324 2238 447 2293 adduceret,
459 2252 517 2288 ratus
528 2237 628 2287 Clodiani
638 2238 761 2288 tribunatus
771 2259 853 2287 annum

10 2365 11 2369 Ἰ
68 2309 165 2359 lrustrari
181 2311 220 2359 bac
235 2311 341 2369 legatione
352 2330 423 2369 posse.
435 2310 521 2359 Caesari
533 2310 623 2368 quidem
635 2310 658 2358 id
669 2321 793 2367 pergratum
804 2310 853 2364 luit,

30 2379 56 2429 30
70 2383 131 2441 quod
144 2382 253 2443 affectaret
268 2404 335 2442 quarn
350 2382 442 2431 maxime
456 2403 526 2431 unum
537 2383 594 2431 hunc
605 2383 676 2432 virum
685 2395 723 2431 aut
733 2402 756 2430 se
765 2381 854 2431 absente

69 2476 113 2503 non
128 2474 238 2504 remanere
252 2456 275 2504 in
290 2456 344 2504 urbe
357 2469 394 2504 aut
408 2455 449 2505 sibi
464 2455 535 2504 officio
548 2475 660 2514 quoquam
674 2456 807 2513 obstringere
820 2474 854 2504 re·

68 2527 250 2585 conciliatumque
269 2540 291 2575 et
309 2528 404 2575 amicum
424 2527 509 2582 babere,
530 2547 564 2581 ne,
578 2547 635 2575 cum
653 2527 744 2582 abesset,
764 2539 853 2576 conatus

69 2619 126 2655 suos,
142 2614 166 2649 ut
181 2600 320 2650 soleret'cum
337 2614 393 2651 esset
410 2621 518 2659 praesens,
530 2597 553 2649 in
569 2620 591 2649 re
606 2600 694 2658 publica
712 2614 854 2658 oppugnaret.

69 2672 157 2722 Abierat
172 2674 231 2722 enim
246 2673 326 2722 interea
336 2673 450 2722 consulatu
460 2673 538 2721 Caesar
549 2686 570 2721 et
581 2672 717 2731 prolecturus
728 2674 750 2721 in
761 2673 855 2721 Galliam
869 2720 871 2722 ,

31 2740 56 2789 35
71 2764 116 2792 non
131 2744 198 2803 magis
214 2764 269 2803 quae
288 2744 340 2793 loris
360 2745 480 2803 gerendum
498 2744 527 2793 ad
546 2744 628 2793 bellum
647 2757 718 2793 essent
738 2746 855 2793 necessaria

35 2851 171 2864 *Q—

68 2920 100 2966 33.
115 2923 256 2976 oppugnaret)
270 2929 284 2967 i.
300 2940 322 2973 r.;
337 2931 379 2966 erat
393 2933 518 2975 repugnaret.
