2093 3253
141 602 252 652 Siceours
268 601 402 652 Potaurom
420 599 490 651 Lrntn
505 600 657 652 Scaurorum
674 601 815 653 lmusrmuu

114 676 216 725 Larum
232 674 338 724 Lruouru
352 672 453 724 Tsnrrus
468 672 728 727 Exnrcnn1ne1121r
743 674 852 733 Qumrus

263 762 293 797 ar>
308 745 397 797 Frtruru
412 745 559 810 Potruonun
575 745 695 796 Ftucrrun

153 990 278 1049 Philosophi
288 990 379 1048 antiqui.
389 1007 463 1047 graves
473 1009 524 1039 sane
532 1010 557 1039 ac
567 991 625 1040 docti
634 990 682 1044 viri,
692 989 730 1047 qui
740 1007 812 1037 rerum
821 1005 895 1037 causas

112 1065 280 1122 varietatemque
294 1063 430 1121 perquirunt,
445 1062 551 1121 Polydore
566 1065 596 1112 mi
611 1063 736 1124 suavissime
750 1061 788 1116 fili,
803 1061 896 1111 hanein

112 1136 241 1184 sententiam
251 1132 349 1188 veniunt,
360 1134 502 1193 dispositione
513 1135 609 1184 siderum
619 1135 666 1184 fieri
676 1147 701 1184 ut
711 1125 897 1192 quemadmodum

115 1209 203 1269 frugum
214 1208 244 1256 ita
256 1208 395 1267 ingeniorum
407 1228 466 1256 nunc
479 1206 612 1257 fertilitatem
625 1207 735 1268 quandam
747 1206 897 1275 etbmaximam
944 1210 946 1213 ’

87 1284 100 1333 5
115 1283 208 1341 copiam,
222 1302 282 1330 nunc
289 1280 423 1331 sterilitatem
431 1301 540 1330 summam
547 1302 593 1331 esse
601 1295 667 1340 atque
674 1282 771 1339 inopiam
778 1280 898 1330 videamus.

114 1354 172 1402 Huic
184 1353 215 1401 rei
228 1365 382 1415 argumentum
394 1372 419 1402 ac
432 1353 499 1402 fidem
512 1354 601 1412 praebet
614 1351 674 1412 quod
687 1351 802 1408 manifesto
814 1364 899 1400 constet

115 1426 239 1476 Hebraeum
248 1426 363 1485 populum,
374 1426 412 1485 qui
422 1425 489 1476 deum
497 1426 550 1477 caeli
559 1426 689 1478 altissimum
697 1425 772 1482 coluit,
782 1423 898 1485 prophetas

115 1499 224 1549 interdum
237 1499 368 1559 complures,
382 1499 493 1549 interdum
506 1498 591 1549 nullum
604 1500 691 1563 penitus
705 1499 812 1549 habuisse.
826 1499 899 1559 Atque

115 1572 169 1621 illud
179 1572 230 1621 satis
238 1572 307 1631 liquet
318 1572 379 1631 quod
393 1571 483 1622 Graecia
496 1593 608 1627 summum
621 1572 729 1622 Horemae
744 1573 831 1636 copiam
842 1574 900 1632 peri·

79 1646 105 1695 ll>
119 1658 192 1695 torum
200 1644 369 1704 haudquaquam
378 1664 463 1704 semper
471 1645 509 1694 sed
517 1645 647 1695 nominatim
652 1645 746 1704 Philippi
754 1658 776 1694 et
784 1645 900 1707 Alexandri

116 1716 250 1777 temporibus
263 1716 346 1769 hahuit.
359 1716 445 1767 Deinde
457 1736 508 1767 vero
519 1738 551 1772 eo
558 1717 645 1778 delapsa
656 1731 689 1767 est
700 1730 725 1767 ut
737 1737 793 1777 quae
804 1717 900 1777 philoso-

116 1790 186 1850 phiae.
202 1812 257 1851 quae
268 1791 412 1852 eloquentiae,
424 1812 480 1852 quae
491 1792 591 1841 omnium
601 1792 784 1842 doctrinarumse
794 1792 901 1841 nutricem
978 1847 979 1850 Ἰ

116 1866 183 1922 atque
195 1877 308 1923 parentem
320 1876 390 1918 vocat,
403 1885 429 1912 ea
442 1865 520 1913 deinde
533 1865 596 1913 annis
610 1865 684 1913 multis
696 1884 722 1912 ae
734 1865 848 1922 presertim
860 1864 902 1912 hoc
978 1861 979 1865 ¹

117 1948 215 1997 tempore
231 1937 290 1987 nuda
306 1957 353 1987 esse
370 1936 474 1987 doctrinis
490 1956 515 1986 ac
531 1955 600 1997 prope
617 1954 688 1998 carere
705 1937 781 1987 litteris
797 1936 902 1986 videatur.

79 2010 104 2059 l5
121 2010 181 2060 ltalia
190 2031 280 2071 quoque
290 2011 308 2061 si
319 2029 429 2061 recensere
439 2011 490 2061 velit
500 2012 581 2070 peritos
592 2031 667 2061 omnes
678 2012 716 2071 qui
726 2023 763 2060 aut
775 2011 856 2073 Rornae
865 2023 903 2059 aut

118 2103 210 2142 usquam
225 2085 300 2133 Siculo
314 2105 327 2133 a
337 2083 393 2134 freto
404 2097 488 2134 nostras
498 2104 568 2143 usque
578 2085 607 2133 ad
617 2084 691 2144 Alpes,
703 2105 759 2144 quae
768 2084 904 2134 Alemuniam

118 2155 146 2203 ab
163 2156 222 2206 ltalia
237 2157 350 2211 dirimunt,
369 2157 429 2216 digni
448 2157 551 2206 memoria
569 2158 693 2213 extiterunt,
711 2158 806 2206 inveniet
824 2177 904 2216 paucos

118 2227 160 2276 alio
174 2242 273 2288 tempore
284 2250 351 2290 quam
361 2230 448 2279 Punicis
458 2250 473 2285 av
482 2229 543 2279 bellis
555 2230 636 2289 primos
647 2230 675 2279 ad
687 2229 788 2280 Caesares
799 2230 904 2279 floruisse.

120 2300 208 2362 Quippe
224 2302 300 2353 habuit
315 2316 373 2353 aetas
389 2303 424 2352 illa
441 2303 501 2361 (anni
517 2324 561 2352 non
583 2302 646 2352 multi
661 2322 727 2364 supra
747 2302 787 2352 CC
807 2302 905 2360 luerunt)

80 2374 108 2423 20
123 2376 228 2435 quicquid
238 2389 271 2427 est
282 2377 370 2427 luminis
381 2390 403 2428 et
414 2377 480 2427 studii
491 2376 646 2427 doctrinarum.
657 2375 718 2427 Tum
728 2377 818 2437 quidem
828 2376 905 2432 Roma,

120 2468 176 2507 quae
185 2469 229 2499 una
238 2443 295 2499 esset
305 2450 328 2499 in
338 2451 401 2498 terris
411 2449 517 2500 virtutum
527 2450 606 2499 domus
616 2470 641 2499 ac
652 2463 726 2506 mater,
737 2469 803 2509 quam
813 2450 906 2499 maxime

121 2520 197 2570 claruit
205 2535 227 2570 et
235 2522 327 2582 imperio
336 2536 358 2572 et
366 2523 477 2588 doctrinis,
489 2523 549 2581 quod
556 2524 607 2571 hinc
618 2524 708 2571 devictis
719 2524 782 2572 Petris
790 2524 907 2572 metuenda

121 2592 162 2642 sibi
176 2594 240 2645 nulla
249 2595 348 2653 gentium
361 2609 489 2655 superesset,
503 2597 554 2644 inde
567 2597 659 2645 civitatis
673 2596 783 2655 opulentia
795 2609 861 2656 atque
874 2593 906 2643 le·
924 2589 925 2593 ¹

121 2665 189 2717 licitas
198 2668 318 2718 honoribus
327 2688 352 2718 ac
361 2670 450 2728 premiis
459 2669 654 2728 excitaret'ingenia
663 2670 691 2718 ad
700 2669 771 2718 studia
780 2668 907 2724 litterarum,

82 2737 109 2786 25
124 2751 149 2787 ut
162 2740 220 2788 viros
234 2742 297 2790 sicuti
310 2741 377 2789 fortes
389 2742 417 2789 ad
429 2741 511 2790 bellum
523 2754 545 2789 et
557 2760 623 2796 arma,
636 2743 666 2789 ita
678 2742 754 2790 doctos
766 2754 788 2789 et
796 2740 907 2799 'sapientes

82 2838 223 2846 w„-

85 2950 105 2996 ἃ,
138 2887 167 2934 16.
181 2887 305 2935 Alemaniam
319 2896 333 2934 i.
346 2908 373 2941 r.;
386 2898 429 2935 erat
444 2889 586 2936 Germaniam?
645 2889 675 2935 17Δ
687 2889 783 2936 dirimunt
796 2896 810 2936 ί,
825 2909 853 2942 r.,·
865 2900 919 2951 erut*

100 2966 165 3000 mmrt
