<?xml version="1.0" encoding="UTF-8"?>
<!DOCTYPE html PUBLIC "-//W3C//DTD XHTML 1.0 Transitional//EN"
    "http://www.w3.org/TR/xhtml1/DTD/xhtml1-transitional.dtd">
<html xmlns="http://www.w3.org/1999/xhtml" xml:lang="en" lang="en">
 <head>
  <title>
</title>
<meta http-equiv="Content-Type" content="text/html;charset=utf-8" />
  <meta name='ocr-system' content='tesseract 3.04.00' />
  <meta name='ocr-capabilities' content='ocr_page ocr_carea ocr_par ocr_line ocrx_word'/>
</head>
<body>
  <div class='ocr_page' id='page_1' title='image "MN40033ucmf_2_0085.png"; bbox 0 0 2093 3253; ppageno 0'>
   <div class='ocr_carea' id='block_1_1' title="bbox 267 150 881 196">
    <p class='ocr_par' dir='ltr' id='par_1_1' title="bbox 267 150 881 196">
     <span class='ocr_line' id='line_1_1' title="bbox 267 150 881 196; baseline 0.003 -2"><span class='ocrx_word' id='word_1_1' title='bbox 267 162 398 194; x_wconf 77' lang='lat' dir='ltr'><strong>SCRIPTORUM</strong></span> <span class='ocrx_word' id='word_1_2' title='bbox 412 162 539 194; x_wconf 82' lang='lat' dir='ltr'><strong>lLLUSTRlUM</strong></span> <span class='ocrx_word' id='word_1_3' title='bbox 551 173 566 180; x_wconf 78' lang='grc'>-</span> <span class='ocrx_word' id='word_1_4' title='bbox 580 162 638 193; x_wconf 73' lang='lat' dir='ltr'><strong>itata</strong></span> <span class='ocrx_word' id='word_1_5' title='bbox 652 163 666 193; x_wconf 92' lang='lat' dir='ltr'><strong>l.</strong></span> <span class='ocrx_word' id='word_1_6' title='bbox 858 150 881 196; x_wconf 75' lang='grc'><strong>15</strong></span> 
     </span>
    </p>
   </div>
   <div class='ocr_carea' id='block_1_2' title="bbox 44 276 919 2593">
    <p class='ocr_par' dir='ltr' id='par_1_2' title="bbox 95 276 884 337">
     <span class='ocr_line' id='line_1_2' title="bbox 95 276 884 337; baseline -0.001 -9"><span class='ocrx_word' id='word_1_7' title='bbox 95 278 217 328; x_wconf 72' lang='lat' dir='ltr'><strong>venissem</strong></span> <span class='ocrx_word' id='word_1_8' title='bbox 233 277 318 336; x_wconf 83' lang='lat' dir='ltr'><strong>Syriam</strong></span> <span class='ocrx_word' id='word_1_9' title='bbox 334 277 411 327; x_wconf 87' lang='lat' dir='ltr'><strong>Danao</strong></span> <span class='ocrx_word' id='word_1_10' title='bbox 427 290 530 335; x_wconf 77' lang='lat' dir='ltr'>regnante</span> <span class='ocrx_word' id='word_1_11' title='bbox 545 277 639 335; x_wconf 78' lang='lat' dir='ltr'><strong>Argivis,</strong></span> <span class='ocrx_word' id='word_1_12' title='bbox 655 291 676 326; x_wconf 89' lang='lat' dir='ltr'><strong>et</strong></span> <span class='ocrx_word' id='word_1_13' title='bbox 691 277 751 336; x_wconf 82' lang='lat' dir='ltr'><strong>apud</strong></span> <span class='ocrx_word' id='word_1_14' title='bbox 765 276 851 337; x_wconf 86' lang='lat' dir='ltr'>Tyrum</span> <span class='ocrx_word' id='word_1_15' title='bbox 862 290 884 327; x_wconf 90' lang='lat' dir='ltr'><strong>et</strong></span> 
     </span>
    </p>

    <p class='ocr_par' dir='ltr' id='par_1_3' title="bbox 68 349 884 410">
     <span class='ocr_line' id='line_1_3' title="bbox 68 349 884 410; baseline -0.006 -7"><span class='ocrx_word' id='word_1_16' title='bbox 68 401 70 403; x_wconf 87' lang='lat'>.</span> <span class='ocrx_word' id='word_1_17' title='bbox 93 351 201 402; x_wconf 66' lang='lat' dir='ltr'><strong>,Sidonem</strong></span> <span class='ocrx_word' id='word_1_18' title='bbox 216 352 341 409; x_wconf 63' lang='lat' dir='ltr'><strong>imperasse</strong></span> <span class='ocrx_word' id='word_1_19' title='bbox 355 350 520 410; x_wconf 75' lang='lat' dir='ltr'><strong>litterarumque</strong></span> <span class='ocrx_word' id='word_1_20' title='bbox 534 350 667 401; x_wconf 78' lang='lat' dir='ltr'>characteres</span> <span class='ocrx_word' id='word_1_21' title='bbox 682 351 778 409; x_wconf 90' lang='lat' dir='ltr'><strong>primum</strong></span> <span class='ocrx_word' id='word_1_22' title='bbox 792 349 884 399; x_wconf 86' lang='lat' dir='ltr'><strong>rudibus</strong></span> 
     </span>
    </p>

    <p class='ocr_par' dir='ltr' id='par_1_4' title="bbox 44 422 884 551">
     <span class='ocr_line' id='line_1_4' title="bbox 96 422 884 481; baseline -0.003 -9"><span class='ocrx_word' id='word_1_23' title='bbox 96 423 137 472; x_wconf 89' lang='lat' dir='ltr'><strong>illis</strong></span> <span class='ocrx_word' id='word_1_24' title='bbox 153 423 248 481; x_wconf 85' lang='lat' dir='ltr'><strong>populis,</strong></span> <span class='ocrx_word' id='word_1_25' title='bbox 263 424 374 481; x_wconf 86' lang='lat' dir='ltr'><strong>quisunt,</strong></span> <span class='ocrx_word' id='word_1_26' title='bbox 389 442 444 477; x_wconf 88' lang='lat' dir='ltr'><strong>reor,</strong></span> <span class='ocrx_word' id='word_1_27' title='bbox 459 422 487 472; x_wconf 87' lang='lat' dir='ltr'><strong>ab</strong></span> <span class='ocrx_word' id='word_1_28' title='bbox 501 444 527 471; x_wconf 93' lang='lat' dir='ltr'><strong>eo</strong></span> <span class='ocrx_word' id='word_1_29' title='bbox 540 422 660 470; x_wconf 83' lang='lat' dir='ltr'>Phoenices</span> <span class='ocrx_word' id='word_1_30' title='bbox 673 422 783 481; x_wconf 87' lang='lat' dir='ltr'><strong>appellati,</strong></span> <span class='ocrx_word' id='word_1_31' title='bbox 798 422 884 470; x_wconf 77' lang='lat' dir='ltr'>dedisse</span> 
     </span>
     <span class='ocr_line' id='line_1_5' title="bbox 44 496 272 551; baseline -0.031 0"><span class='ocrx_word' id='word_1_32' title='bbox 44 545 46 551; x_wconf 80' lang='grc'>,</span> <span class='ocrx_word' id='word_1_33' title='bbox 88 496 168 548; x_wconf 84' lang='lat' dir='ltr'><strong>tradit.</strong></span> <span class='ocrx_word' id='word_1_34' title='bbox 243 537 244 540; x_wconf 66' lang='lat'>,</span> <span class='ocrx_word' id='word_1_35' title='bbox 270 542 272 544; x_wconf 82' lang='grc'>.</span> 
     </span>
    </p>

    <p class='ocr_par' dir='ltr' id='par_1_5' title="bbox 69 568 885 774">
     <span class='ocr_line' id='line_1_6' title="bbox 69 568 884 630; baseline 0 -11"><span class='ocrx_word' id='word_1_36' title='bbox 69 577 80 622; x_wconf 83' lang='grc'><strong><em>5</em></strong></span> <span class='ocrx_word' id='word_1_37' title='bbox 139 569 264 626; x_wconf 77' lang='lat' dir='ltr'>Caeterum,</span> <span class='ocrx_word' id='word_1_38' title='bbox 274 591 407 630; x_wconf 87' lang='lat' dir='ltr'><strong>quocunque</strong></span> <span class='ocrx_word' id='word_1_39' title='bbox 417 571 460 619; x_wconf 89' lang='lat' dir='ltr'><strong>sint</strong></span> <span class='ocrx_word' id='word_1_40' title='bbox 470 571 553 619; x_wconf 78' lang='lat' dir='ltr'>litterae</span> <span class='ocrx_word' id='word_1_41' title='bbox 564 570 659 630; x_wconf 90' lang='lat' dir='ltr'><strong>primum</strong></span> <span class='ocrx_word' id='word_1_42' title='bbox 669 582 757 618; x_wconf 89' lang='lat' dir='ltr'><strong>auctore</strong></span> <span class='ocrx_word' id='word_1_43' title='bbox 767 568 884 628; x_wconf 80' lang='lat' dir='ltr'><strong>proiectae,</strong></span> 
     </span>
     <span class='ocr_line' id='line_1_7' title="bbox 96 638 885 701; baseline 0 -11"><span class='ocrx_word' id='word_1_44' title='bbox 96 663 132 690; x_wconf 92' lang='lat' dir='ltr'><strong>eas</strong></span> <span class='ocrx_word' id='word_1_45' title='bbox 147 643 279 701; x_wconf 69' lang='lat' dir='ltr'><strong>posteritatis</strong></span> <span class='ocrx_word' id='word_1_46' title='bbox 292 642 321 691; x_wconf 91' lang='lat' dir='ltr'><strong>ad</strong></span> <span class='ocrx_word' id='word_1_47' title='bbox 334 643 469 696; x_wconf 84' lang='lat' dir='ltr'><strong>memoriam.</strong></span> <span class='ocrx_word' id='word_1_48' title='bbox 483 638 686 700; x_wconf 62' lang='lat' dir='ltr'><strong>conservandisque</strong></span> <span class='ocrx_word' id='word_1_49' title='bbox 698 642 727 691; x_wconf 92' lang='lat' dir='ltr'><strong>ad</strong></span> <span class='ocrx_word' id='word_1_50' title='bbox 740 642 850 691; x_wconf 84' lang='lat' dir='ltr'><strong>doctrinas</strong></span> <span class='ocrx_word' id='word_1_51' title='bbox 863 655 885 690; x_wconf 93' lang='lat' dir='ltr'><strong>et</strong></span> 
     </span>
     <span class='ocr_line' id='line_1_8' title="bbox 97 714 884 774; baseline 0 -11"><span class='ocrx_word' id='word_1_52' title='bbox 97 715 226 774; x_wconf 84' lang='lat' dir='ltr'><strong>sapientiam</strong></span> <span class='ocrx_word' id='word_1_53' title='bbox 238 715 336 764; x_wconf 90' lang='lat' dir='ltr'><strong>inventas</strong></span> <span class='ocrx_word' id='word_1_54' title='bbox 348 727 440 764; x_wconf 87' lang='lat' dir='ltr'><strong>constat.</strong></span> <span class='ocrx_word' id='word_1_55' title='bbox 454 714 541 763; x_wconf 85' lang='lat' dir='ltr'><strong>Sensim</strong></span> <span class='ocrx_word' id='word_1_56' title='bbox 552 733 604 763; x_wconf 89' lang='lat' dir='ltr'><strong>vero</strong></span> <span class='ocrx_word' id='word_1_57' title='bbox 616 727 691 773; x_wconf 90' lang='lat' dir='ltr'><strong>postea</strong></span> <span class='ocrx_word' id='word_1_58' title='bbox 703 715 733 763; x_wconf 87' lang='lat' dir='ltr'><strong>ita</strong></span> <span class='ocrx_word' id='word_1_59' title='bbox 745 727 800 764; x_wconf 51' lang='lat' dir='ltr'><strong>sunt*</strong></span> <span class='ocrx_word' id='word_1_60' title='bbox 808 734 884 763; x_wconf 79' lang='lat' dir='ltr'><strong>omnes</strong></span> 
     </span>
    </p>

    <p class='ocr_par' dir='ltr' id='par_1_6' title="bbox 45 787 885 919">
     <span class='ocr_line' id='line_1_9' title="bbox 45 787 885 848; baseline 0.001 -12"><span class='ocrx_word' id='word_1_61' title='bbox 45 834 48 837; x_wconf 89' lang='grc'><strong>,</strong></span> <span class='ocrx_word' id='word_1_62' title='bbox 96 788 125 837; x_wconf 94' lang='lat' dir='ltr'><strong>ad</strong></span> <span class='ocrx_word' id='word_1_63' title='bbox 140 803 214 846; x_wconf 84' lang='lat' dir='ltr'><strong>gentes</strong></span> <span class='ocrx_word' id='word_1_64' title='bbox 229 808 316 847; x_wconf 86' lang='lat' dir='ltr'><strong>sparsae</strong></span> <span class='ocrx_word' id='word_1_65' title='bbox 330 801 355 837; x_wconf 93' lang='lat' dir='ltr'><strong>ut</strong></span> <span class='ocrx_word' id='word_1_66' title='bbox 368 788 467 847; x_wconf 86' lang='lat' dir='ltr'><strong>proprias</strong></span> <span class='ocrx_word' id='word_1_67' title='bbox 480 788 524 837; x_wconf 93' lang='lat' dir='ltr'><strong>iam</strong></span> <span class='ocrx_word' id='word_1_68' title='bbox 537 809 586 837; x_wconf 87' lang='lat' dir='ltr'><strong>suas</strong></span> <span class='ocrx_word' id='word_1_69' title='bbox 600 787 669 837; x_wconf 74' lang='lat' dir='ltr'><strong>ferme</strong></span> <span class='ocrx_word' id='word_1_70' title='bbox 682 788 776 847; x_wconf 91' lang='lat' dir='ltr'><strong>quisque</strong></span> <span class='ocrx_word' id='word_1_71' title='bbox 789 787 885 848; x_wconf 84' lang='lat' dir='ltr'><strong>populus</strong></span> 
     </span>
     <span class='ocr_line' id='line_1_10' title="bbox 98 859 885 919; baseline 0 -11"><span class='ocrx_word' id='word_1_72' title='bbox 98 860 183 915; x_wconf 85' lang='lat' dir='ltr'><strong>habeat,</strong></span> <span class='ocrx_word' id='word_1_73' title='bbox 192 860 253 919; x_wconf 89' lang='lat' dir='ltr'><strong>quod</strong></span> <span class='ocrx_word' id='word_1_74' title='bbox 261 881 286 909; x_wconf 89' lang='lat' dir='ltr'><strong>ea</strong></span> <span class='ocrx_word' id='word_1_75' title='bbox 294 861 384 918; x_wconf 84' lang='lat' dir='ltr'><strong>vestigia</strong></span> <span class='ocrx_word' id='word_1_76' title='bbox 392 860 470 909; x_wconf 86' lang='lat' dir='ltr'><strong>imitati</strong></span> <span class='ocrx_word' id='word_1_77' title='bbox 478 859 514 908; x_wconf 90' lang='lat' dir='ltr'><strong>alii</strong></span> <span class='ocrx_word' id='word_1_78' title='bbox 523 860 570 909; x_wconf 88' lang='lat' dir='ltr'><strong>aliis</strong></span> <span class='ocrx_word' id='word_1_79' title='bbox 578 860 680 918; x_wconf 79' lang='lat' dir='ltr'><strong>gentibus</strong></span> <span class='ocrx_word' id='word_1_80' title='bbox 689 880 755 909; x_wconf 88' lang='lat' dir='ltr'><strong>novas</strong></span> <span class='ocrx_word' id='word_1_81' title='bbox 764 860 885 909; x_wconf 86' lang='lat' dir='ltr'><strong>litterarum</strong></span> 
     </span>
    </p>

    <p class='ocr_par' dir='ltr' id='par_1_7' title="bbox 61 930 887 1210">
     <span class='ocr_line' id='line_1_11' title="bbox 61 930 885 991; baseline 0 -10"><span class='ocrx_word' id='word_1_82' title='bbox 61 933 86 982; x_wconf 97' lang='grc'><strong>10</strong></span> <span class='ocrx_word' id='word_1_83' title='bbox 100 930 181 981; x_wconf 69' lang='lat' dir='ltr'><strong>formas</strong></span> <span class='ocrx_word' id='word_1_84' title='bbox 196 953 237 981; x_wconf 88' lang='lat' dir='ltr'><strong>suo</strong></span> <span class='ocrx_word' id='word_1_85' title='bbox 251 932 342 981; x_wconf 87' lang='lat' dir='ltr'><strong>arbitrio</strong></span> <span class='ocrx_word' id='word_1_86' title='bbox 361 945 382 981; x_wconf 94' lang='lat' dir='ltr'><strong>et</strong></span> <span class='ocrx_word' id='word_1_87' title='bbox 402 933 479 981; x_wconf 84' lang='lat' dir='ltr'><strong>ordine</strong></span> <span class='ocrx_word' id='word_1_88' title='bbox 498 933 636 989; x_wconf 87' lang='lat' dir='ltr'><strong>invenerunt.</strong></span> <span class='ocrx_word' id='word_1_89' title='bbox 656 931 779 981; x_wconf 49' lang='lat' dir='ltr'><strong>Herculem*</strong></span> <span class='ocrx_word' id='word_1_90' title='bbox 790 935 885 991; x_wconf 84' lang='lat' dir='ltr'><strong>nanque,</strong></span> 
     </span>
     <span class='ocr_line' id='line_1_12' title="bbox 97 1004 886 1064; baseline -0.003 -9"><span class='ocrx_word' id='word_1_91' title='bbox 97 1005 231 1064; x_wconf 79' lang='lat' dir='ltr'><strong>Aegyptium</strong></span> <span class='ocrx_word' id='word_1_92' title='bbox 238 1005 300 1055; x_wconf 88' lang='lat' dir='ltr'><strong>illum</strong></span> <span class='ocrx_word' id='word_1_93' title='bbox 307 1006 380 1064; x_wconf 88' lang='lat' dir='ltr'><strong>ipsum</strong></span> <span class='ocrx_word' id='word_1_94' title='bbox 388 1006 425 1064; x_wconf 92' lang='lat' dir='ltr'><strong>qui</strong></span> <span class='ocrx_word' id='word_1_95' title='bbox 433 1018 454 1055; x_wconf 90' lang='lat' dir='ltr'><strong>et</strong></span> <span class='ocrx_word' id='word_1_96' title='bbox 462 1004 515 1054; x_wconf 92' lang='lat' dir='ltr'><strong>Nilo</strong></span> <span class='ocrx_word' id='word_1_97' title='bbox 521 1018 585 1054; x_wconf 90' lang='lat' dir='ltr'><strong>natus</strong></span> <span class='ocrx_word' id='word_1_98' title='bbox 592 1018 614 1054; x_wconf 91' lang='lat' dir='ltr'><strong>et</strong></span> <span class='ocrx_word' id='word_1_99' title='bbox 621 1006 716 1054; x_wconf 88' lang='lat' dir='ltr'><strong>nominis</strong></span> <span class='ocrx_word' id='word_1_100' title='bbox 723 1006 770 1054; x_wconf 87' lang='lat' dir='ltr'><strong>eius</strong></span> <span class='ocrx_word' id='word_1_101' title='bbox 777 1005 886 1054; x_wconf 89' lang='lat' dir='ltr'><strong>secundus</strong></span> 
     </span>
     <span class='ocr_line' id='line_1_13' title="bbox 98 1077 887 1147; baseline 0 -20"><span class='ocrx_word' id='word_1_102' title='bbox 98 1077 174 1134; x_wconf 77' lang='lat' dir='ltr'><strong>fertur,</strong></span> <span class='ocrx_word' id='word_1_103' title='bbox 190 1078 271 1128; x_wconf 82' lang='lat' dir='ltr'><strong>litteras</strong></span> <span class='ocrx_word' id='word_1_104' title='bbox 281 1078 367 1127; x_wconf 88' lang='lat' dir='ltr'><strong>dedisse</strong></span> <span class='ocrx_word' id='word_1_105' title='bbox 376 1078 474 1138; x_wconf 82' lang='lat' dir='ltr'><strong>Phrygiis</strong></span> <span class='ocrx_word' id='word_1_106' title='bbox 485 1078 569 1134; x_wconf 86' lang='lat' dir='ltr'><strong>Cicero,</strong></span> <span class='ocrx_word' id='word_1_107' title='bbox 580 1077 716 1147; x_wconf 75' lang='lat' dir='ltr'><strong>eloquentiae</strong></span> <span class='ocrx_word' id='word_1_108' title='bbox 726 1079 816 1128; x_wconf 86' lang='lat' dir='ltr'><strong>Latinae</strong></span> <span class='ocrx_word' id='word_1_109' title='bbox 826 1080 887 1138; x_wconf 87' lang='lat' dir='ltr'><strong>prin·</strong></span> 
     </span>
     <span class='ocr_line' id='line_1_14' title="bbox 100 1150 886 1210; baseline 0 -11"><span class='ocrx_word' id='word_1_110' title='bbox 100 1171 158 1209; x_wconf 88' lang='lat' dir='ltr'><strong>ceps,</strong></span> <span class='ocrx_word' id='word_1_111' title='bbox 170 1151 193 1199; x_wconf 90' lang='lat' dir='ltr'><strong>in</strong></span> <span class='ocrx_word' id='word_1_112' title='bbox 205 1150 261 1199; x_wconf 88' lang='lat' dir='ltr'><strong>libro</strong></span> <span class='ocrx_word' id='word_1_113' title='bbox 272 1153 310 1210; x_wconf 90' lang='lat' dir='ltr'><strong>qui</strong></span> <span class='ocrx_word' id='word_1_114' title='bbox 322 1165 354 1200; x_wconf 87' lang='lat' dir='ltr'><strong>est</strong></span> <span class='ocrx_word' id='word_1_115' title='bbox 365 1154 442 1200; x_wconf 90' lang='lat' dir='ltr'><strong>tertius</strong></span> <span class='ocrx_word' id='word_1_116' title='bbox 454 1152 482 1200; x_wconf 92' lang='lat' dir='ltr'><strong>de</strong></span> <span class='ocrx_word' id='word_1_117' title='bbox 494 1151 578 1200; x_wconf 85' lang='lat' dir='ltr'><strong>Natura</strong></span> <span class='ocrx_word' id='word_1_118' title='bbox 589 1152 689 1200; x_wconf 89' lang='lat' dir='ltr'><strong>Deorum</strong></span> <span class='ocrx_word' id='word_1_119' title='bbox 700 1152 783 1200; x_wconf 88' lang='lat' dir='ltr'><strong>scribit.</strong></span> <span class='ocrx_word' id='word_1_120' title='bbox 796 1151 886 1200; x_wconf 89' lang='lat' dir='ltr'><strong>Graecis</strong></span> 
     </span>
    </p>

    <p class='ocr_par' dir='ltr' id='par_1_8' title="bbox 49 1222 886 1287">
     <span class='ocr_line' id='line_1_15' title="bbox 49 1222 886 1287; baseline -0.001 -14"><span class='ocrx_word' id='word_1_121' title='bbox 49 1268 51 1273; x_wconf 90' lang='lat'><em>.</em></span> <span class='ocrx_word' id='word_1_122' title='bbox 99 1241 157 1278; x_wconf 88' lang='lat' dir='ltr'><strong>vero,</strong></span> <span class='ocrx_word' id='word_1_123' title='bbox 168 1223 206 1283; x_wconf 89' lang='lat' dir='ltr'><strong>qui</strong></span> <span class='ocrx_word' id='word_1_124' title='bbox 216 1222 321 1272; x_wconf 88' lang='lat' dir='ltr'><strong>doctrinis</strong></span> <span class='ocrx_word' id='word_1_125' title='bbox 330 1223 433 1287; x_wconf 87' lang='lat' dir='ltr'><strong>omnihus</strong></span> <span class='ocrx_word' id='word_1_126' title='bbox 443 1223 571 1280; x_wconf 85' lang='lat' dir='ltr'><strong>floruerunt,</strong></span> <span class='ocrx_word' id='word_1_127' title='bbox 581 1223 662 1272; x_wconf 85' lang='lat' dir='ltr'><strong>litteras</strong></span> <span class='ocrx_word' id='word_1_128' title='bbox 672 1225 769 1283; x_wconf 89' lang='lat' dir='ltr'><strong>primum</strong></span> <span class='ocrx_word' id='word_1_129' title='bbox 778 1224 886 1273; x_wconf 86' lang='lat' dir='ltr'><strong>invenisse</strong></span> 
     </span>
    </p>

    <p class='ocr_par' dir='ltr' id='par_1_9' title="bbox 62 1294 887 1647">
     <span class='ocr_line' id='line_1_16' title="bbox 62 1294 885 1357; baseline 0 -11"><span class='ocrx_word' id='word_1_130' title='bbox 62 1296 86 1346; x_wconf 86' lang='grc'><strong>15</strong></span> <span class='ocrx_word' id='word_1_131' title='bbox 102 1294 212 1345; x_wconf 87' lang='lat' dir='ltr'><strong>Cadmum</strong></span> <span class='ocrx_word' id='word_1_132' title='bbox 225 1296 358 1356; x_wconf 70' lang='lat' dir='ltr'><strong>Aegyptium</strong></span> <span class='ocrx_word' id='word_1_133' title='bbox 371 1310 392 1346; x_wconf 92' lang='lat' dir='ltr'><strong>et</strong></span> <span class='ocrx_word' id='word_1_134' title='bbox 408 1296 504 1346; x_wconf 86' lang='lat' dir='ltr'><strong>lsidorus</strong></span> <span class='ocrx_word' id='word_1_135' title='bbox 517 1310 546 1352; x_wconf 89' lang='lat' dir='ltr'><strong>et,</strong></span> <span class='ocrx_word' id='word_1_136' title='bbox 559 1298 598 1356; x_wconf 92' lang='lat' dir='ltr'><strong>qui</strong></span> <span class='ocrx_word' id='word_1_137' title='bbox 611 1296 675 1355; x_wconf 79' lang='lat' dir='ltr'><strong>longe</strong></span> <span class='ocrx_word' id='word_1_138' title='bbox 687 1309 737 1346; x_wconf 87' lang='lat' dir='ltr'><strong>ante</strong></span> <span class='ocrx_word' id='word_1_139' title='bbox 750 1298 824 1357; x_wconf 89' lang='lat' dir='ltr'><strong>ipsum</strong></span> <span class='ocrx_word' id='word_1_140' title='bbox 836 1296 885 1352; x_wconf 82' lang='lat' dir='ltr'><strong>luit,</strong></span> 
     </span>
     <span class='ocr_line' id='line_1_17' title="bbox 100 1362 887 1429; baseline 0.003 -13"><span class='ocrx_word' id='word_1_141' title='bbox 100 1367 182 1417; x_wconf 90' lang='lat' dir='ltr'><strong>Plinius</strong></span> <span class='ocrx_word' id='word_1_142' title='bbox 199 1381 312 1418; x_wconf 87' lang='lat' dir='ltr'><strong>memorat.</strong></span> <span class='ocrx_word' id='word_1_143' title='bbox 328 1369 390 1417; x_wconf 91' lang='lat' dir='ltr'><strong>Nulli</strong></span> <span class='ocrx_word' id='word_1_144' title='bbox 405 1382 539 1418; x_wconf 88' lang='lat' dir='ltr'><strong>tamennon</strong></span> <span class='ocrx_word' id='word_1_145' title='bbox 555 1362 695 1428; x_wconf 84' lang='lat' dir='ltr'><strong>Dionysium,</strong></span> <span class='ocrx_word' id='word_1_146' title='bbox 708 1370 749 1429; x_wconf 50' lang='lat' dir='ltr'><strong>’qui</strong></span> <span class='ocrx_word' id='word_1_147' title='bbox 766 1369 845 1418; x_wconf 88' lang='lat' dir='ltr'><strong>Cadmi</strong></span> <span class='ocrx_word' id='word_1_148' title='bbox 860 1390 887 1418; x_wconf 81' lang='lat' dir='ltr'><strong>eir</strong></span> 
     </span>
     <span class='ocr_line' id='line_1_18' title="bbox 101 1440 886 1501; baseline 0.003 -12"><span class='ocrx_word' id='word_1_149' title='bbox 101 1440 194 1489; x_wconf 84' lang='lat' dir='ltr'><strong>Semelle</strong></span> <span class='ocrx_word' id='word_1_150' title='bbox 205 1462 273 1499; x_wconf 88' lang='lat' dir='ltr'><strong>nepos</strong></span> <span class='ocrx_word' id='word_1_151' title='bbox 284 1440 327 1490; x_wconf 82' lang='lat' dir='ltr'><strong>luit</strong></span> <span class='ocrx_word' id='word_1_152' title='bbox 338 1462 363 1490; x_wconf 93' lang='lat' dir='ltr'><strong>ac</strong></span> <span class='ocrx_word' id='word_1_153' title='bbox 375 1442 441 1491; x_wconf 84' lang='lat' dir='ltr'><strong>Liber</strong></span> <span class='ocrx_word' id='word_1_154' title='bbox 452 1455 513 1501; x_wconf 87' lang='lat' dir='ltr'><strong>pater</strong></span> <span class='ocrx_word' id='word_1_155' title='bbox 524 1455 556 1490; x_wconf 88' lang='lat' dir='ltr'><strong>est</strong></span> <span class='ocrx_word' id='word_1_156' title='bbox 567 1442 647 1497; x_wconf 88' lang='lat' dir='ltr'><strong>dictus,</strong></span> <span class='ocrx_word' id='word_1_157' title='bbox 659 1443 750 1491; x_wconf 81' lang='lat' dir='ltr'><strong>malunt.</strong></span> <span class='ocrx_word' id='word_1_158' title='bbox 763 1441 886 1492; x_wconf 89' lang='lat' dir='ltr'><strong>Cornellius</strong></span> 
     </span>
     <span class='ocr_line' id='line_1_19' title="bbox 100 1512 887 1573; baseline 0 -11"><span class='ocrx_word' id='word_1_159' title='bbox 100 1525 173 1562; x_wconf 87' lang='lat' dir='ltr'><strong>autem</strong></span> <span class='ocrx_word' id='word_1_160' title='bbox 184 1512 275 1562; x_wconf 86' lang='lat' dir='ltr'><strong>Tacitus</strong></span> <span class='ocrx_word' id='word_1_161' title='bbox 290 1530 299 1553; x_wconf 71' lang='lat' dir='ltr'><strong>t(</strong></span> <span class='ocrx_word' id='word_1_162' title='bbox 307 1513 374 1562; x_wconf 88' lang='lat' dir='ltr'><strong>Fama</strong></span> <span class='ocrx_word' id='word_1_163' title='bbox 384 1527 417 1562; x_wconf 92' lang='lat' dir='ltr'><strong>est</strong></span> <span class='ocrx_word' id='word_1_164' title='bbox 424 1530 432 1554; x_wconf 74' lang='lat'><strong>&gt;1</strong></span> <span class='ocrx_word' id='word_1_165' title='bbox 447 1515 519 1573; x_wconf 91' lang='lat' dir='ltr'><strong>inquit</strong></span> <span class='ocrx_word' id='word_1_166' title='bbox 536 1514 664 1563; x_wconf 79' lang='lat' dir='ltr'><strong>«Cadmum</strong></span> <span class='ocrx_word' id='word_1_167' title='bbox 674 1514 742 1562; x_wconf 87' lang='lat' dir='ltr'><strong>classe</strong></span> <span class='ocrx_word' id='word_1_168' title='bbox 752 1514 887 1563; x_wconf 82' lang='lat' dir='ltr'><strong>Phoenicum</strong></span> 
     </span>
     <span class='ocr_line' id='line_1_20' title="bbox 101 1586 887 1647; baseline 0.003 -12"><span class='ocrx_word' id='word_1_169' title='bbox 101 1598 192 1636; x_wconf 89' lang='lat' dir='ltr'><strong>vectum</strong></span> <span class='ocrx_word' id='word_1_170' title='bbox 205 1586 296 1636; x_wconf 90' lang='lat' dir='ltr'><strong>rudibus</strong></span> <span class='ocrx_word' id='word_1_171' title='bbox 313 1587 385 1637; x_wconf 90' lang='lat' dir='ltr'><strong>adhuc</strong></span> <span class='ocrx_word' id='word_1_172' title='bbox 399 1587 534 1638; x_wconf 88' lang='lat' dir='ltr'><strong>Graecorum</strong></span> <span class='ocrx_word' id='word_1_173' title='bbox 545 1587 633 1647; x_wconf 86' lang='lat' dir='ltr'><strong>populis</strong></span> <span class='ocrx_word' id='word_1_174' title='bbox 643 1587 765 1637; x_wconf 89' lang='lat' dir='ltr'><strong>litterarum</strong></span> <span class='ocrx_word' id='word_1_175' title='bbox 775 1600 887 1638; x_wconf 88' lang='lat' dir='ltr'><strong>auctorem</strong></span> 
     </span>
    </p>

    <p class='ocr_par' dir='ltr' id='par_1_10' title="bbox 50 1660 888 1791">
     <span class='ocr_line' id='line_1_21' title="bbox 50 1660 887 1719; baseline 0.002 -12"><span class='ocrx_word' id='word_1_176' title='bbox 50 1660 89 1707; x_wconf 72' lang='lat'><strong>20</strong></span> <span class='ocrx_word' id='word_1_177' title='bbox 103 1679 157 1707; x_wconf 89' lang='lat' dir='ltr'><strong>esse.</strong></span> <span class='ocrx_word' id='word_1_178' title='bbox 173 1660 270 1716; x_wconf 89' lang='lat' dir='ltr'><strong>Quidam</strong></span> <span class='ocrx_word' id='word_1_179' title='bbox 285 1674 359 1709; x_wconf 90' lang='lat' dir='ltr'><strong>tamen</strong></span> <span class='ocrx_word' id='word_1_180' title='bbox 375 1661 496 1719; x_wconf 81' lang='lat' dir='ltr'><strong>Cecropem</strong></span> <span class='ocrx_word' id='word_1_181' title='bbox 511 1661 669 1709; x_wconf 76' lang='lat' dir='ltr'><strong>Atheniensem</strong></span> <span class='ocrx_word' id='word_1_182' title='bbox 684 1661 718 1709; x_wconf 94' lang='lat' dir='ltr'><strong>vel</strong></span> <span class='ocrx_word' id='word_1_183' title='bbox 732 1662 814 1709; x_wconf 89' lang='lat' dir='ltr'><strong>Linum</strong></span> <span class='ocrx_word' id='word_1_184' title='bbox 826 1661 887 1710; x_wconf 89' lang='lat' dir='ltr'><strong>The·</strong></span> 
     </span>
     <span class='ocr_line' id='line_1_22' title="bbox 101 1731 888 1791; baseline 0.001 -11"><span class='ocrx_word' id='word_1_185' title='bbox 101 1731 180 1780; x_wconf 89' lang='lat' dir='ltr'><strong>haeum</strong></span> <span class='ocrx_word' id='word_1_186' title='bbox 193 1744 222 1787; x_wconf 90' lang='lat' dir='ltr'><strong>et,</strong></span> <span class='ocrx_word' id='word_1_187' title='bbox 236 1734 274 1791; x_wconf 90' lang='lat' dir='ltr'><strong>qui</strong></span> <span class='ocrx_word' id='word_1_188' title='bbox 287 1731 329 1782; x_wconf 82' lang='lat' dir='ltr'><strong>tuit</strong></span> <span class='ocrx_word' id='word_1_189' title='bbox 342 1734 478 1791; x_wconf 84' lang='lat' dir='ltr'><strong>temporibus</strong></span> <span class='ocrx_word' id='word_1_190' title='bbox 492 1733 600 1789; x_wconf 86' lang='lat' dir='ltr'><strong>Troianis,</strong></span> <span class='ocrx_word' id='word_1_191' title='bbox 615 1733 753 1782; x_wconf 87' lang='lat' dir='ltr'><strong>Palamedem</strong></span> <span class='ocrx_word' id='word_1_192' title='bbox 766 1746 888 1782; x_wconf 89' lang='lat' dir='ltr'><strong>memorant</strong></span> 
     </span>
    </p>

    <p class='ocr_par' dir='ltr' id='par_1_11' title="bbox 75 1804 919 1934">
     <span class='ocr_line' id='line_1_23' title="bbox 75 1804 888 1873; baseline 0.004 -19"><span class='ocrx_word' id='word_1_193' title='bbox 75 1867 77 1873; x_wconf 15' lang='lat' dir='ltr'><strong><em>A</em></strong></span> <span class='ocrx_word' id='word_1_194' title='bbox 101 1804 154 1854; x_wconf 86' lang='lat' dir='ltr'><strong>XVl</strong></span> <span class='ocrx_word' id='word_1_195' title='bbox 170 1805 291 1855; x_wconf 85' lang='lat' dir='ltr'><strong>litterarum</strong></span> <span class='ocrx_word' id='word_1_196' title='bbox 305 1806 386 1856; x_wconf 81' lang='lat' dir='ltr'><strong>tomas</strong></span> <span class='ocrx_word' id='word_1_197' title='bbox 400 1807 546 1863; x_wconf 85' lang='lat' dir='ltr'><strong>constituisse;</strong></span> <span class='ocrx_word' id='word_1_198' title='bbox 560 1828 611 1856; x_wconf 83' lang='lat' dir='ltr'><strong>mox</strong></span> <span class='ocrx_word' id='word_1_199' title='bbox 624 1806 677 1856; x_wconf 90' lang='lat' dir='ltr'><strong>alios</strong></span> <span class='ocrx_word' id='word_1_200' title='bbox 691 1828 716 1856; x_wconf 93' lang='lat' dir='ltr'><strong>ac</strong></span> <span class='ocrx_word' id='word_1_201' title='bbox 730 1805 833 1867; x_wconf 84' lang='lat' dir='ltr'><strong>precipue</strong></span> <span class='ocrx_word' id='word_1_202' title='bbox 847 1805 888 1871; x_wconf 66' lang='lat' dir='ltr'><strong>Sy7</strong></span> 
     </span>
     <span class='ocr_line' id='line_1_24' title="bbox 102 1878 919 1934; baseline 0.011 -9"><span class='ocrx_word' id='word_1_203' title='bbox 102 1878 214 1927; x_wconf 75' lang='lat' dir='ltr'><strong>monialem</strong></span> <span class='ocrx_word' id='word_1_204' title='bbox 227 1891 321 1928; x_wconf 88' lang='lat' dir='ltr'><strong>caeteras</strong></span> <span class='ocrx_word' id='word_1_205' title='bbox 335 1879 465 1928; x_wconf 77' lang='lat' dir='ltr'><strong>adiecisse».</strong></span> <span class='ocrx_word' id='word_1_206' title='bbox 917 1932 919 1934; x_wconf 87' lang='lat'>.</span> 
     </span>
    </p>

    <p class='ocr_par' dir='ltr' id='par_1_12' title="bbox 73 1950 889 2011">
     <span class='ocr_line' id='line_1_25' title="bbox 73 1950 889 2011; baseline 0.001 -12"><span class='ocrx_word' id='word_1_207' title='bbox 73 1958 74 1961; x_wconf 69' lang='grc'>’</span> <span class='ocrx_word' id='word_1_208' title='bbox 145 1950 175 1999; x_wconf 73' lang='lat' dir='ltr'><strong>tlt</strong></span> <span class='ocrx_word' id='word_1_209' title='bbox 182 1970 234 2000; x_wconf 89' lang='lat' dir='ltr'><strong>vero</strong></span> <span class='ocrx_word' id='word_1_210' title='bbox 243 1952 418 2011; x_wconf 78' lang='lat' dir='ltr'><strong>quoniamnobis</strong></span> <span class='ocrx_word' id='word_1_211' title='bbox 428 1954 511 2000; x_wconf 91' lang='lat' dir='ltr'><strong>mentio</strong></span> <span class='ocrx_word' id='word_1_212' title='bbox 519 1952 547 2001; x_wconf 92' lang='lat' dir='ltr'><strong>de</strong></span> <span class='ocrx_word' id='word_1_213' title='bbox 552 1952 636 2001; x_wconf 85' lang='lat' dir='ltr'><strong>Thebis</strong></span> <span class='ocrx_word' id='word_1_214' title='bbox 642 1953 755 2011; x_wconf 76' lang='lat' dir='ltr'><strong>Aegyptiis</strong></span> <span class='ocrx_word' id='word_1_215' title='bbox 764 1973 789 2000; x_wconf 91' lang='lat' dir='ltr'><strong>ac</strong></span> <span class='ocrx_word' id='word_1_216' title='bbox 799 1953 826 2001; x_wconf 91' lang='lat' dir='ltr'><strong>de</strong></span> <span class='ocrx_word' id='word_1_217' title='bbox 833 1954 889 2001; x_wconf 88' lang='lat' dir='ltr'><strong>Lino</strong></span> 
     </span>
    </p>

    <p class='ocr_par' dir='ltr' id='par_1_13' title="bbox 60 2021 919 2377">
     <span class='ocr_line' id='line_1_26' title="bbox 60 2021 890 2084; baseline 0.006 -14"><span class='ocrx_word' id='word_1_218' title='bbox 60 2022 88 2071; x_wconf 80' lang='lat'><strong>25</strong></span> <span class='ocrx_word' id='word_1_219' title='bbox 103 2021 208 2072; x_wconf 88' lang='lat' dir='ltr'><strong>Thebaeo</strong></span> <span class='ocrx_word' id='word_1_220' title='bbox 222 2022 271 2079; x_wconf 78' lang='lat' dir='ltr'><strong>fuit,</strong></span> <span class='ocrx_word' id='word_1_221' title='bbox 282 2046 314 2075; x_wconf 74' lang='lat' dir='ltr'><strong>ne,</strong></span> <span class='ocrx_word' id='word_1_222' title='bbox 320 2045 461 2083; x_wconf 88' lang='lat' dir='ltr'><strong>quemquam,</strong></span> <span class='ocrx_word' id='word_1_223' title='bbox 471 2037 496 2074; x_wconf 89' lang='lat' dir='ltr'><strong>ut</strong></span> <span class='ocrx_word' id='word_1_224' title='bbox 505 2026 567 2080; x_wconf 90' lang='lat' dir='ltr'><strong>solet,</strong></span> <span class='ocrx_word' id='word_1_225' title='bbox 577 2026 689 2074; x_wconf 89' lang='lat' dir='ltr'><strong>interdum</strong></span> <span class='ocrx_word' id='word_1_226' title='bbox 698 2045 741 2074; x_wconf 85' lang='lat' dir='ltr'><strong>vox</strong></span> <span class='ocrx_word' id='word_1_227' title='bbox 749 2023 890 2084; x_wconf 82' lang='lat' dir='ltr'><strong>aequivocata</strong></span> 
     </span>
     <span class='ocr_line' id='line_1_27' title="bbox 101 2095 919 2157; baseline 0.006 -14"><span class='ocrx_word' id='word_1_228' title='bbox 101 2095 203 2155; x_wconf 85' lang='lat' dir='ltr'><strong>decipiat,</strong></span> <span class='ocrx_word' id='word_1_229' title='bbox 214 2116 335 2146; x_wconf 89' lang='lat' dir='ltr'><strong>memorare</strong></span> <span class='ocrx_word' id='word_1_230' title='bbox 344 2098 386 2146; x_wconf 89' lang='lat' dir='ltr'><strong>hoc</strong></span> <span class='ocrx_word' id='word_1_231' title='bbox 403 2098 452 2147; x_wconf 86' lang='lat' dir='ltr'><strong>loco</strong></span> <span class='ocrx_word' id='word_1_232' title='bbox 462 2098 532 2157; x_wconf 88' lang='lat' dir='ltr'><strong>placet</strong></span> <span class='ocrx_word' id='word_1_233' title='bbox 541 2111 585 2147; x_wconf 89' lang='lat' dir='ltr'><strong>tres</strong></span> <span class='ocrx_word' id='word_1_234' title='bbox 595 2119 651 2157; x_wconf 90' lang='lat' dir='ltr'><strong>quae</strong></span> <span class='ocrx_word' id='word_1_235' title='bbox 660 2111 789 2147; x_wconf 88' lang='lat' dir='ltr'><strong>vocarentur</strong></span> <span class='ocrx_word' id='word_1_236' title='bbox 798 2097 889 2148; x_wconf 87' lang='lat' dir='ltr'><strong>Thebae</strong></span> <span class='ocrx_word' id='word_1_237' title='bbox 917 2111 919 2114; x_wconf 78' lang='grc'>’</span> 
     </span>
     <span class='ocr_line' id='line_1_28' title="bbox 102 2168 889 2231; baseline 0.009 -17"><span class='ocrx_word' id='word_1_238' title='bbox 102 2169 199 2216; x_wconf 87' lang='lat' dir='ltr'><strong>civitates</strong></span> <span class='ocrx_word' id='word_1_239' title='bbox 214 2168 289 2219; x_wconf 81' lang='lat' dir='ltr'><strong>luisse.</strong></span> <span class='ocrx_word' id='word_1_240' title='bbox 305 2170 363 2224; x_wconf 90' lang='lat' dir='ltr'><strong>Una,</strong></span> <span class='ocrx_word' id='word_1_241' title='bbox 377 2191 445 2228; x_wconf 89' lang='lat' dir='ltr'><strong>quam</strong></span> <span class='ocrx_word' id='word_1_242' title='bbox 459 2172 544 2229; x_wconf 89' lang='lat' dir='ltr'><strong>saepius</strong></span> <span class='ocrx_word' id='word_1_243' title='bbox 559 2172 677 2226; x_wconf 85' lang='lat' dir='ltr'><strong>nominavi,</strong></span> <span class='ocrx_word' id='word_1_244' title='bbox 688 2172 711 2220; x_wconf 91' lang='lat' dir='ltr'><strong>in</strong></span> <span class='ocrx_word' id='word_1_245' title='bbox 724 2173 825 2230; x_wconf 82' lang='lat' dir='ltr'><strong>Aegypto</strong></span> <span class='ocrx_word' id='word_1_246' title='bbox 839 2170 889 2231; x_wconf 79' lang='lat' dir='ltr'><strong>luit:</strong></span> 
     </span>
     <span class='ocr_line' id='line_1_29' title="bbox 95 2240 890 2302; baseline 0.001 -11"><span class='ocrx_word' id='word_1_247' title='bbox 95 2240 167 2291; x_wconf 67' lang='lat' dir='ltr'><strong>,huius</strong></span> <span class='ocrx_word' id='word_1_248' title='bbox 176 2242 234 2289; x_wconf 87' lang='lat' dir='ltr'><strong>cives</strong></span> <span class='ocrx_word' id='word_1_249' title='bbox 244 2255 295 2290; x_wconf 89' lang='lat' dir='ltr'><strong>sunt</strong></span> <span class='ocrx_word' id='word_1_250' title='bbox 305 2242 411 2299; x_wconf 75' lang='lat' dir='ltr'><strong>Thebaei3</strong></span> <span class='ocrx_word' id='word_1_251' title='bbox 420 2243 487 2293; x_wconf 89' lang='lat' dir='ltr'><strong>altera</strong></span> <span class='ocrx_word' id='word_1_252' title='bbox 496 2244 519 2293; x_wconf 91' lang='lat' dir='ltr'><strong>in</strong></span> <span class='ocrx_word' id='word_1_253' title='bbox 529 2243 628 2298; x_wconf 88' lang='lat' dir='ltr'><strong>Graecia,</strong></span> <span class='ocrx_word' id='word_1_254' title='bbox 638 2263 703 2302; x_wconf 84' lang='lat' dir='ltr'><strong>aqua</strong></span> <span class='ocrx_word' id='word_1_255' title='bbox 717 2242 818 2292; x_wconf 88' lang='lat' dir='ltr'><strong>Thebani</strong></span> <span class='ocrx_word' id='word_1_256' title='bbox 829 2243 890 2299; x_wconf 86' lang='lat' dir='ltr'><strong>dicti;</strong></span> 
     </span>
     <span class='ocr_line' id='line_1_30' title="bbox 101 2315 762 2377; baseline 0.008 -15"><span class='ocrx_word' id='word_1_257' title='bbox 101 2315 165 2363; x_wconf 89' lang='lat' dir='ltr'><strong>tertia</strong></span> <span class='ocrx_word' id='word_1_258' title='bbox 179 2316 202 2362; x_wconf 94' lang='lat' dir='ltr'><strong>in</strong></span> <span class='ocrx_word' id='word_1_259' title='bbox 220 2315 306 2371; x_wconf 89' lang='lat' dir='ltr'><strong>ludaea,</strong></span> <span class='ocrx_word' id='word_1_260' title='bbox 317 2317 376 2366; x_wconf 86' lang='lat' dir='ltr'><strong>unde</strong></span> <span class='ocrx_word' id='word_1_261' title='bbox 387 2317 474 2366; x_wconf 88' lang='lat' dir='ltr'><strong>oriundi</strong></span> <span class='ocrx_word' id='word_1_262' title='bbox 485 2329 537 2367; x_wconf 90' lang='lat' dir='ltr'><strong>sunt</strong></span> <span class='ocrx_word' id='word_1_263' title='bbox 547 2316 643 2367; x_wconf 91' lang='lat' dir='ltr'><strong>Thebite</strong></span> <span class='ocrx_word' id='word_1_264' title='bbox 653 2317 762 2377; x_wconf 88' lang='lat' dir='ltr'><strong>appellati.</strong></span> 
     </span>
    </p>

    <p class='ocr_par' dir='ltr' id='par_1_14' title="bbox 61 2384 891 2593">
     <span class='ocr_line' id='line_1_31' title="bbox 61 2384 890 2449; baseline 0.006 -15"><span class='ocrx_word' id='word_1_265' title='bbox 61 2384 90 2435; x_wconf 85' lang='lat'><strong>30</strong></span> <span class='ocrx_word' id='word_1_266' title='bbox 146 2386 192 2435; x_wconf 88' lang='lat' dir='ltr'><strong>Sed</strong></span> <span class='ocrx_word' id='word_1_267' title='bbox 205 2386 234 2436; x_wconf 89' lang='lat' dir='ltr'><strong>ad</strong></span> <span class='ocrx_word' id='word_1_268' title='bbox 248 2389 386 2447; x_wconf 89' lang='lat' dir='ltr'><strong>propositum</strong></span> <span class='ocrx_word' id='word_1_269' title='bbox 396 2389 517 2439; x_wconf 88' lang='lat' dir='ltr'><strong>redeamus.</strong></span> <span class='ocrx_word' id='word_1_270' title='bbox 528 2389 624 2439; x_wconf 90' lang='lat' dir='ltr'><strong>Graecos</strong></span> <span class='ocrx_word' id='word_1_271' title='bbox 635 2390 725 2449; x_wconf 88' lang='lat' dir='ltr'><strong>quidem</strong></span> <span class='ocrx_word' id='word_1_272' title='bbox 735 2390 811 2439; x_wconf 86' lang='lat' dir='ltr'><strong>litteris</strong></span> <span class='ocrx_word' id='word_1_273' title='bbox 820 2390 890 2440; x_wconf 84' lang='lat' dir='ltr'><strong>Phoe·</strong></span> 
     </span>
     <span class='ocr_line' id='line_1_32' title="bbox 103 2459 889 2520; baseline 0.005 -14"><span class='ocrx_word' id='word_1_274' title='bbox 103 2459 178 2508; x_wconf 84' lang='lat' dir='ltr'><strong>uicum</strong></span> <span class='ocrx_word' id='word_1_275' title='bbox 187 2460 284 2518; x_wconf 90' lang='lat' dir='ltr'><strong>primum</strong></span> <span class='ocrx_word' id='word_1_276' title='bbox 292 2480 344 2510; x_wconf 85' lang='lat' dir='ltr'><strong>usos</strong></span> <span class='ocrx_word' id='word_1_277' title='bbox 352 2461 419 2510; x_wconf 91' lang='lat' dir='ltr'><strong>tradit</strong></span> <span class='ocrx_word' id='word_1_278' title='bbox 428 2461 556 2520; x_wconf 85' lang='lat' dir='ltr'><strong>Septimius,</strong></span> <span class='ocrx_word' id='word_1_279' title='bbox 565 2463 618 2510; x_wconf 91' lang='lat' dir='ltr'><strong>civis</strong></span> <span class='ocrx_word' id='word_1_280' title='bbox 628 2463 739 2511; x_wconf 85' lang='lat' dir='ltr'><strong>Romanus</strong></span> <span class='ocrx_word' id='word_1_281' title='bbox 753 2482 794 2511; x_wconf 87' lang='lat' dir='ltr'><strong>nec</strong></span> <span class='ocrx_word' id='word_1_282' title='bbox 802 2464 889 2512; x_wconf 89' lang='lat' dir='ltr'><strong>ieiunus</strong></span> 
     </span>
     <span class='ocr_line' id='line_1_33' title="bbox 104 2532 891 2593; baseline 0.008 -15"><span class='ocrx_word' id='word_1_283' title='bbox 104 2532 204 2590; x_wconf 81' lang='lat' dir='ltr'><strong>scriptor.</strong></span> <span class='ocrx_word' id='word_1_284' title='bbox 219 2532 239 2580; x_wconf 88' lang='lat' dir='ltr'><strong>ls</strong></span> <span class='ocrx_word' id='word_1_285' title='bbox 252 2534 429 2592; x_wconf 87' lang='lat' dir='ltr'><strong>nanqueDitem</strong></span> <span class='ocrx_word' id='word_1_286' title='bbox 442 2534 552 2582; x_wconf 90' lang='lat' dir='ltr'><strong>Gnosium</strong></span> <span class='ocrx_word' id='word_1_287' title='bbox 565 2535 700 2589; x_wconf 86' lang='lat' dir='ltr'><strong>Cretensem,</strong></span> <span class='ocrx_word' id='word_1_288' title='bbox 713 2535 891 2593; x_wconf 89' lang='lat' dir='ltr'><strong>antiquissimum</strong></span> 
     </span>
    </p>
   </div>
   <div class='ocr_carea' id='block_1_3' title="bbox 62 2647 205 2656">
    <p class='ocr_par' dir='ltr' id='par_1_15' title="bbox 62 2647 205 2656">
     <span class='ocr_line' id='line_1_34' title="bbox 62 2647 205 2656; baseline 0.007 -1"><span class='ocrx_word' id='word_1_289' title='bbox 62 2647 205 2656; x_wconf 75' lang='lat'><em>-—---—..-</em></span> 
     </span>
    </p>
   </div>
   <div class='ocr_carea' id='block_1_4' title="bbox 64 2712 892 2823">
    <p class='ocr_par' dir='ltr' id='par_1_16' title="bbox 64 2712 892 2823">
     <span class='ocr_line' id='line_1_35' title="bbox 100 2712 892 2772; baseline 0.008 -23"><span class='ocrx_word' id='word_1_290' title='bbox 100 2712 128 2749; x_wconf 85' lang='grc'><strong>12.</strong></span> <span class='ocrx_word' id='word_1_291' title='bbox 140 2712 175 2750; x_wconf 90' lang='lat' dir='ltr'><strong>Cic.</strong></span> <span class='ocrx_word' id='word_1_292' title='bbox 185 2713 227 2771; x_wconf 83' lang='lat' dir='ltr'><strong>Nat.</strong></span> <span class='ocrx_word' id='word_1_293' title='bbox 239 2715 288 2752; x_wconf 83' lang='lat' dir='ltr'><strong>Dear.</strong></span> <span class='ocrx_word' id='word_1_294' title='bbox 302 2713 334 2751; x_wconf 89' lang='lat' dir='ltr'><strong>lll.·</strong></span> <span class='ocrx_word' id='word_1_295' title='bbox 345 2714 372 2750; x_wconf 76' lang='lat'><strong>42.</strong></span> <span class='ocrx_word' id='word_1_296' title='bbox 411 2769 413 2772; x_wconf 89' lang='lat'>.</span> <span class='ocrx_word' id='word_1_297' title='bbox 423 2715 451 2754; x_wconf 86' lang='grc'><strong>15.</strong></span> <span class='ocrx_word' id='word_1_298' title='bbox 465 2713 503 2752; x_wconf 82' lang='lat' dir='ltr'><strong>lsid.</strong></span> <span class='ocrx_word' id='word_1_299' title='bbox 515 2714 568 2761; x_wconf 77' lang='lat' dir='ltr'><strong>Etym.</strong></span> <span class='ocrx_word' id='word_1_300' title='bbox 584 2714 596 2751; x_wconf 87' lang='lat' dir='ltr'><strong>l.</strong></span> <span class='ocrx_word' id='word_1_301' title='bbox 605 2715 621 2752; x_wconf 81' lang='lat'><strong>3.</strong></span> <span class='ocrx_word' id='word_1_302' title='bbox 630 2716 646 2752; x_wconf 86' lang='lat'><strong>6.</strong></span> <span class='ocrx_word' id='word_1_303' title='bbox 690 2715 716 2754; x_wconf 85' lang='grc'><strong>16.</strong></span> <span class='ocrx_word' id='word_1_304' title='bbox 727 2715 770 2753; x_wconf 89' lang='lat' dir='ltr'><strong>Plin.</strong></span> <span class='ocrx_word' id='word_1_305' title='bbox 781 2717 806 2754; x_wconf 88' lang='lat' dir='ltr'><strong>N.</strong></span> <span class='ocrx_word' id='word_1_306' title='bbox 818 2719 842 2756; x_wconf 85' lang='lat' dir='ltr'><strong>H.</strong></span> <span class='ocrx_word' id='word_1_307' title='bbox 851 2716 892 2755; x_wconf 87' lang='lat' dir='ltr'><strong>Vll.</strong></span> 
     </span>
     <span class='ocr_line' id='line_1_36' title="bbox 64 2770 744 2823; baseline 0.012 -16"><span class='ocrx_word' id='word_1_308' title='bbox 64 2770 99 2809; x_wconf 83' lang='lat' dir='ltr'><strong>l92.</strong></span> <span class='ocrx_word' id='word_1_309' title='bbox 151 2773 178 2811; x_wconf 85' lang='grc'><strong>10.</strong></span> <span class='ocrx_word' id='word_1_310' title='bbox 190 2771 230 2810; x_wconf 77' lang='lat' dir='ltr'><strong>Tne</strong></span> <span class='ocrx_word' id='word_1_311' title='bbox 242 2773 286 2813; x_wconf 73' lang='lat' dir='ltr'><strong>Ana.</strong></span> <span class='ocrx_word' id='word_1_312' title='bbox 299 2772 330 2811; x_wconf 79' lang='lat' dir='ltr'><strong>Xl.</strong></span> <span class='ocrx_word' id='word_1_313' title='bbox 344 2773 368 2811; x_wconf 79' lang='grc'><strong>14.</strong></span> <span class='ocrx_word' id='word_1_314' title='bbox 415 2775 445 2814; x_wconf 82' lang='lat'><strong>31.</strong></span> <span class='ocrx_word' id='word_1_315' title='bbox 458 2773 504 2820; x_wconf 86' lang='lat' dir='ltr'><strong>Sept.</strong></span> <span class='ocrx_word' id='word_1_316' title='bbox 515 2781 560 2820; x_wconf 74' lang='lat' dir='ltr'><strong>epist.</strong></span> <span class='ocrx_word' id='word_1_317' title='bbox 572 2776 616 2816; x_wconf 73' lang='lat' dir='ltr'><strong>aaud</strong></span> <span class='ocrx_word' id='word_1_318' title='bbox 627 2778 687 2823; x_wconf 70' lang='lat' dir='ltr'><strong>Dictys</strong></span> <span class='ocrx_word' id='word_1_319' title='bbox 699 2777 744 2816; x_wconf 82' lang='lat' dir='ltr'><strong>Cret.</strong></span> 
     </span>
    </p>
   </div>
   <div class='ocr_carea' id='block_1_5' title="bbox 102 2913 241 2985">
    <p class='ocr_par' dir='ltr' id='par_1_17' title="bbox 102 2913 241 2985">
     <span class='ocr_line' id='line_1_37' title="bbox 102 2913 241 2985; baseline 0.007 -10"><span class='ocrx_word' id='word_1_320' title='bbox 102 2928 121 2974; x_wconf 82' lang='grc'><strong>6.</strong></span> <span class='ocrx_word' id='word_1_321' title='bbox 135 2950 176 2985; x_wconf 84' lang='lat' dir='ltr'><strong>que</strong></span> <span class='ocrx_word' id='word_1_322' title='bbox 188 2913 241 2977; x_wconf 69' lang='lat' dir='ltr'><strong>saer.⁴</strong></span> 
     </span>
    </p>
   </div>
   <div class='ocr_carea' id='block_1_6' title="bbox 0 0 1060 3253">
    <p class='ocr_par' dir='ltr' id='par_1_18' title="bbox 0 0 1060 3253">
     <span class='ocr_line' id='line_1_38' title="bbox 0 0 1060 3253; baseline 0 0"><span class='ocrx_word' id='word_1_323' title='bbox 0 0 1060 3253; x_wconf 95' lang='lat' dir='ltr'><strong> </strong></span> 
     </span>
    </p>
   </div>
  </div>
 </body>
</html>
