2093 3253
268 156 399 189 scurronum
413 157 539 190 ratusraruu
551 168 566 176 —
579 157 638 188 iram
651 157 704 188 xrur.
854 140 893 188 395

109 286 196 339 senatus
211 271 350 331 amplissimis
366 271 457 320 decretis
472 284 520 320 tum
536 271 633 330 Pompeii
649 271 751 330 singulari
762 270 846 321 auxilio
862 290 895 320 re·

57 398 58 401 Ἴ
109 358 205 395 vocatus.
223 347 298 404 Ipsum
309 365 398 405 quoque
408 343 531 393 stimulabat
541 345 664 410 adhortatio
673 343 784 393 familiaris
795 356 816 393 et
826 343 896 392 affinis

110 417 151 471 sui,
166 417 282 476 Pomponii
296 416 371 465 Attici.
388 415 500 473 Urgebant
520 416 617 475 Pompeii
637 416 720 464 litterae
739 416 833 465 adeum
849 436 895 464 sae·

110 510 229 550 penumero
245 503 270 540 ut
286 490 314 540 ad
330 510 353 538 se
369 489 469 538 transiret
485 510 536 538 cum
551 502 601 539 ante
617 502 666 539 tum
681 500 731 548 post
747 488 896 538 Brundusium

84 565 96 614 5
113 564 212 613 relictum
226 565 310 613 missae.
323 563 406 613 Adeas
420 582 471 611 vero
484 563 595 612 Ciceronis
608 563 721 622 responsio
733 563 788 612 adeo
799 564 896 613 modesta

110 655 195 695 semper
208 635 254 685 tuit
272 648 296 684 ut
315 637 475 684 excusationem
492 636 617 685 remanendi
635 650 656 685 et
674 636 804 685 laudabilem
822 649 843 685 et
861 657 894 685 sa-

110 708 206 767 pientem
225 708 320 757 haberet.
339 708 450 757 Postremo
468 721 541 757 autem
559 710 660 758 scribenti
679 728 763 758 moram
781 711 827 759 eius
845 729 894 768 per-

111 781 184 829 multis
193 794 319 840 ,suspectam
332 802 384 836 esse,
399 802 426 830 ne
438 801 461 829 se
473 783 501 829 ad
514 782 627 830 Caesarem
639 782 772 837 contulisset,
786 783 895 842 rescripsit

54 858 55 861 ’
111 854 166 903 inter
183 854 251 904 multa
267 876 289 904 se
305 854 548 913 nullamsuspicionem
564 855 671 909 babuisse,
687 855 747 914 quod
757 868 813 904 esset
829 855 893 904 Pom-

72 929 97 977 111
112 928 174 986 peius
191 948 249 977 mare
265 950 328 977 causa
344 929 374 977 rei
390 928 490 986 publicae
505 930 641 983 transiturus,
658 930 696 977 sed
706 928 773 977 luisse
784 950 861 988 magna
872 931 894 978 in

110 1021 148 1060 spe
157 999 204 1049 lore
214 1014 238 1050 ut
248 1014 320 1061 posset
330 1002 352 1051 in
364 1000 424 1051 Italia
433 1013 470 1050 aut
479 1001 617 1050 concordiam
627 1002 764 1057 constituere,
782 1023 826 1062 qua
840 1001 896 1051 nihil

110 1074 151 1122 sibi
165 1074 240 1122 utilius
254 1075 375 1140 videbatur,
388 1088 425 1123 aut
436 1094 482 1123 rem
492 1075 602 1133 publicam
612 1075 677 1122 armis
688 1095 772 1122 summa
783 1097 835 1123 cum
848 1075 895 1133 dig-

112 1147 179 1207 nitate
193 1146 317 1209 delendere;
331 1168 354 1195 se
367 1161 440 1196 autem
455 1149 483 1196 ad
499 1168 556 1202 eum,
570 1169 623 1209 cum
639 1161 694 1196 esset
710 1148 835 1202 Brundusii,
852 1169 896 1197 non

110 1219 254 1273 contendisse,
269 1220 330 1277 quod
343 1220 384 1267 iter
397 1240 505 1278 nusquam
519 1220 560 1267 sibi
578 1233 658 1274 tutum,
679 1214 730 1268 dum
744 1221 817 1268 omnia
831 1241 896 1269 occu-

72 1290 97 1339 I5
113 1303 215 1349 parentur
224 1311 236 1338 a
246 1290 344 1346 Caesare,
355 1291 471 1346 videretur;
481 1292 572 1350 proinde
582 1311 622 1339 nec
632 1292 673 1339 sibi
683 1312 723 1339 nec
732 1291 792 1340 Iratri
803 1311 842 1339 nec
850 1290 896 1340 cui-

111 1384 176 1422 quam
194 1364 315 1413 amicorum
332 1364 438 1424 placuisse
456 1364 591 1414 committere
609 1364 732 1423 quicquam
744 1377 769 1413 ut
786 1364 895 1413 temeritas

110 1456 149 1483 sua
160 1457 204 1484 non
214 1437 285 1485 solum
296 1438 315 1485 ei
326 1457 402 1486 verum
412 1439 477 1486 etiarn
487 1439 517 1486 rei
528 1438 628 1495 publicae
638 1456 716 1486 nocere
726 1450 806 1496 posset.
817 1438 852 1485 De
863 1437 896 1484 his

102 1502 162 1558 'vero
176 1508 213 1569 qui
228 1508 255 1558 de
269 1510 316 1568 ipso
331 1508 386 1558 male
400 1509 510 1565 sentirent,
525 1508 637 1568 respondit
651 1529 721 1568 neque
735 1529 758 1556 se
770 1509 895 1574 amiciorem

112 1582 137 1631 C.
154 1582 239 1631 Caesari
256 1603 354 1641 unquam
369 1582 436 1632 luisse
451 1604 517 1642 quam
532 1582 570 1637 illi,
587 1603 658 1642 neque
674 1581 721 1631 illos
737 1583 849 1632 amiciores
865 1583 895 1631 rei

69 1656 97 1703 20
112 1655 212 1712 publicae
226 1675 293 1713 quam
307 1656 361 1713 ipse;
376 1656 428 1703 haec
442 1668 515 1703 autem
530 1656 586 1703 inter
600 1656 673 1713 ipsum
688 1668 708 1703 et
723 1654 771 1703 illos
785 1656 896 1708 interesse,

111 1727 178 1785 quod,
189 1747 240 1775 cum
250 1739 271 1775 et
281 1726 311 1774 illi
322 1728 379 1776 cives
390 1727 466 1786 optimi
476 1727 519 1775 sint
530 1739 551 1774 et
561 1727 607 1785 ipse
617 1727 645 1774 ab
655 1727 695 1775 ista
705 1727 768 1776 laude
779 1747 822 1775 non
832 1727 895 1781 absit,

111 1820 187 1857 pacem
207 1800 254 1858 ipse
274 1800 387 1858 quibusvis
407 1799 578 1854 condicionibus,
599 1800 660 1858 quod
679 1799 738 1848 idem
757 1799 907 1855 intellexisset

111 1872 240 1930 Pompeium
253 1871 314 1926 velle,
329 1872 359 1920 illi
373 1892 424 1921 vero
436 1873 501 1921 armis
515 1871 635 1930 disceptare
648 1871 744 1926 mallent;
749 1871 897 1930 perfecturum

112 1957 185 1993 autem
199 1964 222 1992 se
235 1944 290 1993 iIIud
304 1945 395 2003 scripsit,
411 1946 471 2003 quod
484 1945 582 1994 animum
595 1940 623 1993 ab
637 1965 663 1993 eo
677 1965 748 2003 neque
762 1965 795 1993 res
810 1944 896 2004 publica

71 2017 99 2065 25
114 2017 166 2064 boni
179 2017 231 2065 civis
243 2037 314 2075 neque
326 2018 442 2076 Pompeius
453 2017 517 2066 amici
529 2017 654 2076 requireret.

154 2089 233 2149 Neque
244 2109 294 2139 vero
305 2110 371 2149 quam
382 2090 447 2148 vulgo
456 2089 557 2139 audiebat
568 2109 615 2139 esse
625 2089 762 2139 clementiam
772 2090 795 2138 in
806 2089 897 2138 Caesare

111 2181 184 2210 veram
207 2162 246 2210 sed
267 2163 414 2210 insimulatam
435 2176 501 2221 atque
523 2163 648 2211 insidiosam
670 2162 819 2221 suspicabatur
841 2183 894 2211 esse.

113 2233 218 2291 Quamvis
236 2233 295 2283 enim
312 2234 432 2293 benignum
450 2255 496 2283 esse
514 2235 576 2283 iIIum
594 2247 615 2283 et
633 2235 762 2283 clementem
779 2235 802 2283 in
821 2254 898 2283 omnes

112 2307 216 2360 referrent
232 2307 301 2361 multi,
318 2321 437 2367 captosque
452 2308 551 2357 inimicos
567 2308 634 2356 libere
650 2308 751 2357 dimissos
766 2308 794 2356 ab
810 2328 836 2356 eo
852 2327 898 2355 esse

70 2376 99 2426 30
114 2390 228 2443 constaret,
243 2380 323 2429 litteras
338 2401 425 2440 quoque
439 2381 486 2439 ipse
499 2401 524 2429 ac
538 2381 629 2429 nuncios
643 2381 670 2428 ab
685 2400 711 2428 eo
725 2373 862 2438 benignitatis
877 2393 899 2428 et

111 2453 221 2502 amiciciae
231 2453 307 2511 plenos
318 2454 394 2503 dietim
404 2455 499 2509 haberet,
510 2454 569 2503 haud
579 2467 652 2502 tamen
663 2453 756 2502 multum
767 2452 867 2501 credebat
878 2451 897 2500 ei

90 2531 91 2534 ’
112 2545 152 2572 nec
166 2526 322 2575 confidendum
336 2527 364 2575 de
378 2526 516 2585 iIIo'penitus
531 2547 577 2574 esse
591 2526 681 2585 putabat
695 2526 733 2585 qui
747 2525 827 2573 violare
841 2525 899 2582 leges

54 2645 55 2648 ,
111 2617 136 2645 ac
150 2616 242 2656 regnum
255 2599 349 2658 arripere
363 2599 423 2648 omni
437 2599 509 2647 studio
523 2612 644 2647 conaretur.

71 2693 213 2704 ——bs—

124 2737 140 2774 8,
154 2738 189 2776 Cic.
202 2741 238 2779 Art¹
252 2740 296 2778 VIII.
311 2740 329 2777 11
345 2740 367 2778 D.

72 2814 213 2825 M—

130 2857 149 2902 4.
165 2859 336 2915 (Brundusium)
351 2867 364 2906 i.
381 2881 403 2912 ης
424 2870 466 2906 erat
487 2859 623 2906 Brondusium
644 2867 684 2906 sine
705 2860 769 2906 dubio.
827 2857 856 2903 I3.
871 2859 901 2904 Ex

73 2927 181 2973 Brondusii
196 2946 245 2974 corr.
304 2928 333 2975 18.
347 2947 432 2983 neque...
446 2929 489 2983 ipse
502 2936 516 2974 ι’,
530 2946 546 2973 r.
573 2956 575 2958 v
