2093 3253
249 181 380 214 semmurum
395 180 521 214 nausrmuu
533 192 550 206 -,
562 180 621 212 ursan
634 181 675 212 xvi.
832 167 875 213 4551

87 294 228 353 gubernanda
242 308 267 344 ut
281 308 337 344 esset
352 296 434 353 optima
448 294 529 361 docuit,
545 294 586 343 hic·
595 294 664 354 qualis
679 294 777 343 ordinata
791 307 847 350 esset
861 316 873 343 a

89 368 205 418 maioribus
217 368 351 418 memoravit.
363 368 398 417 De
410 369 507 418 moribus
518 369 608 427 quidem
619 381 640 417 et
651 368 756 416 institutis
767 367 874 416 maiorum

89 440 246 501 disciplinaque
258 462 283 490 ac
297 441 444 490 moderatione
457 442 548 490 civitatis
561 453 660 490 accurate
673 441 719 488 istis
732 441 755 488 in
768 438 829 488 libris
842 452 874 488 est

88 535 101 561 a
120 512 226 563 Cicerone
248 514 339 563 dictum,
362 513 449 563 Horum
471 526 593 573 postremus
616 526 649 563 est
671 534 737 572 quem
759 510 825 571 vulgo
847 512 874 561 de

61 588 74 637 5
92 585 183 635 somnio
197 586 306 645 Scipionis
320 586 436 646 appellant.

130 658 242 709 Absolutis
258 672 331 709 autem
347 680 402 719 quos
418 660 462 710 dixi
478 660 587 718 optimum
602 660 630 710 ad
646 673 727 710 statum
742 659 833 710 civitatis
849 681 889 718 aeg

90 732 119 780 rei
134 732 235 790 publicae
246 733 342 791 regimen
353 734 461 791 pertinere
472 733 539 781 libera
550 733 636 782 civitate
647 732 700 782 libri>
708 746 759 781 sunt
770 732 797 781 ab
809 752 835 781 eo
847 734 874 781 de

90 804 185 863 Legibus
201 818 245 855 tres
260 827 326 855 suurn
340 805 369 855 ad
383 805 512 855 familiarem
527 818 548 855 et
563 805 657 862 affinem,
673 804 819 865 Pomponium
833 806 876 856 At*

88 879 165 934 ticum,
174 879 262 939 scripti.
277 878 330 929 Non
344 878 435 939 quidem
449 879 495 929 istis
510 880 532 928 in
548 878 608 929 libris
623 879 655 929 de,
665 877 827 929 stillicidiorum
837 893 874 929 aut

50 953 76 1001 10
90 951 198 1009 parietum
214 951 268 1005 iure,
286 971 331 999 non
348 951 375 1000 de
392 951 557 1011 stipulationum
573 965 610 1000 aut
627 952 758 1001 iudiciorum
774 951 874 1013 formulis
949 1012 950 1015 Ἴ

89 1024 214 1083 disputavit,
229 1024 310 1073 sedita
324 1024 352 1074 de
365 1024 418 1074 iuris
432 1025 521 1074 scientia
535 1024 628 1074 scribere
642 1025 750 1075 inchoavit
764 1037 789 1074 ut
802 1025 874 1075 imita-

8 1117 12 1122 ·
89 1110 148 1158 retur
159 1096 277 1147 Platonem.
289 1096 338 1146 Hoc
349 1096 408 1147 enim
419 1098 442 1147 in
453 1116 518 1157 opere
529 1097 556 1146 de
567 1097 619 1146 iuris
631 1098 720 1157 origine,
732 1098 759 1147 de
770 1098 874 1148 institutis

89 1190 162 1219 rerum
174 1170 317 1230 publicarum,
330 1171 358 1219 de
369 1172 457 1231 optimis
469 1171 553 1229 legibus
565 1171 612 1229 ipse
623 1170 777 1235 familiarisque
789 1192 841 1221 suus
853 1185 874 1220 et

88 1243 165 1299 affinis,
176 1243 309 1302 Pomponius
318 1243 411 1299 Atticus,
420 1265 445 1293 ac
454 1244 550 1301 Quintus
559 1243 625 1293 frater
634 1243 794 1302 colloquuntur.
828 1244 829 1247 ¹

51 1319 76 1368 l5
134 1316 183 1368 Hoc
197 1337 286 1376 quoque
302 1330 401 1375 tempore
418 1317 459 1365 isto
476 1316 686 1364 Commentariolum
704 1316 744 1374 (sic
761 1315 819 1364 enim
836 1338 874 1375 ap·

90 1389 156 1448 pellat
170 1390 226 1448 ipse)
240 1390 269 1439 ad
285 1410 351 1448 quem
366 1390 432 1448 paulo
447 1403 497 1439 ante
513 1410 538 1438 ac
554 1409 617 1447 saepe
633 1389 750 1444 nominavi,
767 1389 875 1446 Quintum

90 1463 187 1519 tratrem,
200 1464 346 1513 dePetitione
358 1462 490 1512 Consulatus
500 1462 596 1521 scripsit.
608 1461 649 1511 Eas
662 1469 749 1522 nanque
766 1467 822 1511 artas
839 1463 875 1512 hic

90 1535 164 1583 docuit
178 1536 258 1594 quibus
272 1535 357 1593 assequi
372 1534 700 1583 multitudinis‘beniuolentiam
709 1536 738 1583 ad
747 1527 874 1593 petendum,

89 1629 156 1668 quem
171 1621 266 1669 cuperet,
282 1607 342 1657 urbis
358 1607 494 1658 consulatum
509 1623 589 1669 posset.
607 1611 634 1661 ld
648 1608 706 1659 enim
721 1608 749 1658 ab
765 1628 791 1657 eo
803 1608 833 1658 ita
843 1621 875 1658 est

48 1683 77 1732 20
92 1683 151 1731 omni
161 1683 243 1732 ratione
252 1681 374 1742 perlectum
382 1694 407 1730 ut
416 1684 596 1741 percommodum
605 1705 652 1734 esse
661 1705 705 1732 non
715 1682 781 1731 modo
790 1682 818 1730 ad
827 1703 879 1731 eam

90 1756 217 1814 petitionem
229 1777 284 1815 quae
296 1757 323 1805 de
334 1757 395 1806 urbis
406 1757 520 1806 consulatu
531 1771 587 1806 esset
599 1758 637 1807 sed
649 1757 719 1806 omnis
730 1756 875 1814 adpetendos

91 1828 227 1887 magistratus
242 1829 301 1878 bono
312 1850 363 1879 cum
375 1830 451 1890 populi
462 1829 536 1879 lavore
548 1844 569 1879 et
580 1831 647 1889 gratia
658 1829 763 1879 videatur.

132 1902 219 1952 Deinde
232 1922 283 1952 vero
296 1902 377 1952 librum
390 1902 500 1963 singulum
513 1904 541 1952 de
554 1904 677 1957 Senectute,
691 1903 718 1952 de
730 1902 835 1951 Amicicia
847 1904 876 1952 ad

82 1971 152 2024 illum
167 1976 240 2035 ipsum
255 1997 322 2035 quem
337 1997 401 2035 saepe
416 1977 460 2025 iam
476 1976 593 2030 nominavi,
609 1974 755 2035 Pomponium
770 1974 874 2030 Atticum,

47 2048 75 2097 25
92 2048 167 2098 edidit.
183 2048 269 2097 Horum
283 2061 356 2097 tamen
370 2049 408 2108 qui
422 2062 455 2097 est
469 2049 497 2096 de
510 2048 627 2097 Senectute
641 2048 695 2096 liber
709 2047 819 2096 interdum
833 2047 881 2097 Ca:

89 2133 165 2169 tonem
179 2121 290 2175 maiorem,
307 2120 345 2179 qui
362 2140 414 2169 vero
430 2134 463 2169 est
479 2122 507 2169 de
523 2121 627 2170 Amicicia
644 2123 760 2180 inscriptus
777 2121 876 2169 Laelium

90 2213 162 2247 suum,
177 2194 239 2252 quasi
249 2194 337 2242 nomine
347 2206 437 2248 mutato,
447 2206 516 2248 vocat,
527 2194 588 2252 quod
597 2195 619 2242 in
629 2194 666 2242 illo
675 2194 730 2243 Cato
737 2194 815 2247 maior,
825 2213 876 2242 cen-

91 2266 160 2313 sorius
173 2285 198 2314 ac
210 2285 282 2319 senex,
295 2266 322 2314 de
335 2279 445 2314 senectute
457 2266 566 2324 loquatur,
579 2267 601 2314 in
614 2268 655 2316 isto
664 2267 757 2322 Laelius,
770 2265 877 2315 inferioris

90 2337 186 2388 Africani
202 2339 291 2395 amicus
309 2340 338 2399 de
351 2340 448 2388 amicicia
464 2338 567 2397 disputet.
582 2340 647 2388 Hunc
663 2341 722 2388 enim
737 2359 820 2389 morem
838 2338 876 2389 Ci-

49 2412 77 2460 30
92 2432 142 2460 cero
155 2432 167 2461 a
181 2412 271 2461 Graecis
285 2412 377 2470 sumpsit
391 2434 416 2461 ac
429 2431 584 2471 saepenumero
597 2413 675 2468 tenuit,
689 2427 713 2462 ut
727 2413 771 2461 suis
784 2413 807 2461 in
817 2412 880 2461 libris-

90 2485 178 2544 quade
194 2505 218 2534 re
233 2498 340 2541 tractaret,
352 2507 400 2535 eam
416 2485 510 2535 illustres
527 2507 552 2534 ac
567 2485 625 2535 docti
642 2486 682 2535 viri
699 2485 843 2545 colloquendo
853 2487 876 2534 in

89 2556 160 2605 forma
176 2557 255 2616 dialogi
272 2558 414 2616 disputarent,
425 2559 486 2616 quod
501 2558 638 2616 loquentium
654 2558 758 2616 dignitate
774 2576 845 2606 sermo
855 2571 877 2606 et

90 2629 175 2687 gravior
186 2642 207 2678 et
218 2629 305 2678 uberior
315 2629 421 2688 rideatur.
433 2630 470 2680 Sic
481 2631 540 2679 enim
551 2642 602 2679 sunt
613 2643 634 2679 et
646 2629 732 2696 Laelius
743 2630 770 2679 de
781 2629 878 2680 amicicia

91 2716 112 2750 et
128 2702 183 2751 Cato
197 2703 224 2751 de
237 2715 348 2751 senectute
361 2702 428 2752 locuti
442 2714 472 2752 ut
480 2702 515 2753 ille
529 2702 559 2752 nil
573 2724 619 2751 esse
632 2702 769 2751 commodius
781 2703 879 2752 amicicia

49 2774 77 2824 35
93 2776 227 2833 persuadeat,
243 2776 284 2838 iste
299 2796 344 2824 non
359 2777 425 2825 modo
440 2776 555 2835 abstergat,
571 2786 627 2834 qua'e
647 2776 727 2825 multae
749 2785 807 2830 sunt,
831 2796 878 2825 mo·

51 2882 192 2895 —q-

89 2963 107 3004 9.
125 2953 156 2997 Ex
169 2951 339 3008 stili(cidioruml)
354 2957 421 2998 statim
433 2972 482 3000 corr.
552 2952 584 2998 22.
598 2953 630 2998 Er
643 2955 696 2998 bona
710 2972 758 2999 corr.
