2093 3253
187 217 228 265 49ss
486 229 579 262 sicconis
594 227 713 260 roucnronr

228 345 251 393 in
262 344 319 392 vitiis
331 363 416 391 morum
432 343 572 400 obiurgandis
588 342 724 392 severitatem
739 344 917 402 gravitatemque¹
925 363 969 391 non
980 343 1013 391 in-

229 429 343 466 venustam
359 417 438 471 babere
454 417 533 469 dicant.
551 415 611 465 llaec
620 416 648 466 Α,
660 415 752 473 Cellius,
764 436 898 475 quamquam
909 416 1015 465 iudicium

230 488 357 538 nonfacere
371 490 409 537 sed
423 507 541 537 memorare
555 509 610 547 quae
624 490 717 538 sentiant
730 488 766 537 alii
780 489 807 537 de
820 488 907 547 ingenio
920 501 943 537 et
956 490 1015 536 omni

130 619 133 624 ἴ
230 562 311 621 scripto
327 561 421 611 Senecae
437 561 541 616 videatur,
558 562 588 610 ita
604 562 696 620 scripsit,
713 562 828 615 subiratus,
845 574 875 622 ut¹
885 562 1016 623 arbitrantur

205 638 217 703 5
232 635 328 695 quidam¹
340 635 400 694 quod
410 636 437 684 de
447 635 475 692 Q.
486 634 564 689 Ennio,
575 634 602 683 de
613 633 647 683 M.
658 634 770 689 Cicerone,
781 634 808 682 de
818 635 842 683 P.
852 634 942 692 Virgilio
951 635 1017 688 ,nimis

231 709 332 765 censorie
338 708 436 756 locutum
447 708 520 766 ipsum
531 707 678 765 Epistularum
689 707 744 756 libro
755 706 822 755 XXll
835 720 904 766 putet.

226 775 228 779 ¹
273 781 390 839 Neglectus
404 801 492 840 quoque
505 794 578 830 noster
590 781 626 829 hic
638 781 721 829 Seneca
733 780 864 829 Caesarense
876 800 888 827 a
900 779 1017 834 Prisciano,

201 906 203 909 ,
223 855 382 912 =grammaticae
394 854 484 903 Latinae
496 854 598 911 magistro
610 853 728 902 clarissimo
739 866 805 912 atque
816 865 912 911 parente,
924 852 1017 902 videtur.

228 927 348 985 Nusquam
363 926 422 975 enim
437 926 524 975 Stoicus
539 926 580 975 iste
595 947 635 975 nec
650 926 744 986 amplius
760 945 826 985 quam
842 925 908 985 semel
924 925 1017 983 tragicus

194 1001 220 1049 ll]
235 1000 317 1047 Seneca
329 1001 452 1047 nominatus
465 1013 504 1052 est,
517 1019 567 1047 cum
579 1014 693 1057 praecepta
704 1020 743 1047 sua
754 997 799 1046 lere
811 1019 925 1056 nunquam
937 999 1019 1046 ratione

233 1071 271 1119 sed
279 1084 392 1128 poetarum
399 1090 424 1118 ac
431 1070 548 1118 illustrium
556 1071 686 1129 scriptorum
693 1072 819 1127 auctoritate
827 1070 947 1118 confirmet.

277 1142 337 1191 Haec
345 1155 395 1191 sunt
403 1142 472 1191 ferme
480 1165 535 1203 quae
547 1144 605 1193 hunc
615 1156 714 1192 nostrum
725 1144 747 1192 i'n
758 1143 864 1191 Senecam
873 1156 911 1192 aut
920 1142 1018 1192 malivole

233 1227 271 1263 aut
286 1215 382 1263 censorie
398 1214 440 1262 dici
457 1215 533 1264 solent.
552 1215 600 1274 lpse
615 1228 695 1270 autem,
712 1235 845 1274 quamquam
861 1217 958 1265 instituta
974 1217 1019 1264 elo-

234 1288 334 1347 quentiae
347 1288 375 1346 ab
388 1288 476 1348 ineunte
489 1289 633 1338 adolescentia
645 1288 756 1337 didicisset
768 1302 790 1337 et
803 1290 825 1337 in
838 1290 908 1338 causis
921 1289 1019 1338 dicendis

195 1362 221 1410 15
235 1380 260 1408 ac
277 1360 469 1410 declamationibus
486 1375 582 1409 versatus
599 1374 662 1415 esset,
679 1361 738 1409 illam
755 1375 827 1409 tamen
845 1363 1019 1418 exercitationem

235 1431 315 1490 ingenii
326 1432 443 1482 tenendam
454 1432 494 1481 sibi
506 1453 551 1481 non
562 1451 608 1481 esse
619 1433 710 1491 putavit,
722 1444 746 1481 ut
757 1452 813 1492 quae
824 1433 933 1488 scriberet,
946 1453 970 1481 ea
982 1434 1020 1482 de-

235 1505 308 1553 limata
317 1525 396 1554 esseae
405 1505 498 1564 expolita
507 1526 573 1553 manu
582 1506 673 1553 oratoria
682 1505 813 1560 viderentur,
823 1507 861 1554 sed
871 1506 1020 1564 philosophiae

236 1577 308 1624 studio
322 1576 438 1625 delectatus
452 1598 497 1625 rem
511 1579 578 1635 magis
591 1598 657 1637 quam
669 1579 735 1627 verba
748 1579 861 1635 quaesivit.
874 1579 955 1637 Neque
966 1578 1020 1627 illud

237 1648 366 1697 dissimulari
384 1662 463 1707 potest,
481 1650 591 1698 neminem
609 1650 707 1698 omnium
724 1651 779 1699 adeo
796 1651 891 1708 peritum
908 1670 933 1698 ac
950 1650 1020 1698 excel*

195 1723 224 1771 ΖΟ
238 1720 319 1769 lentem
330 1741 377 1769 esse
388 1721 423 1770 cui
435 1734 472 1770 aut
484 1734 572 1770 naturae
584 1734 621 1770 aut
633 1722 699 1771 studii
711 1723 764 1771 vitio
775 1742 883 1770 summam
895 1723 923 1771 ad
934 1722 1021 1771 laudem

237 1813 281 1841 non
292 1793 366 1841 deesse
377 1793 460 1856 aliquid
469 1794 575 1842 videatur.
585 1792 661 1842 Oratio
672 1815 759 1853 nanque
769 1794 932 1849 Demosthenis,
944 1815 1020 1853 quam-

237 1885 303 1923 quam
316 1867 382 1924 gratia
395 1884 469 1924 parem
482 1865 523 1914 sibi
536 1886 582 1914 esse
595 1866 617 1914 in
631 1866 723 1915 dicendo
737 1865 821 1915 nullum
834 1867 948 1921 existimet,
959 1886 1021 1929 aures

235 2040 252 2076 6.
265 2040 314 2082 Apud
327 2039 381 2081 Gell„
389 2039 420 2076 loc.
433 2041 461 2075 cit.
511 2041 527 2076 7.
539 2039 589 2076 Prisc.
601 2040 641 2078 lnst.
653 2039 682 2075 Vl.
696 2039 718 2076 68
731 2039 759 2084 (ΙΙ,
771 2055 789 2082 p.
802 2039 835 2075 253
850 2038 879 2083 K).

197 2136 339 2146 ....—---·-

237 2188 256 2233 6.
270 2190 369 2233 censoriae
380 2189 400 2233 Ο
412 2190 501 2235 censorie
514 2191 537 2234 F.
592 2191 610 2234 6.
625 2201 687 2242 putet.
698 2190 742 2235 Nec
751 2189 813 2235 modo
823 2187 920 2234 Senecam
928 2189 953 2234 Α.
963 2188 1022 2236 Gelio

195 2256 231 2301 secl
241 2266 332 2311 tempora
339 2257 400 2301 etiam
410 2256 511 2300 Ciceronis
519 2273 598 2309 carpere
607 2253 673 2301 libuit.
683 2256 792 2306 Neminem
801 2255 884 2312 quidem
889 2255 1022 2317 ’excellentem

197 2324 291 2368 doctrinis
305 2334 371 2376 preter
385 2322 416 2366 M.
430 2323 541 2368 Varronem
554 2333 574 2367 et
588 2322 696 2375 Nigidium
711 2321 803 2375 figulum
818 2323 911 2368 habuisse
922 2323 967 2368 ‘dies
979 2322 1022 2368 illos

190 2390 286 2440 affirmat,
301 2406 348 2436 cum
361 2388 475 2434 testimonio
490 2388 598 2433 multorum
618 2398 694 2434 constet
712 2406 814 2434 summum
833 2390 853 2434 in
872 2388 985 2444 eloquentia
1003 2401 1022 2435 et

193 2456 318 2510 ,optimarum
334 2456 407 2500 artium
422 2455 494 2500 studiis
510 2474 573 2510 acque
589 2455 698 2509 disciplinis
712 2457 807 2500 omnibus
821 2457 891 2501 florem
905 2474 942 2503 nec
956 2456 1022 2509 plures

191 2539 288 2578 ¹unquam
301 2533 392 2575 tempore
405 2539 446 2565 uno
460 2522 503 2567 viro
517 2521 586 2566 doctos
600 2541 623 2566 ac
637 2520 754 2567 excellentes
768 2541 830 2576 quam
842 2522 944 2567 Ciceronis
955 2522 1022 2568 seculo

197 2589 292 2651 extitisse⁸¹
306 2586 381 2644 Neque
397 2605 469 2635 veroa
483 2587 583 2633 Prisciano
597 2588 713 2634 Cesariense
726 2589 852 2642 grammatice
866 2587 937 2635 Latine
951 2589 1022 2644 magis¹

196 2669 227 2701 tro
246 2655 353 2701 clarissimo
370 2673 434 2711 acque
452 2667 534 2709 parente
553 2673 655 2711 nusquam
674 2657 758 2701 storicus
779 2656 815 2700 iste
835 2674 872 2700 nec
891 2657 1022 2712 [nusquam.,.

197 2729 261 2768 neci.
275 2741 300 2768 m.
314 2721 360 2767 add.
374 2721 441 2774 Sicco]
456 2720 541 2776 amplius
558 2740 619 2777 quam
635 2721 696 2766 semel
709 2722 794 2775 tragicus
808 2721 884 2768 Seneca
899 2723 921 2773 [t.
937 2723 963 2776 S„
976 2728 990 2782 ξ.
1006 2740 1022 2767 r.

197 2788 243 2835 add.
257 2786 323 2841 Sicco]
337 2787 450 2833 nominatus
465 2799 501 2833 est.
514 2788 536 2833 F.
594 2788 623 2834 lll.
638 2798 741 2842 praecepta
753 2794 767 2834 i.
777 2807 800 2840 r.;
812 2806 835 2833 ex
847 2787 899 2833 dicta
910 2807 946 2833 sua
957 2795 1022 2835 statim

192 2854 279 2916 *cornO
295 2853 347 2901 dicta
363 2872 399 2900 sua
415 2865 435 2900 et
451 2866 555 2909 poetarum
568 2865 588 2900 et
602 2856 712 2908 peritorum
727 2855 833 2902 hominum
847 2856 962 2912 auctoritate
975 2873 1022 2901 con·

197 2922 263 2981 firmet
277 2921 301 2966 F.
357 2921 388 2966 l2.
402 2922 456 2966 hunc
470 2921 578 2976 nosthum)
593 2926 605 2966 ι’.
616 2938 639 2979 re
653 2939 677 2966 ex
691 2923 710 2966 in
725 2921 856 2976 Seneculml)
867 2928 934 2968 statim
945 2920 1022 2969 corr.0

156 2980 158 2984 ’
198 2979 252 3048 hunc
266 2999 356 3046 nostrum
370 3006 407 3032 om.
422 2988 444 3031 F.
734 2982 736 2984 ¹
