2093 3253
249 177 382 210 sennronun
396 178 523 211 ntusrnrun
536 189 550 193 —
564 177 622 210 nisan
637 179 650 210 r.
850 166 866 210 ’9
911 220 914 227 Ι

80 301 101 346 et
112 310 137 346 tu
149 294 202 344 mihi
214 295 253 344 filii
264 315 289 344 ac
300 313 369 353 prope
379 294 452 343 anima
462 295 563 343 cariores.
574 293 610 343 Ad
622 293 731 352 principes
742 293 832 352 quidem
844 306 866 343 et

79 373 176 419 summos
191 368 221 416 ad
236 368 294 416 viros
312 367 408 415 scribant
425 366 469 415 alii.
488 367 546 416 Mihi
564 379 637 415 autem
655 366 741 414 animus
759 366 866 423 persuasit

79 443 107 492 ad
119 462 178 490 meos
191 440 285 489 scribere
298 439 354 488 filios
366 441 463 498 enitique
476 452 500 488 ut
513 460 557 488 non
570 439 636 488 modo
649 439 687 497 qui
698 438 757 497 apud
768 447 803 487 me
815 434 866 487 sunt

79 536 104 565 ac
123 515 218 574 presenti
236 512 341 578 fruuntur
359 512 414 568 luce,
434 512 550 562 Modestus
570 527 591 561 et
610 511 712 567 Lazarus,
732 510 770 559 sed
788 510 867 570 reliqui

50 592 66 641 ’5
82 587 216 645 omnesqui
229 586 288 635 diem
300 585 402 635 obierunt
414 588 492 641 suumj
500 586 615 645 participes
628 587 671 634 sint
684 586 757 633 rerum
769 604 867 633 mearum

80 663 102 709 et
113 660 172 718 apud
184 659 285 706 mortales
298 658 438 711 immortales,
451 679 517 716 quarn
530 659 613 706 diutius
625 658 693 715 possit
705 658 761 710 lieri,¹
772 657 867 705 nominis

81 732 156 781 saltem
167 730 316 779 recordatione
331 731 411 779 vivant.
423 729 485 778 Nihil
495 731 554 778 enim
565 730 628 778 video
639 728 699 789 quod
710 750 737 777 ne
748 748 868 777 memorem

81 826 141 854 meos
153 805 191 863 qui
203 804 268 853 etiam
280 804 323 852 sint
334 804 378 852 vita
390 802 488 852 defuncti
500 823 535 851 me
546 803 593 851 iure
604 802 649 851 ullo
661 802 782 862 prohibeat.

124 877 160 925 Ad
171 889 193 925 te
205 876 278 934 igitur,
290 876 331 923 etsi
344 896 369 923 eo
381 875 500 934 perductus
512 877 541 922 sis
554 875 614 933 quod
627 895 674 923 mea
686 895 728 933 ope
740 895 784 923 non
796 894 866 932 egeas,

44 952 69 1002 10
83 951 147 998 edere
155 951 228 997 tamen
237 948 340 997 constitui
349 948 403 996 vitas
413 949 544 1005 scriptorum
552 947 670 996 illustrium
679 948 769 995 Latinae
775 942 868 1004 linguae,

84 1043 123 1072 nec
138 1021 229 1082 quidem
244 1021 344 1069 omnium
360 1020 410 1077 (hoc
425 1021 484 1069 enim
500 1040 544 1068 non
555 1019 679 1078 profiteor),
695 1019 734 1068 sed
748 1037 869 1078 paucorum

83 1109 148 1153 atque
161 1094 249 1143 illorum
263 1093 329 1141 modo
343 1094 381 1151 qui
394 1112 471 1141 eorum
484 1114 496 1140 e
510 1112 601 1141 numero
615 1088 666 1141 sunt
679 1094 718 1150 qui
731 1092 869 1151 eloquentiae

83 1167 185 1216 studiosis
200 1187 248 1213 esse
262 1185 328 1224 quam
343 1166 436 1212 maxime
450 1166 531 1222 cogniti
546 1178 567 1211 et
580 1165 697 1212 familiares
711 1165 789 1212 solent.
803 1164 870 1220 Quod

83 1259 163 1287 munus
178 1238 196 1285 si
211 1237 246 1285 cui
259 1237 340 1285 maiora
351 1235 442 1285 tortasse
453 1237 549 1294 cupienti
561 1237 671 1285 videretur
682 1238 792 1294 exiguum,
805 1236 870 1285 habet

45 1314 68 1361 15
77 1326 157 1367 tamen
167 1311 221 1359 nihil
232 1312 313 1359 iudicio
324 1315 374 1358 meo
383 1331 428 1368 quo
438 1311 562 1368 minus‘legi
573 1332 597 1359 ac
607 1311 693 1359 tolerari
704 1308 871 1369 possit.'Neque

83 1403 135 1433 vero
143 1387 194 1432 sum
204 1385 290 1431 nescius
300 1382 386 1431 luturos
397 1384 435 1441 qui
445 1384 524 1444 dicent}
534 1404 569 1431 me
584 1385 655 1441 operis
671 1383 735 1431 huius
747 1403 799 1431 cum
808 1401 870 1431 exor-

84 1457 151 1504 nandi
164 1469 213 1504 tum
224 1455 372 1514 amplificandi
382 1455 447 1503 causa
458 1455 537 1503 dixisse
552 1455 620 1504 multa
631 1476 675 1522 non
686 1474 743 1504 vera.
753 1454 871 1503 Neminem

84 1543 158 1578 tamen
171 1528 212 1577 hoc
225 1528 337 1577 dicturum
349 1533 403 1586 puto
416 1528 454 1586 qui
467 1528 495 1576 sit
508 1549 534 1577 ex
546 1527 588 1576 illis
602 1528 691 1587 qui'aut
704 1529 783 1577 horum
796 1527 871 1583 liliros,

85 1602 149 1656 dicta,
164 1600 221 1650 lacta
236 1601 295 1668 satis
308 1614 407 1650 accurate
428 1621 453 1650 ac
474 1599 617 1649 familiariter*
630 1601 729 1650 noverint
751 1615 788 1650 aut
809 1599 872 1650 lateri

41 1675 72 1725 ‘20
87 1674 150 1732 plane
160 1674 221 1732 quod
231 1674 352 1730 intelligant
363 1674 446 1721 dictum
456 1692 506 1722 vere
516 1677 582 1732 quain
593 1677 640 1723 inea
651 1675 778 1722 calumniari
788 1674 872 1722 malint.

88 1746 133 1795 Sed
147 1746 250 1805 loquatur
258 1746 352 1805 quisque
361 1747 408 1794 iure
416 1766 464 1795 suo.
474 1746 532 1795 Mihi
541 1759 614 1795 autem
623 1746 678 1795 illud
686 1759 718 1795 est
728 1747 788 1805 quod
796 1749 873 1795 verum

61 1868 63 1873 ,
85 1840 132 1867 esse
143 1818 250 1868 affirmare
262 1818 415 1878 queamzniliil
427 1821 474 1867 esse
485 1817 544 1867 aime
556 1819 601 1867 ullo
613 1819 706 1874 de'viro,
719 1820 773 1868 nihil
790 1819 833 1868 ulla
845 1819 873 1867 de

86 1910 109 1938 re
127 1892 211 1939 dictum
229 1911 323 1950 usquam
341 1892 401 1949 quod
419 1891 452 1939 vel
471 1893 563 1940 studiosi
581 1892 615 1939 vel
633 1885 713 1939 curiosi
732 1894 813 1949 quibus
831 1893 873 1940 hoc

58 1996 60 1999 >
87 1963 221 2020 percribrare
233 1963 339 2021 placuerit
351 1962 385 2012 vel
397 1963 425 2011 ab
437 1983 463 2011 eo
476 1964 524 2021 ipso
537 1964 621 2022 dequo
634 1965 674 2012 erit
687 1983 758 2012 sermo
770 1963 804 2013 vel
817 1983 873 2023 quo·

45 2034 71 2085 25
88 2054 154 2093 quam
166 2036 194 2084 ab
205 2037 255 2090 alio,
269 2056 309 2084 nec
321 2036 411 2094 quidem
424 2036 507 2085 insulso
519 2050 556 2085 aut
568 2035 669 2085 fabuloso
681 2037 720 2085 sed
731 2036 810 2085 illustri
822 2057 874 2085 sane

86 2127 111 2154 ac
127 2106 195 2165 digno
211 2107 254 2156 fide
271 2108 384 2166 scriptore,
401 2129 446 2156 non
462 2108 547 2158 dietum
563 2108 682 2157 inveniant.
701 2108 758 2157 lllud
774 2128 825 2157 vero
841 2121 874 2156 est

87 2179 148 2236 quod
163 2180 227 2227 nobis
243 2181 311 2237 magis
327 2200 374 2228 esse
389 2181 513 2228 timendum
529 2182 658 2235 existimem,
669 2202 697 2229 ne
713 2183 762 2240 quis
778 2202 813 2229 me
828 2183 875 2229 iure

87 2270 112 2298 ac
125 2251 194 2309 >digne
211 2252 362 2318 reprehendat
373 2253 433 2312 quod
450 2254 523 2302 sint'a
540 2273 575 2301 me
591 2254 725 2312 pretermissi
743 2253 813 2307 multi,
831 2254 875 2302 sint

55 2327 57 2330 ’
87 2323 153 2372 etiam
169 2344 213 2372 non
230 2324 287 2373 dicta
304 2325 377 2373 omnia
393 2329 449 2385 quae
465 2338 486 2374 et
502 2326 626 2384 cognitione
642 2326 787 2385 pulcherrima
803 2338 876 2374 essent

46 2393 74 2442 30
89 2399 110 2442 et
126 2397 241 2443 memorari
257 2416 306 2444 vere
322 2418 346 2445 ac
362 2399 542 2446 summa'horum
558 2419 609 2446 curn
624 2398 688 2446 laude
703 2403 800 2457 possent.
816 2398 877 2446 Haec

88 2467 178 2525 quidem
193 2468 300 2526 patienter
314 2467 384 2518 lerent
398 2490 423 2518 ac
438 2471 524 2519 veniam
539 2470 629 2524 dabunt,
645 2490 701 2525 reor,⁴
716 2490 755 2530 pro
771 2470 877 2520 modestia

88 2560 127 2588 sua
142 2541 186 2599 qui
195 2554 259 2589 erunt
274 2542 338 2600 periti
353 2564 378 2591 ac
393 2543 445 2592 boni
460 2543 508 2597 viri,
524 2544 584 2602 quod
599 2544 720 2603 intelligent
742 2545 877 2603 provinciam

89 2612 144 2661 hanc
158 2613 223 2661 nullis
237 2616 336 2663 terminis
351 2615 467 2664 diffinitam
480 2617 616 2675 eandemque
629 2618 683 2666 adeo
697 2639 799 2675 magnam
811 2630 877 2676 atque
914 2653 916 2656 f

89 2685 219 2733 immensam
238 2707 285 2734 esse
305 2688 365 2746 quod
384 2688 486 2747 amplecti
506 2688 565 2737 haud
584 2688 647 2738 lacile
666 2702 711 2739 tota
731 2692 808 2750 possit.
828 2691 878 2739 Hoc

47 2807 191 2819 -—-—---

89 2873 108 2917 ll
126 2874 162 2918 sed
175 2880 224 2919 corr.
237 2894 259 2919 ex
271 2876 294 2919 si.
312 2850 335 2920 li
349 2876 436 2941 tollerari
457 2877 471 2930 (l
482 2877 535 2930 exp.)
546 2878 566 2922 Ο
577 2878 664 2924 tollerari
676 2880 741 2924 RHV.
783 2881 827 2946 131,
839 2879 879 2924 ler-

48 2949 99 2983 rent.
