2093 3253
157 236 198 283 46⁸
454 251 548 283 sicconis
562 252 681 283 noraurour

200 366 240 414 sibi
251 364 317 414 ullam
327 364 462 424 recipiendae
472 363 545 412 salutis
556 365 624 413 daret.
634 365 704 432 Saepe
714 364 803 423 quidem
813 366 840 413 de
851 379 920 414 morte
929 366 983 415 deli-

203 439 272 498 genda
288 438 395 497 cogitavit;
413 437 453 493 hoc
470 438 529 486 enim
544 450 642 496 tempora
659 437 694 485 illa
711 438 854 487 maximorum
871 439 984 488 hominum

202 512 357 567 adhortatione,
371 511 458 566 iudicio,
472 510 570 570 exemplo
583 512 709 566 suadebant.
723 512 797 571 utqui
810 514 907 573 oppressi
920 512 985 571 longo

203 600 240 634 aut
253 586 329 633 morbo
340 598 377 633 aut
390 584 449 632 senio
462 585 599 642 desperarent
612 586 639 632 de
651 585 701 638 vita,
714 584 736 631 hi
748 598 833 641 gratum
845 587 886 634 sibi
898 586 986 644 aliquod

176 661 189 708 5
205 658 279 707 mortis
297 678 364 716 genus
382 656 484 714 eligerent
501 658 612 716 emorique
625 657 746 715 aliquando
762 657 813 706 lorti
830 658 903 707 animo
920 678 986 716 quam

205 732 279 780 dolore
288 743 393 788 perpetuo
403 729 492 777 cruciari
503 729 598 777 mallent.
608 730 687 788 Neque
696 749 748 778 vero
762 731 834 788 ipsum
843 732 914 780 tenuit
928 730 987 778 aliud

174 844 176 849 Α
206 824 272 863 quam
282 803 350 861 pietas
359 822 444 850 summa
451 820 501 859 erga
509 814 599 860 patrem,
608 802 668 860 quod
679 803 722 850 iam
732 816 852 851 senesceret
863 816 884 851 et
895 816 988 852 mortem

204 876 328 927 amatissimi
337 875 375 925 filii
383 875 472 934 patienti
480 874 553 924 animo
562 896 606 924 non
613 875 712 924 tullisset.
718 876 786 924 Patris
794 877 867 935 itaque
875 877 941 935 gratia
947 876 988 924 sibi

206 951 291 1000 animus
303 949 408 1007 persuasit
420 969 448 995 ne
460 961 552 997 mortem
564 948 605 996 sibi
617 949 724 997 maiorum
736 968 795 997 more
807 951 912 998 consciret
924 962 989 1006 atque

166 1026 193 1075 10
207 1022 296 1072 tandem
307 1020 369 1070 saluti
381 1041 407 1069 ex
418 1020 526 1079 insperato
537 1020 648 1070 restitutus
660 1032 699 1070 est.
710 1020 746 1070 Ad
757 1042 805 1070 earn
816 1040 862 1071 rem
872 1034 944 1081 preter
955 1020 990 1070 illa

208 1116 263 1156 quae
286 1095 420 1144 medicorum
442 1092 553 1151 diligentia
576 1095 704 1143 ministravit
726 1107 783 1143 aetas
805 1096 932 1153 pubescens>
949 1095 990 1142 sibi

209 1168 396 1218 vehementissime
411 1165 500 1224 proluit,
516 1168 576 1225 quod
591 1182 667 1216 natura
682 1166 744 1215 fortis
758 1174 815 1216 esset
830 1191 870 1217 nec
886 1169 953 1225 mergi
968 1190 992 1215 se

210 1242 295 1302 penitus
306 1240 439 1299 aegritudine
450 1252 565 1298 pateretur.
577 1240 676 1290 Multum
686 1241 751 1289 etiam
761 1241 802 1290 sibi
813 1242 933 1291 amicorum
943 1259 991 1299 pre-

209 1315 276 1365 sentia
292 1313 381 1374 proluit.
397 1311 489 1362 Profecti
506 1334 592 1373 nanque
607 1315 636 1363 ad
651 1335 702 1363 eum
717 1313 832 1364 visendum
861 1314 992 1363 adhortatio*

170 1392 197 1439 15
212 1390 283 1443 nibus,
302 1388 387 1446 vigiliis,
407 1388 542 1435 sermonibus
561 1387 691 1436 dulcissimis
702 1388 815 1435 cadentem
825 1388 923 1435 animum
941 1387 993 1434 sub·

213 1460 318 1511 levabant.
335 1459 456 1509 Plurimum
472 1479 523 1509 vero
540 1460 581 1508 sibi
598 1460 734 1519 philosophia
756 1459 845 1519 proluit.
869 1460 914 1509 lam
936 1459 994 1507 enim

213 1534 310 1584 eruditus
322 1547 367 1582 erat
379 1534 574 1593 recordabaturque
586 1546 751 1593 praeceptorum
763 1534 815 1588 eius,
829 1554 884 1592 quae
896 1533 995 1581 iuberent

213 1607 297 1657 dolores
305 1620 371 1665 atque
379 1619 471 1654 mortem
479 1607 555 1664 ipsam,
565 1627 616 1654 cum
624 1620 739 1665 oporteret,
748 1606 807 1654 bono
814 1606 887 1654 animo
895 1606 995 1653 lerendos

213 1702 266 1729 esse.

171 1756 201 1804 20
258 1752 319 1801 Vitae
332 1766 405 1801 autem
418 1753 499 1809 primos
512 1774 580 1801 annos
593 1754 616 1801 in
630 1753 734 1810 Hispania
747 1753 806 1809 apud
819 1774 876 1807 suos,
890 1751 997 1809 reliquum

215 1845 266 1875 vero
283 1838 369 1883 tempus
387 1845 451 1873 omne
464 1824 550 1873 'Romae
567 1825 627 1873 vixit.
645 1824 739 1874 Causam
757 1826 878 1882 migrationi
896 1825 998 1873 adversus

216 1899 296 1956 patriae
305 1917 366 1945 casus
376 1896 443 1945 dedit.
453 1896 503 1944 Erat
513 1897 616 1945 Corduba
625 1897 728 1954 Hispanis
737 1918 749 1944 e
758 1898 880 1945 civitatibus
889 1898 942 1945 urbs
951 1909 998 1943 tum

215 1970 308 2020 maxime
322 1969 431 2029 opulenta,
446 1990 486 2018 nec
500 1988 547 2018 raro
561 1969 626 2018 simul
640 1990 691 2018 cum
704 1969 792 2017 caeteris
806 1969 911 2025 libertatis
924 1968 999 2017 vendi-

215 2043 295 2094 candae
309 2064 373 2092 causa
387 2055 461 2092 contra
475 2043 591 2102 imperium
606 2042 777 2109 Romanumvres
792 2064 857 2093 novas
873 2043 946 2093 molita
961 2056 1000 2091 est.

173 2120 203 2167 25
219 2116 278 2166 bello
288 2129 361 2164 autem
370 2115 427 2164 civili
437 2116 498 2174 quod
508 2115 586 2164 Caesar
596 2117 618 2163 in
629 2116 757 2173 Pompeium
771 2117 836 2173 gessit
851 2130 922 2175 partes
936 2116 1000 2163 Pom-

217 2188 259 2249 peii
277 2210 302 2237 ac
319 2189 349 2237 rei
367 2187 466 2248 publicae
483 2188 553 2237 tenuit
570 2201 635 2247 atque
653 2187 686 2236 bis
703 2208 716 2235 a
726 2187 817 2254 Caesare
835 2189 858 2237 in
868 2188 1001 2238 deditionem

216 2275 303 2321 accepta
316 2262 350 2309 bis
364 2261 480 2310 rebellavit.
494 2262 573 2310 Caesar
587 2282 672 2319 nanque
685 2282 736 2308 cum
749 2262 878 2320 Pompeium
890 2262 950 2311 ltalia
960 2263 1002 2310 eie-

212 2337 290 2389 cisset,
310 2333 419 2393 protectus
438 2335 460 2382 in
480 2334 607 2393 Hispaniam
626 2335 706 2393 legatos
725 2334 829 2393 Pompeii,
848 2335 964 2384 Afranium
983 2347 1003 2382 et

220 2410 335 2462 Petreium,
355 2407 419 2460 ludit,
439 2407 558 2456 Varronem
576 2421 649 2456 autern
668 2408 753 2457 duabus
772 2429 823 2457 cum
841 2408 964 2467 legionibus
983 2420 1004 2454 et

178 2486 209 2532 30
224 2484 301 2532 urbem
315 2482 370 2531 hanc
385 2481 512 2530 Cordubam
525 2502 576 2530 curn
591 2482 650 2530 omni
666 2482 771 2541 Hispania
785 2484 807 2530 in
822 2482 956 2542 deditionem
969 2501 1004 2529 ac-

221 2555 286 2614 eepit.
298 2556 342 2604 Sed
354 2576 404 2603 mox
415 2567 439 2603 ut
451 2554 566 2603 Caesarem
577 2556 684 2603 traiecisse
695 2556 718 2603 in
730 2555 844 2604 Graeciam
855 2556 955 2603 auditum
965 2567 1004 2607 est,

210 2629 315 2688 >Hispani
332 2628 406 2687 populi
422 2627 544 2687 complures
560 2648 585 2677 ac
601 2629 729 2677 nominatim
745 2627 898 2678 Cordubenses
914 2640 935 2678 et
951 2647 1006 2687 quae

223 2702 325 2751 Varronis
333 2700 418 2750 fuerant
426 2700 521 2759 legiones
529 2721 541 2748 a
549 2701 647 2759 partibus
656 2700 753 2749 Caesaris
762 2702 906 2751 desciverunt.
915 2701 1007 2750 Proinde

224 2777 247 2824 in
262 2775 390 2833 Hispaniam
405 2794 502 2822 reversus
513 2775 592 2822 Caesar
603 2787 652 2832 post
663 2775 806 2822 Pharsalicam
817 2796 913 2832 pugnam
923 2794 948 2821 ac
958 2785 1007 2832 post

181 2850 211 2898 35
227 2868 260 2896 res
272 2849 294 2897 in
305 2847 433 2897 Alexandria
445 2860 466 2897 et
478 2846 551 2896 Airiea
564 2859 632 2905 gestas
645 2848 700 2895 hane
712 2848 791 2896 iterum
803 2848 889 2906 subegit
901 2847 1008 2896 civitatem

224 3031 243 3077 4.
258 3032 279 3077 hi
288 3051 325 3077 om.
336 3033 358 3077 F.
409 3030 428 3075 6.
443 3029 522 3075 mallent
531 3031 578 3075 inF
594 3048 639 3075 sscr.
650 3028 714 3075 Sicco.
764 3028 796 3075 35.
810 3029 930 3075 Alexandria
941 3048 978 3074 om.
987 3027 1010 3072 F,
