<?xml version="1.0" encoding="UTF-8"?>
<!DOCTYPE html PUBLIC "-//W3C//DTD XHTML 1.0 Transitional//EN"
    "http://www.w3.org/TR/xhtml1/DTD/xhtml1-transitional.dtd">
<html xmlns="http://www.w3.org/1999/xhtml" xml:lang="en" lang="en">
 <head>
  <title>
</title>
<meta http-equiv="Content-Type" content="text/html;charset=utf-8" />
  <meta name='ocr-system' content='tesseract 3.04.00' />
  <meta name='ocr-capabilities' content='ocr_page ocr_carea ocr_par ocr_line ocrx_word'/>
</head>
<body>
  <div class='ocr_page' id='page_1' title='image "MN40033ucmf_2_0442.png"; bbox 0 0 2093 3253; ppageno 0'>
   <div class='ocr_carea' id='block_1_1' title="bbox 157 157 681 204">
    <p class='ocr_par' dir='ltr' id='par_1_1' title="bbox 157 157 681 204">
     <span class='ocr_line' id='line_1_1' title="bbox 157 157 681 204; baseline 0.006 -3"><span class='ocrx_word' id='word_1_1' title='bbox 157 157 196 204; x_wconf 76' lang='lat'>368</span> <span class='ocrx_word' id='word_1_2' title='bbox 380 189 382 194; x_wconf 27' lang='grc' dir='ltr'><strong>ν</strong></span> <span class='ocrx_word' id='word_1_3' title='bbox 455 171 549 204; x_wconf 86' lang='lat' dir='ltr'>srcconrs</span> <span class='ocrx_word' id='word_1_4' title='bbox 564 173 681 204; x_wconf 77' lang='lat' dir='ltr'>nouunronr</span> 
     </span>
    </p>
   </div>
   <div class='ocr_carea' id='block_1_2' title="bbox 199 286 1047 357">
    <p class='ocr_par' dir='ltr' id='par_1_2' title="bbox 199 286 1047 357">
     <span class='ocr_line' id='line_1_2' title="bbox 199 286 1047 357; baseline 0.006 -21"><span class='ocrx_word' id='word_1_5' title='bbox 199 286 289 346; x_wconf 79' lang='lat' dir='ltr'>quidem</span> <span class='ocrx_word' id='word_1_6' title='bbox 298 307 354 346; x_wconf 88' lang='lat' dir='ltr'>quae</span> <span class='ocrx_word' id='word_1_7' title='bbox 363 289 386 337; x_wconf 90' lang='lat' dir='ltr'>in</span> <span class='ocrx_word' id='word_1_8' title='bbox 396 306 419 337; x_wconf 93' lang='lat' dir='ltr'>re</span> <span class='ocrx_word' id='word_1_9' title='bbox 429 288 516 348; x_wconf 87' lang='lat' dir='ltr'>publica</span> <span class='ocrx_word' id='word_1_10' title='bbox 526 302 585 347; x_wconf 80' lang='lat' dir='ltr'>gesta</span> <span class='ocrx_word' id='word_1_11' title='bbox 594 301 615 337; x_wconf 92' lang='lat' dir='ltr'>et</span> <span class='ocrx_word' id='word_1_12' title='bbox 625 290 711 348; x_wconf 87' lang='lat' dir='ltr'>abipso</span> <span class='ocrx_word' id='word_1_13' title='bbox 721 302 742 337; x_wconf 88' lang='lat' dir='ltr'>et</span> <span class='ocrx_word' id='word_1_14' title='bbox 751 289 779 337; x_wconf 87' lang='lat' dir='ltr'>ab</span> <span class='ocrx_word' id='word_1_15' title='bbox 789 287 826 337; x_wconf 91' lang='lat' dir='ltr'>illo</span> <span class='ocrx_word' id='word_1_16' title='bbox 836 289 886 343; x_wconf 88' lang='lat' dir='ltr'>sint;</span> <span class='ocrx_word' id='word_1_17' title='bbox 897 290 982 357; x_wconf 83' lang='lat' dir='ltr'>eadem·</span> <span class='ocrx_word' id='word_1_18' title='bbox 1045 308 1047 310; x_wconf 79' lang='grc'>’</span> 
     </span>
    </p>
   </div>
   <div class='ocr_carea' id='block_1_3' title="bbox 200 361 1047 420">
    <p class='ocr_par' dir='ltr' id='par_1_3' title="bbox 200 361 1047 420">
     <span class='ocr_line' id='line_1_3' title="bbox 200 361 1047 420; baseline 0.006 -11"><span class='ocrx_word' id='word_1_19' title='bbox 200 381 243 419; x_wconf 85' lang='lat' dir='ltr'>que</span> <span class='ocrx_word' id='word_1_20' title='bbox 257 362 286 410; x_wconf 89' lang='lat' dir='ltr'>ita</span> <span class='ocrx_word' id='word_1_21' title='bbox 302 373 457 410; x_wconf 78' lang='lat' dir='ltr'>commemorat</span> <span class='ocrx_word' id='word_1_22' title='bbox 474 374 498 410; x_wconf 94' lang='lat' dir='ltr'>ut</span> <span class='ocrx_word' id='word_1_23' title='bbox 515 381 548 410; x_wconf 90' lang='lat' dir='ltr'>res</span> <span class='ocrx_word' id='word_1_24' title='bbox 565 362 629 411; x_wconf 86' lang='lat' dir='ltr'>rebus</span> <span class='ocrx_word' id='word_1_25' title='bbox 646 361 777 410; x_wconf 72' lang='lat' dir='ltr'>conferendo</span> <span class='ocrx_word' id='word_1_26' title='bbox 793 362 895 420; x_wconf 86' lang='lat' dir='ltr'><strong>splendor</strong></span> <span class='ocrx_word' id='word_1_27' title='bbox 911 380 982 414; x_wconf 91' lang='lat' dir='ltr'>rerum</span> <span class='ocrx_word' id='word_1_28' title='bbox 1045 373 1047 401; x_wconf 77' lang='grc' dir='ltr'>ἶ</span> 
     </span>
    </p>
   </div>
   <div class='ocr_carea' id='block_1_4' title="bbox 141 433 1045 2814">
    <p class='ocr_par' dir='ltr' id='par_1_4' title="bbox 200 433 982 563">
     <span class='ocr_line' id='line_1_4' title="bbox 200 433 982 492; baseline 0.004 -11"><span class='ocrx_word' id='word_1_29' title='bbox 200 453 288 483; x_wconf 89' lang='lat' dir='ltr'>suarum</span> <span class='ocrx_word' id='word_1_30' title='bbox 302 433 403 482; x_wconf 82' lang='lat' dir='ltr'><strong>obscuret</strong></span> <span class='ocrx_word' id='word_1_31' title='bbox 418 435 490 483; x_wconf 90' lang='lat' dir='ltr'>omnia</span> <span class='ocrx_word' id='word_1_32' title='bbox 505 455 561 492; x_wconf 82' lang='lat' dir='ltr'>quae</span> <span class='ocrx_word' id='word_1_33' title='bbox 574 435 602 484; x_wconf 86' lang='lat' dir='ltr'>ab</span> <span class='ocrx_word' id='word_1_34' title='bbox 616 434 653 483; x_wconf 92' lang='lat' dir='ltr'>illo</span> <span class='ocrx_word' id='word_1_35' title='bbox 666 433 723 483; x_wconf 79' lang='lat' dir='ltr'>lacta</span> <span class='ocrx_word' id='word_1_36' title='bbox 736 434 781 482; x_wconf 94' lang='lat' dir='ltr'>ullo</span> <span class='ocrx_word' id='word_1_37' title='bbox 795 435 849 483; x_wconf 88' lang='lat' dir='ltr'>vitae</span> <span class='ocrx_word' id='word_1_38' title='bbox 863 454 914 483; x_wconf 87' lang='lat' dir='ltr'>suae</span> <span class='ocrx_word' id='word_1_39' title='bbox 927 446 982 484; x_wconf 87' lang='lat' dir='ltr'>tem-</span> 
     </span>
     <span class='ocr_line' id='line_1_5' title="bbox 200 506 386 563; baseline 0.011 -11"><span class='ocrx_word' id='word_1_40' title='bbox 200 524 252 563; x_wconf 88' lang='lat' dir='ltr'>pore</span> <span class='ocrx_word' id='word_1_41' title='bbox 267 506 386 554; x_wconf 89' lang='lat' dir='ltr'>videantur.</span> 
     </span>
    </p>

    <p class='ocr_par' dir='ltr' id='par_1_5' title="bbox 176 577 984 927">
     <span class='ocr_line' id='line_1_6' title="bbox 176 577 981 638; baseline 0.004 -12"><span class='ocrx_word' id='word_1_42' title='bbox 176 578 188 626; x_wconf 95' lang='grc'>5</span> <span class='ocrx_word' id='word_1_43' title='bbox 246 577 354 627; x_wconf 76' lang='lat' dir='ltr'>Gabinius</span> <span class='ocrx_word' id='word_1_44' title='bbox 368 591 442 627; x_wconf 89' lang='lat' dir='ltr'>autem</span> <span class='ocrx_word' id='word_1_45' title='bbox 456 578 520 636; x_wconf 82' lang='lat' dir='ltr'>longe</span> <span class='ocrx_word' id='word_1_46' title='bbox 534 591 609 637; x_wconf 90' lang='lat' dir='ltr'>postea</span> <span class='ocrx_word' id='word_1_47' title='bbox 623 600 635 628; x_wconf 92' lang='lat' dir='ltr'>e</span> <span class='ocrx_word' id='word_1_48' title='bbox 650 579 718 638; x_wconf 82' lang='lat' dir='ltr'>Syria,</span> <span class='ocrx_word' id='word_1_49' title='bbox 734 579 794 638; x_wconf 88' lang='lat' dir='ltr'>quod</span> <span class='ocrx_word' id='word_1_50' title='bbox 808 591 863 627; x_wconf 89' lang='lat' dir='ltr'>esset</span> <span class='ocrx_word' id='word_1_51' title='bbox 874 581 981 636; x_wconf 82' lang='lat' dir='ltr'>remotior,</span> 
     </span>
     <span class='ocr_line' id='line_1_7' title="bbox 201 650 983 714; baseline 0.004 -16"><span class='ocrx_word' id='word_1_52' title='bbox 201 651 228 698; x_wconf 91' lang='lat' dir='ltr'>ad</span> <span class='ocrx_word' id='word_1_53' title='bbox 243 651 321 699; x_wconf 88' lang='lat' dir='ltr'>urbem</span> <span class='ocrx_word' id='word_1_54' title='bbox 336 650 437 698; x_wconf 80' lang='lat' dir='ltr'>Domitio</span> <span class='ocrx_word' id='word_1_55' title='bbox 453 664 475 699; x_wconf 89' lang='lat' dir='ltr'>et</span> <span class='ocrx_word' id='word_1_56' title='bbox 494 650 566 710; x_wconf 73' lang='lat' dir='ltr'>Appio</span> <span class='ocrx_word' id='word_1_57' title='bbox 582 651 707 699; x_wconf 86' lang='lat' dir='ltr'>consulibus</span> <span class='ocrx_word' id='word_1_58' title='bbox 723 650 793 699; x_wconf 85' lang='lat' dir='ltr'>rediit.</span> <span class='ocrx_word' id='word_1_59' title='bbox 810 650 910 714; x_wconf 85' lang='lat' dir='ltr'>Ciceroni</span> <span class='ocrx_word' id='word_1_60' title='bbox 927 651 983 701; x_wconf 87' lang='lat' dir='ltr'>hunc</span> 
     </span>
     <span class='ocr_line' id='line_1_8' title="bbox 202 721 982 781; baseline 0.004 -12"><span class='ocrx_word' id='word_1_61' title='bbox 202 721 346 771; x_wconf 88' lang='lat' dir='ltr'>reconciliavit</span> <span class='ocrx_word' id='word_1_62' title='bbox 361 722 485 780; x_wconf 90' lang='lat' dir='ltr'>Pompeius.</span> <span class='ocrx_word' id='word_1_63' title='bbox 503 722 554 771; x_wconf 83' lang='lat' dir='ltr'>Erat</span> <span class='ocrx_word' id='word_1_64' title='bbox 571 723 661 781; x_wconf 85' lang='lat' dir='ltr'>quidem</span> <span class='ocrx_word' id='word_1_65' title='bbox 672 722 707 770; x_wconf 91' lang='lat' dir='ltr'>hic</span> <span class='ocrx_word' id='word_1_66' title='bbox 717 721 816 771; x_wconf 77' lang='lat' dir='ltr'>factionis</span> <span class='ocrx_word' id='word_1_67' title='bbox 827 742 885 771; x_wconf 82' lang='lat' dir='ltr'>suae.</span> <span class='ocrx_word' id='word_1_68' title='bbox 896 722 982 773; x_wconf 88' lang='lat' dir='ltr'>Cicero-</span> 
     </span>
     <span class='ocr_line' id='line_1_9' title="bbox 201 794 984 854; baseline 0.006 -12"><span class='ocrx_word' id='word_1_69' title='bbox 201 813 251 842; x_wconf 88' lang='lat' dir='ltr'>nem</span> <span class='ocrx_word' id='word_1_70' title='bbox 261 807 335 843; x_wconf 89' lang='lat' dir='ltr'>autem</span> <span class='ocrx_word' id='word_1_71' title='bbox 343 794 438 843; x_wconf 87' lang='lat' dir='ltr'>Gabinio</span> <span class='ocrx_word' id='word_1_72' title='bbox 448 796 503 844; x_wconf 86' lang='lat' dir='ltr'>adeo</span> <span class='ocrx_word' id='word_1_73' title='bbox 515 794 607 854; x_wconf 86' lang='lat' dir='ltr'>placavit</span> <span class='ocrx_word' id='word_1_74' title='bbox 615 795 730 854; x_wconf 88' lang='lat' dir='ltr'>Pompeius</span> <span class='ocrx_word' id='word_1_75' title='bbox 741 795 903 853; x_wconf 86' lang='lat' dir='ltr'>interpositione</span> <span class='ocrx_word' id='word_1_76' title='bbox 914 816 953 846; x_wconf 88' lang='lat' dir='ltr'>sua</span> <span class='ocrx_word' id='word_1_77' title='bbox 960 812 984 847; x_wconf 92' lang='lat' dir='ltr'>ut</span> 
     </span>
     <span class='ocr_line' id='line_1_10' title="bbox 201 866 984 927; baseline 0.004 -12"><span class='ocrx_word' id='word_1_78' title='bbox 201 867 271 925; x_wconf 89' lang='lat' dir='ltr'>sopita</span> <span class='ocrx_word' id='word_1_79' title='bbox 289 866 416 916; x_wconf 89' lang='lat' dir='ltr'>iniuriarum</span> <span class='ocrx_word' id='word_1_80' title='bbox 433 868 504 917; x_wconf 89' lang='lat' dir='ltr'>omnis</span> <span class='ocrx_word' id='word_1_81' title='bbox 520 868 639 917; x_wconf 81' lang='lat' dir='ltr'>recordatio</span> <span class='ocrx_word' id='word_1_82' title='bbox 654 868 762 917; x_wconf 87' lang='lat' dir='ltr'>videretur</span> <span class='ocrx_word' id='word_1_83' title='bbox 779 880 844 926; x_wconf 84' lang='lat' dir='ltr'>atque</span> <span class='ocrx_word' id='word_1_84' title='bbox 855 869 984 927; x_wconf 87' lang='lat' dir='ltr'>repetunda-</span> 
     </span>
    </p>

    <p class='ocr_par' dir='ltr' id='par_1_6' title="bbox 164 935 984 998">
     <span class='ocr_line' id='line_1_11' title="bbox 164 935 984 998; baseline 0.005 -11"><span class='ocrx_word' id='word_1_85' title='bbox 164 940 189 987; x_wconf 80' lang='grc'>10</span> <span class='ocrx_word' id='word_1_86' title='bbox 204 958 252 988; x_wconf 93' lang='lat' dir='ltr'>rum</span> <span class='ocrx_word' id='word_1_87' title='bbox 273 952 397 988; x_wconf 87' lang='lat' dir='ltr'>accusatum</span> <span class='ocrx_word' id='word_1_88' title='bbox 418 939 539 988; x_wconf 90' lang='lat' dir='ltr'>Gabinium</span> <span class='ocrx_word' id='word_1_89' title='bbox 560 940 636 989; x_wconf 91' lang='lat' dir='ltr'>Cicero</span> <span class='ocrx_word' id='word_1_90' title='bbox 658 935 715 998; x_wconf 76' lang='lat' dir='ltr'>gra&#39;vi</span> <span class='ocrx_word' id='word_1_91' title='bbox 737 940 833 988; x_wconf 90' lang='lat' dir='ltr'>oratione</span> <span class='ocrx_word' id='word_1_92' title='bbox 853 939 984 992; x_wconf 76' lang='lat' dir='ltr'>detenderet.</span> 
     </span>
    </p>

    <p class='ocr_par' dir='ltr' id='par_1_7' title="bbox 202 1011 985 1289">
     <span class='ocr_line' id='line_1_12' title="bbox 244 1011 984 1073; baseline 0.004 -13"><span class='ocrx_word' id='word_1_93' title='bbox 244 1012 384 1060; x_wconf 79' lang='lat' dir='ltr'>persuasione</span> <span class='ocrx_word' id='word_1_94' title='bbox 398 1032 486 1072; x_wconf 90' lang='lat' dir='ltr'>quoque</span> <span class='ocrx_word' id='word_1_95' title='bbox 502 1012 599 1073; x_wconf 84' lang='lat' dir='ltr'>Pompeii</span> <span class='ocrx_word' id='word_1_96' title='bbox 613 1031 690 1071; x_wconf 80' lang='lat' dir='ltr'>magna</span> <span class='ocrx_word' id='word_1_97' title='bbox 703 1024 735 1060; x_wconf 88' lang='lat' dir='ltr'>est</span> <span class='ocrx_word' id='word_1_98' title='bbox 748 1013 770 1061; x_wconf 92' lang='lat' dir='ltr'>in</span> <span class='ocrx_word' id='word_1_99' title='bbox 784 1011 895 1061; x_wconf 81' lang='lat' dir='ltr'>Vatinium</span> <span class='ocrx_word' id='word_1_100' title='bbox 908 1012 984 1063; x_wconf 88' lang='lat' dir='ltr'>Cicero</span> 
     </span>
     <span class='ocr_line' id='line_1_13' title="bbox 205 1083 985 1146; baseline 0.001 -14"><span class='ocrx_word' id='word_1_101' title='bbox 205 1083 371 1133; x_wconf 84' lang='lat' dir='ltr'>mansuetudine</span> <span class='ocrx_word' id='word_1_102' title='bbox 385 1105 410 1133; x_wconf 88' lang='lat' dir='ltr'>ac</span> <span class='ocrx_word' id='word_1_103' title='bbox 425 1084 513 1133; x_wconf 88' lang='lat' dir='ltr'>lenitate</span> <span class='ocrx_word' id='word_1_104' title='bbox 527 1105 587 1133; x_wconf 92' lang='lat' dir='ltr'>usus.</span> <span class='ocrx_word' id='word_1_105' title='bbox 605 1084 680 1143; x_wconf 90' lang='lat' dir='ltr'>Ipsum</span> <span class='ocrx_word' id='word_1_106' title='bbox 695 1084 754 1133; x_wconf 92' lang='lat' dir='ltr'>enim</span> <span class='ocrx_word' id='word_1_107' title='bbox 769 1105 901 1145; x_wconf 86' lang='lat' dir='ltr'>quamquam</span> <span class='ocrx_word' id='word_1_108' title='bbox 916 1085 985 1146; x_wconf 81' lang='lat' dir='ltr'>digni-</span> 
     </span>
     <span class='ocr_line' id='line_1_14' title="bbox 202 1157 985 1217; baseline 0.003 -12"><span class='ocrx_word' id='word_1_109' title='bbox 202 1159 240 1205; x_wconf 88' lang='lat' dir='ltr'>tati</span> <span class='ocrx_word' id='word_1_110' title='bbox 255 1178 307 1206; x_wconf 87' lang='lat' dir='ltr'>suae</span> <span class='ocrx_word' id='word_1_111' title='bbox 321 1158 453 1206; x_wconf 91' lang='lat' dir='ltr'>contrarium</span> <span class='ocrx_word' id='word_1_112' title='bbox 467 1177 492 1205; x_wconf 93' lang='lat' dir='ltr'>ac</span> <span class='ocrx_word' id='word_1_113' title='bbox 507 1158 621 1206; x_wconf 87' lang='lat' dir='ltr'>inimicum</span> <span class='ocrx_word' id='word_1_114' title='bbox 643 1157 753 1206; x_wconf 81' lang='lat' dir='ltr'>habuisset</span> <span class='ocrx_word' id='word_1_115' title='bbox 775 1177 867 1216; x_wconf 88' lang='lat' dir='ltr'>semper,</span> <span class='ocrx_word' id='word_1_116' title='bbox 890 1158 985 1217; x_wconf 87' lang='lat' dir='ltr'>placatus</span> 
     </span>
     <span class='ocr_line' id='line_1_15' title="bbox 203 1230 984 1289; baseline -0.001 -10"><span class='ocrx_word' id='word_1_117' title='bbox 203 1244 276 1279; x_wconf 89' lang='lat' dir='ltr'>tamen</span> <span class='ocrx_word' id='word_1_118' title='bbox 290 1230 362 1279; x_wconf 88' lang='lat' dir='ltr'>animo</span> <span class='ocrx_word' id='word_1_119' title='bbox 377 1230 460 1288; x_wconf 80' lang='lat' dir='ltr'>integro</span> <span class='ocrx_word' id='word_1_120' title='bbox 475 1251 500 1279; x_wconf 87' lang='lat' dir='ltr'>ac</span> <span class='ocrx_word' id='word_1_121' title='bbox 515 1230 588 1279; x_wconf 91' lang='lat' dir='ltr'>studio</span> <span class='ocrx_word' id='word_1_122' title='bbox 599 1251 686 1279; x_wconf 89' lang='lat' dir='ltr'>summo</span> <span class='ocrx_word' id='word_1_123' title='bbox 698 1231 784 1280; x_wconf 88' lang='lat' dir='ltr'>duobus</span> <span class='ocrx_word' id='word_1_124' title='bbox 795 1230 881 1280; x_wconf 87' lang='lat' dir='ltr'>iudiciis</span> <span class='ocrx_word' id='word_1_125' title='bbox 892 1230 984 1289; x_wconf 84' lang='lat' dir='ltr'>publicis</span> 
     </span>
    </p>

    <p class='ocr_par' dir='ltr' id='par_1_8' title="bbox 164 1305 309 1354">
     <span class='ocr_line' id='line_1_16' title="bbox 164 1305 309 1354; baseline -0.007 -1"><span class='ocrx_word' id='word_1_126' title='bbox 164 1305 190 1353; x_wconf 90' lang='grc'>15</span> <span class='ocrx_word' id='word_1_127' title='bbox 205 1305 309 1354; x_wconf 87' lang='lat' dir='ltr'>liberavit.</span> 
     </span>
    </p>

    <p class='ocr_par' dir='ltr' id='par_1_9' title="bbox 203 1376 986 1661">
     <span class='ocr_line' id='line_1_17' title="bbox 245 1376 986 1435; baseline -0.001 -11"><span class='ocrx_word' id='word_1_128' title='bbox 245 1377 290 1424; x_wconf 88' lang='lat' dir='ltr'>Sed</span> <span class='ocrx_word' id='word_1_129' title='bbox 305 1377 491 1433; x_wconf 88' lang='lat' dir='ltr'>quemadmodum</span> <span class='ocrx_word' id='word_1_130' title='bbox 506 1378 552 1423; x_wconf 89' lang='lat' dir='ltr'>istis</span> <span class='ocrx_word' id='word_1_131' title='bbox 568 1377 605 1435; x_wconf 88' lang='lat' dir='ltr'>qui</span> <span class='ocrx_word' id='word_1_132' title='bbox 621 1397 647 1424; x_wconf 86' lang='lat' dir='ltr'>ex</span> <span class='ocrx_word' id='word_1_133' title='bbox 663 1377 755 1424; x_wconf 90' lang='lat' dir='ltr'>inimicis</span> <span class='ocrx_word' id='word_1_134' title='bbox 771 1376 821 1424; x_wconf 81' lang='lat' dir='ltr'>lacti</span> <span class='ocrx_word' id='word_1_135' title='bbox 836 1377 900 1425; x_wconf 90' lang='lat' dir='ltr'>amici</span> <span class='ocrx_word' id='word_1_136' title='bbox 915 1389 986 1424; x_wconf 89' lang='lat' dir='ltr'>essent</span> 
     </span>
     <span class='ocr_line' id='line_1_18' title="bbox 204 1446 986 1507; baseline -0.001 -11"><span class='ocrx_word' id='word_1_137' title='bbox 204 1447 275 1497; x_wconf 82' lang='lat' dir='ltr'>lautor</span> <span class='ocrx_word' id='word_1_138' title='bbox 289 1448 443 1506; x_wconf 83' lang='lat' dir='ltr'>propiciusque</span> <span class='ocrx_word' id='word_1_139' title='bbox 464 1447 506 1496; x_wconf 79' lang='lat' dir='ltr'>luit</span> <span class='ocrx_word' id='word_1_140' title='bbox 526 1468 550 1496; x_wconf 91' lang='lat' dir='ltr'>ac</span> <span class='ocrx_word' id='word_1_141' title='bbox 565 1447 614 1496; x_wconf 87' lang='lat' dir='ltr'>tulit</span> <span class='ocrx_word' id='word_1_142' title='bbox 639 1468 710 1507; x_wconf 89' lang='lat' dir='ltr'>opem,</span> <span class='ocrx_word' id='word_1_143' title='bbox 735 1449 764 1496; x_wconf 91' lang='lat' dir='ltr'>ita</span> <span class='ocrx_word' id='word_1_144' title='bbox 789 1449 853 1496; x_wconf 90' lang='lat' dir='ltr'>etiam</span> <span class='ocrx_word' id='word_1_145' title='bbox 878 1446 986 1496; x_wconf 86' lang='lat' dir='ltr'>nonnullis</span> 
     </span>
     <span class='ocr_line' id='line_1_19' title="bbox 204 1520 985 1580; baseline -0.003 -11"><span class='ocrx_word' id='word_1_146' title='bbox 204 1521 241 1579; x_wconf 83' lang='lat' dir='ltr'>qui</span> <span class='ocrx_word' id='word_1_147' title='bbox 256 1535 338 1569; x_wconf 91' lang='lat' dir='ltr'>temere</span> <span class='ocrx_word' id='word_1_148' title='bbox 351 1521 379 1568; x_wconf 87' lang='lat' dir='ltr'>ab</span> <span class='ocrx_word' id='word_1_149' title='bbox 394 1520 440 1567; x_wconf 88' lang='lat' dir='ltr'>eius</span> <span class='ocrx_word' id='word_1_150' title='bbox 454 1521 551 1569; x_wconf 90' lang='lat' dir='ltr'>amicicia</span> <span class='ocrx_word' id='word_1_151' title='bbox 565 1521 712 1569; x_wconf 87' lang='lat' dir='ltr'>discessissent</span> <span class='ocrx_word' id='word_1_152' title='bbox 725 1541 791 1580; x_wconf 82' lang='lat' dir='ltr'>quum</span> <span class='ocrx_word' id='word_1_153' title='bbox 805 1521 897 1569; x_wconf 83' lang='lat' dir='ltr'>maxime</span> <span class='ocrx_word' id='word_1_154' title='bbox 910 1521 985 1569; x_wconf 87' lang='lat' dir='ltr'>adver-</span> 
     </span>
     <span class='ocr_line' id='line_1_20' title="bbox 203 1592 985 1661; baseline 0 -19"><span class='ocrx_word' id='word_1_155' title='bbox 203 1607 263 1661; x_wconf 85' lang='lat' dir='ltr'>satus</span> <span class='ocrx_word' id='word_1_156' title='bbox 278 1605 317 1642; x_wconf 87' lang='lat' dir='ltr'>est.</span> <span class='ocrx_word' id='word_1_157' title='bbox 333 1592 392 1642; x_wconf 84' lang='lat' dir='ltr'>Civis</span> <span class='ocrx_word' id='word_1_158' title='bbox 407 1614 495 1653; x_wconf 86' lang='lat' dir='ltr'>nanque</span> <span class='ocrx_word' id='word_1_159' title='bbox 510 1593 636 1652; x_wconf 90' lang='lat' dir='ltr'>splendidus</span> <span class='ocrx_word' id='word_1_160' title='bbox 651 1615 676 1643; x_wconf 91' lang='lat' dir='ltr'>ac</span> <span class='ocrx_word' id='word_1_161' title='bbox 690 1593 723 1642; x_wconf 90' lang='lat' dir='ltr'>vir</span> <span class='ocrx_word' id='word_1_162' title='bbox 737 1592 854 1642; x_wconf 87' lang='lat' dir='ltr'>consularis</span> <span class='ocrx_word' id='word_1_163' title='bbox 869 1592 903 1642; x_wconf 85' lang='lat' dir='ltr'>M.</span> <span class='ocrx_word' id='word_1_164' title='bbox 919 1592 985 1642; x_wconf 81' lang='lat' dir='ltr'>Bibu·</span> 
     </span>
    </p>

    <p class='ocr_par' dir='ltr' id='par_1_10' title="bbox 163 1666 988 2014">
     <span class='ocr_line' id='line_1_21' title="bbox 163 1666 986 1724; baseline -0.002 -9"><span class='ocrx_word' id='word_1_165' title='bbox 163 1669 192 1715; x_wconf 82' lang='lat'>20</span> <span class='ocrx_word' id='word_1_166' title='bbox 206 1667 246 1720; x_wconf 84' lang='lat' dir='ltr'>lus,</span> <span class='ocrx_word' id='word_1_167' title='bbox 263 1687 329 1724; x_wconf 87' lang='lat' dir='ltr'>quem</span> <span class='ocrx_word' id='word_1_168' title='bbox 343 1666 388 1714; x_wconf 88' lang='lat' dir='ltr'>suis</span> <span class='ocrx_word' id='word_1_169' title='bbox 405 1666 427 1713; x_wconf 91' lang='lat' dir='ltr'>in</span> <span class='ocrx_word' id='word_1_170' title='bbox 445 1666 601 1715; x_wconf 81' lang='lat' dir='ltr'>calamitatibus</span> <span class='ocrx_word' id='word_1_171' title='bbox 618 1666 774 1715; x_wconf 92' lang='lat' dir='ltr'>amicissimum</span> <span class='ocrx_word' id='word_1_172' title='bbox 791 1666 908 1720; x_wconf 86' lang='lat' dir='ltr'>habuisset,</span> <span class='ocrx_word' id='word_1_173' title='bbox 926 1667 986 1723; x_wconf 80' lang='lat' dir='ltr'>igno-</span> 
     </span>
     <span class='ocr_line' id='line_1_22' title="bbox 205 1737 987 1796; baseline -0.001 -9"><span class='ocrx_word' id='word_1_174' title='bbox 205 1738 297 1787; x_wconf 85' lang='lat' dir='ltr'>miniose</span> <span class='ocrx_word' id='word_1_175' title='bbox 304 1738 332 1786; x_wconf 91' lang='lat' dir='ltr'>ab</span> <span class='ocrx_word' id='word_1_176' title='bbox 340 1758 366 1786; x_wconf 90' lang='lat' dir='ltr'>eo</span> <span class='ocrx_word' id='word_1_177' title='bbox 374 1738 517 1796; x_wconf 92' lang='lat' dir='ltr'>reprehensus</span> <span class='ocrx_word' id='word_1_178' title='bbox 524 1758 549 1786; x_wconf 90' lang='lat' dir='ltr'>ac</span> <span class='ocrx_word' id='word_1_179' title='bbox 557 1739 649 1796; x_wconf 90' lang='lat' dir='ltr'>turpiter</span> <span class='ocrx_word' id='word_1_180' title='bbox 656 1738 781 1787; x_wconf 87' lang='lat' dir='ltr'>criminatus</span> <span class='ocrx_word' id='word_1_181' title='bbox 789 1751 828 1787; x_wconf 88' lang='lat' dir='ltr'>est.</span> <span class='ocrx_word' id='word_1_182' title='bbox 839 1737 903 1786; x_wconf 94' lang='lat' dir='ltr'>Illum</span> <span class='ocrx_word' id='word_1_183' title='bbox 915 1751 987 1787; x_wconf 89' lang='lat' dir='ltr'>autem</span> 
     </span>
     <span class='ocr_line' id='line_1_23' title="bbox 205 1809 988 1871; baseline 0.001 -13"><span class='ocrx_word' id='word_1_184' title='bbox 205 1811 278 1869; x_wconf 90' lang='lat' dir='ltr'>ipsum</span> <span class='ocrx_word' id='word_1_185' title='bbox 293 1810 316 1859; x_wconf 86' lang='lat' dir='ltr'>P.</span> <span class='ocrx_word' id='word_1_186' title='bbox 332 1809 437 1866; x_wconf 85' lang='lat' dir='ltr'>Sextium,</span> <span class='ocrx_word' id='word_1_187' title='bbox 455 1810 490 1859; x_wconf 91' lang='lat' dir='ltr'>cui</span> <span class='ocrx_word' id='word_1_188' title='bbox 506 1824 592 1860; x_wconf 89' lang='lat' dir='ltr'>tantum</span> <span class='ocrx_word' id='word_1_189' title='bbox 609 1811 685 1861; x_wconf 87' lang='lat' dir='ltr'>detulit</span> <span class='ocrx_word' id='word_1_190' title='bbox 702 1811 789 1860; x_wconf 88' lang='lat' dir='ltr'>honoris</span> <span class='ocrx_word' id='word_1_191' title='bbox 805 1825 827 1861; x_wconf 87' lang='lat' dir='ltr'>et</span> <span class='ocrx_word' id='word_1_192' title='bbox 843 1811 913 1860; x_wconf 88' lang='lat' dir='ltr'>laudis</span> <span class='ocrx_word' id='word_1_193' title='bbox 929 1812 988 1871; x_wconf 87' lang='lat' dir='ltr'>quod</span> 
     </span>
     <span class='ocr_line' id='line_1_24' title="bbox 205 1882 987 1943; baseline -0.001 -11"><span class='ocrx_word' id='word_1_194' title='bbox 205 1883 297 1933; x_wconf 85' lang='lat' dir='ltr'>lateatur</span> <span class='ocrx_word' id='word_1_195' title='bbox 311 1903 335 1932; x_wconf 91' lang='lat' dir='ltr'>ac</span> <span class='ocrx_word' id='word_1_196' title='bbox 350 1883 429 1932; x_wconf 82' lang='lat' dir='ltr'>scribat</span> <span class='ocrx_word' id='word_1_197' title='bbox 440 1882 491 1933; x_wconf 88' lang='lat' dir='ltr'>eum</span> <span class='ocrx_word' id='word_1_198' title='bbox 502 1883 569 1933; x_wconf 84' lang='lat' dir='ltr'>luisse</span> <span class='ocrx_word' id='word_1_199' title='bbox 579 1883 641 1933; x_wconf 92' lang='lat' dir='ltr'>illum</span> <span class='ocrx_word' id='word_1_200' title='bbox 652 1884 690 1943; x_wconf 87' lang='lat' dir='ltr'>qui</span> <span class='ocrx_word' id='word_1_201' title='bbox 700 1897 828 1943; x_wconf 89' lang='lat' dir='ltr'>tempestate</span> <span class='ocrx_word' id='word_1_202' title='bbox 839 1884 944 1933; x_wconf 88' lang='lat' dir='ltr'>Clodiana</span> <span class='ocrx_word' id='word_1_203' title='bbox 955 1903 987 1931; x_wconf 85' lang='lat' dir='ltr'>re-</span> 
     </span>
     <span class='ocr_line' id='line_1_25' title="bbox 205 1955 988 2014; baseline -0.001 -10"><span class='ocrx_word' id='word_1_204' title='bbox 205 1957 247 2004; x_wconf 88' lang='lat' dir='ltr'>bus</span> <span class='ocrx_word' id='word_1_205' title='bbox 261 1956 356 2005; x_wconf 85' lang='lat' dir='ltr'>adversis</span> <span class='ocrx_word' id='word_1_206' title='bbox 367 1975 408 2014; x_wconf 91' lang='lat' dir='ltr'>pro</span> <span class='ocrx_word' id='word_1_207' title='bbox 419 1956 465 2004; x_wconf 91' lang='lat' dir='ltr'>eius</span> <span class='ocrx_word' id='word_1_208' title='bbox 477 1955 546 2005; x_wconf 88' lang='lat' dir='ltr'>salute</span> <span class='ocrx_word' id='word_1_209' title='bbox 557 1955 626 2005; x_wconf 91' lang='lat' dir='ltr'>nullas</span> <span class='ocrx_word' id='word_1_210' title='bbox 638 1956 770 2010; x_wconf 86' lang='lat' dir='ltr'>inimicicias,</span> <span class='ocrx_word' id='word_1_211' title='bbox 783 1956 865 2005; x_wconf 88' lang='lat' dir='ltr'>nullam</span> <span class='ocrx_word' id='word_1_212' title='bbox 875 1957 927 2011; x_wconf 81' lang='lat' dir='ltr'>vim,</span> <span class='ocrx_word' id='word_1_213' title='bbox 940 1956 988 2005; x_wconf 86' lang='lat' dir='ltr'>nul-</span> 
     </span>
    </p>

    <p class='ocr_par' dir='ltr' id='par_1_11' title="bbox 166 2027 1020 2304">
     <span class='ocr_line' id='line_1_26' title="bbox 166 2027 988 2087; baseline -0.002 -10"><span class='ocrx_word' id='word_1_214' title='bbox 166 2029 193 2077; x_wconf 81' lang='lat'>25</span> <span class='ocrx_word' id='word_1_215' title='bbox 208 2028 254 2076; x_wconf 94' lang='lat' dir='ltr'>lum</span> <span class='ocrx_word' id='word_1_216' title='bbox 269 2028 392 2082; x_wconf 86' lang='lat' dir='ltr'>discrimen,</span> <span class='ocrx_word' id='word_1_217' title='bbox 405 2027 476 2075; x_wconf 90' lang='lat' dir='ltr'>nullos</span> <span class='ocrx_word' id='word_1_218' title='bbox 488 2029 582 2087; x_wconf 86' lang='lat' dir='ltr'>impetus</span> <span class='ocrx_word' id='word_1_219' title='bbox 595 2028 694 2077; x_wconf 89' lang='lat' dir='ltr'>vitandos</span> <span class='ocrx_word' id='word_1_220' title='bbox 706 2028 746 2076; x_wconf 90' lang='lat' dir='ltr'>sibi</span> <span class='ocrx_word' id='word_1_221' title='bbox 759 2048 856 2087; x_wconf 85' lang='lat' dir='ltr'>unquam</span> <span class='ocrx_word' id='word_1_222' title='bbox 868 2048 915 2077; x_wconf 85' lang='lat' dir='ltr'>esse</span> <span class='ocrx_word' id='word_1_223' title='bbox 926 2039 988 2087; x_wconf 87' lang='lat' dir='ltr'>puta-</span> 
     </span>
     <span class='ocr_line' id='line_1_27' title="bbox 206 2096 988 2160; baseline -0.003 -12"><span class='ocrx_word' id='word_1_224' title='bbox 206 2100 243 2155; x_wconf 83' lang='lat' dir='ltr'>vit,</span> <span class='ocrx_word' id='word_1_225' title='bbox 260 2099 297 2160; x_wconf 89' lang='lat' dir='ltr'>qui</span> <span class='ocrx_word' id='word_1_226' title='bbox 313 2119 363 2148; x_wconf 88' lang='lat' dir='ltr'>eum</span> <span class='ocrx_word' id='word_1_227' title='bbox 386 2119 410 2148; x_wconf 94' lang='lat' dir='ltr'>ac</span> <span class='ocrx_word' id='word_1_228' title='bbox 422 2100 440 2148; x_wconf 91' lang='lat' dir='ltr'>si</span> <span class='ocrx_word' id='word_1_229' title='bbox 452 2098 518 2149; x_wconf 81' lang='lat' dir='ltr'>irater</span> <span class='ocrx_word' id='word_1_230' title='bbox 529 2112 591 2154; x_wconf 89' lang='lat' dir='ltr'>esset,</span> <span class='ocrx_word' id='word_1_231' title='bbox 604 2099 679 2148; x_wconf 88' lang='lat' dir='ltr'>officiis</span> <span class='ocrx_word' id='word_1_232' title='bbox 691 2100 793 2149; x_wconf 90' lang='lat' dir='ltr'>omnibus</span> <span class='ocrx_word' id='word_1_233' title='bbox 805 2100 939 2156; x_wconf 87' lang='lat' dir='ltr'>sustentavit,</span> <span class='ocrx_word' id='word_1_234' title='bbox 949 2096 988 2159; x_wconf 65' lang='lat' dir='ltr'>&#39;qui</span> 
     </span>
     <span class='ocr_line' id='line_1_28' title="bbox 207 2172 1020 2231; baseline -0.002 -9"><span class='ocrx_word' id='word_1_235' title='bbox 207 2194 269 2223; x_wconf 88' lang='lat' dir='ltr'>suam</span> <span class='ocrx_word' id='word_1_236' title='bbox 283 2191 333 2231; x_wconf 82' lang='lat' dir='ltr'>erga</span> <span class='ocrx_word' id='word_1_237' title='bbox 341 2173 414 2231; x_wconf 91' lang='lat' dir='ltr'>ipsum</span> <span class='ocrx_word' id='word_1_238' title='bbox 422 2172 591 2222; x_wconf 88' lang='lat' dir='ltr'>benivolentiam</span> <span class='ocrx_word' id='word_1_239' title='bbox 599 2185 620 2221; x_wconf 90' lang='lat' dir='ltr'>et</span> <span class='ocrx_word' id='word_1_240' title='bbox 628 2172 694 2221; x_wconf 84' lang='lat' dir='ltr'>fidem</span> <span class='ocrx_word' id='word_1_241' title='bbox 710 2193 754 2221; x_wconf 91' lang='lat' dir='ltr'>non</span> <span class='ocrx_word' id='word_1_242' title='bbox 762 2172 833 2221; x_wconf 89' lang='lat' dir='ltr'>solum</span> <span class='ocrx_word' id='word_1_243' title='bbox 841 2173 907 2222; x_wconf 89' lang='lat' dir='ltr'>animi</span> <span class='ocrx_word' id='word_1_244' title='bbox 916 2172 989 2223; x_wconf 90' lang='lat' dir='ltr'>dolore</span> <span class='ocrx_word' id='word_1_245' title='bbox 1017 2199 1020 2204; x_wconf 51' lang='lat'><strong>⁴</strong></span> 
     </span>
     <span class='ocr_line' id='line_1_29' title="bbox 207 2245 989 2304; baseline -0.005 -10"><span class='ocrx_word' id='word_1_246' title='bbox 207 2266 283 2294; x_wconf 90' lang='lat' dir='ltr'>verum</span> <span class='ocrx_word' id='word_1_247' title='bbox 297 2246 362 2293; x_wconf 88' lang='lat' dir='ltr'>etiam</span> <span class='ocrx_word' id='word_1_248' title='bbox 377 2246 474 2302; x_wconf 87' lang='lat' dir='ltr'>corporis</span> <span class='ocrx_word' id='word_1_249' title='bbox 491 2245 617 2294; x_wconf 90' lang='lat' dir='ltr'>vulneribus</span> <span class='ocrx_word' id='word_1_250' title='bbox 635 2246 796 2299; x_wconf 90' lang='lat' dir='ltr'>demonstravit,</span> <span class='ocrx_word' id='word_1_251' title='bbox 814 2258 894 2304; x_wconf 87' lang='lat' dir='ltr'>quanta</span> <span class='ocrx_word' id='word_1_252' title='bbox 912 2245 989 2303; x_wconf 90' lang='lat' dir='ltr'>potuit,</span> 
     </span>
    </p>

    <p class='ocr_par' dir='ltr' id='par_1_12' title="bbox 173 2316 991 2377">
     <span class='ocr_line' id='line_1_30' title="bbox 173 2316 991 2377; baseline -0.002 -11"><span class='ocrx_word' id='word_1_253' title='bbox 173 2352 175 2355; x_wconf 94' lang='lat'>-</span> <span class='ocrx_word' id='word_1_254' title='bbox 207 2319 229 2366; x_wconf 83' lang='lat' dir='ltr'>vi</span> <span class='ocrx_word' id='word_1_255' title='bbox 244 2317 358 2377; x_wconf 90' lang='lat' dir='ltr'>oppressit,</span> <span class='ocrx_word' id='word_1_256' title='bbox 373 2318 434 2376; x_wconf 88' lang='lat' dir='ltr'>quod</span> <span class='ocrx_word' id='word_1_257' title='bbox 447 2317 562 2366; x_wconf 84' lang='lat' dir='ltr'>insolentia</span> <span class='ocrx_word' id='word_1_258' title='bbox 580 2316 637 2365; x_wconf 86' lang='lat' dir='ltr'>illius</span> <span class='ocrx_word' id='word_1_259' title='bbox 656 2336 733 2374; x_wconf 85' lang='lat' dir='ltr'>magna</span> <span class='ocrx_word' id='word_1_260' title='bbox 750 2337 797 2366; x_wconf 90' lang='lat' dir='ltr'>esse</span> <span class='ocrx_word' id='word_1_261' title='bbox 815 2317 908 2366; x_wconf 91' lang='lat' dir='ltr'>nimium</span> <span class='ocrx_word' id='word_1_262' title='bbox 926 2330 991 2375; x_wconf 86' lang='lat' dir='ltr'>atque</span> 
     </span>
    </p>

    <p class='ocr_par' dir='ltr' id='par_1_13' title="bbox 166 2389 990 2522">
     <span class='ocr_line' id='line_1_31' title="bbox 166 2389 990 2450; baseline -0.006 -8"><span class='ocrx_word' id='word_1_263' title='bbox 166 2393 194 2442; x_wconf 84' lang='grc'>30</span> <span class='ocrx_word' id='word_1_264' title='bbox 209 2389 349 2441; x_wconf 87' lang='lat' dir='ltr'>intolerabilis</span> <span class='ocrx_word' id='word_1_265' title='bbox 359 2391 474 2440; x_wconf 86' lang='lat' dir='ltr'>videretur.</span> <span class='ocrx_word' id='word_1_266' title='bbox 488 2391 513 2439; x_wconf 93' lang='lat' dir='ltr'>ln</span> <span class='ocrx_word' id='word_1_267' title='bbox 524 2390 650 2440; x_wconf 85' lang='lat' dir='ltr'>Sallustium</span> <span class='ocrx_word' id='word_1_268' title='bbox 661 2409 718 2446; x_wconf 89' lang='lat' dir='ltr'>vero,</span> <span class='ocrx_word' id='word_1_269' title='bbox 730 2390 768 2450; x_wconf 84' lang='lat' dir='ltr'>qui</span> <span class='ocrx_word' id='word_1_270' title='bbox 779 2391 825 2440; x_wconf 89' lang='lat' dir='ltr'>eius</span> <span class='ocrx_word' id='word_1_271' title='bbox 835 2391 917 2440; x_wconf 88' lang='lat' dir='ltr'>amicus</span> <span class='ocrx_word' id='word_1_272' title='bbox 928 2390 990 2441; x_wconf 82' lang='lat' dir='ltr'>lami·</span> 
     </span>
     <span class='ocr_line' id='line_1_32' title="bbox 208 2463 990 2522; baseline -0.003 -10"><span class='ocrx_word' id='word_1_273' title='bbox 208 2465 264 2513; x_wconf 89' lang='lat' dir='ltr'>liaris</span> <span class='ocrx_word' id='word_1_274' title='bbox 280 2464 411 2512; x_wconf 89' lang='lat' dir='ltr'>domesticus</span> <span class='ocrx_word' id='word_1_275' title='bbox 426 2464 503 2522; x_wconf 90' lang='lat' dir='ltr'>perdiu</span> <span class='ocrx_word' id='word_1_276' title='bbox 517 2463 594 2518; x_wconf 81' lang='lat' dir='ltr'>iuerat,</span> <span class='ocrx_word' id='word_1_277' title='bbox 610 2463 648 2522; x_wconf 83' lang='lat' dir='ltr'>qui</span> <span class='ocrx_word' id='word_1_278' title='bbox 670 2483 748 2512; x_wconf 87' lang='lat' dir='ltr'>eocum</span> <span class='ocrx_word' id='word_1_279' title='bbox 769 2477 790 2511; x_wconf 91' lang='lat' dir='ltr'>et</span> <span class='ocrx_word' id='word_1_280' title='bbox 810 2464 832 2511; x_wconf 93' lang='lat' dir='ltr'>in</span> <span class='ocrx_word' id='word_1_281' title='bbox 854 2463 918 2512; x_wconf 88' lang='lat' dir='ltr'>exilio</span> <span class='ocrx_word' id='word_1_282' title='bbox 932 2477 953 2512; x_wconf 88' lang='lat' dir='ltr'>et</span> <span class='ocrx_word' id='word_1_283' title='bbox 968 2465 990 2510; x_wconf 91' lang='lat' dir='ltr'>in</span> 
     </span>
    </p>

    <p class='ocr_par' dir='ltr' id='par_1_14' title="bbox 141 2534 992 2669">
     <span class='ocr_line' id='line_1_33' title="bbox 141 2534 992 2601; baseline -0.001 -17"><span class='ocrx_word' id='word_1_284' title='bbox 141 2598 142 2601; x_wconf 11' lang='grc' dir='ltr'><strong>Ἴ</strong></span> <span class='ocrx_word' id='word_1_285' title='bbox 208 2536 265 2585; x_wconf 89' lang='lat' dir='ltr'>bello</span> <span class='ocrx_word' id='word_1_286' title='bbox 280 2534 337 2585; x_wconf 89' lang='lat' dir='ltr'>civili</span> <span class='ocrx_word' id='word_1_287' title='bbox 352 2536 416 2584; x_wconf 88' lang='lat' dir='ltr'>rebus</span> <span class='ocrx_word' id='word_1_288' title='bbox 427 2537 493 2584; x_wconf 90' lang='lat' dir='ltr'>etiam</span> <span class='ocrx_word' id='word_1_289' title='bbox 503 2536 619 2595; x_wconf 89' lang='lat' dir='ltr'>desperatis</span> <span class='ocrx_word' id='word_1_290' title='bbox 630 2548 679 2595; x_wconf 92' lang='lat' dir='ltr'>post</span> <span class='ocrx_word' id='word_1_291' title='bbox 689 2535 832 2585; x_wconf 85' lang='lat' dir='ltr'>Pharsalicam</span> <span class='ocrx_word' id='word_1_292' title='bbox 841 2556 938 2595; x_wconf 84' lang='lat' dir='ltr'>pugnam</span> <span class='ocrx_word' id='word_1_293' title='bbox 948 2556 992 2584; x_wconf 88' lang='lat' dir='ltr'>non</span> 
     </span>
     <span class='ocr_line' id='line_1_34' title="bbox 209 2606 991 2669; baseline -0.001 -12"><span class='ocrx_word' id='word_1_294' title='bbox 209 2610 255 2658; x_wconf 86' lang='lat' dir='ltr'>sine</span> <span class='ocrx_word' id='word_1_295' title='bbox 269 2607 365 2669; x_wconf 87' lang='lat' dir='ltr'>periculo</span> <span class='ocrx_word' id='word_1_296' title='bbox 370 2608 454 2663; x_wconf 74' lang='lat' dir='ltr'>luerat,</span> <span class='ocrx_word' id='word_1_297' title='bbox 467 2608 545 2657; x_wconf 82' lang='lat' dir='ltr'>exarsit</span> <span class='ocrx_word' id='word_1_298' title='bbox 556 2607 701 2657; x_wconf 83' lang='lat' dir='ltr'>vehementer.</span> <span class='ocrx_word' id='word_1_299' title='bbox 714 2606 773 2657; x_wconf 85' lang='lat' dir='ltr'>Nam</span> <span class='ocrx_word' id='word_1_300' title='bbox 785 2618 806 2656; x_wconf 90' lang='lat' dir='ltr'>et</span> <span class='ocrx_word' id='word_1_301' title='bbox 818 2608 891 2667; x_wconf 87' lang='lat' dir='ltr'>ipsum</span> <span class='ocrx_word' id='word_1_302' title='bbox 902 2608 991 2658; x_wconf 80' lang='lat' dir='ltr'>lacesse·</span> 
     </span>
    </p>

    <p class='ocr_par' dir='ltr' id='par_1_15' title="bbox 165 2680 992 2740">
     <span class='ocr_line' id='line_1_35' title="bbox 165 2680 992 2740; baseline -0.005 -9"><span class='ocrx_word' id='word_1_303' title='bbox 165 2718 171 2728; x_wconf 52' lang='lat'>2</span> <span class='ocrx_word' id='word_1_304' title='bbox 209 2683 246 2731; x_wconf 88' lang='lat' dir='ltr'>bat</span> <span class='ocrx_word' id='word_1_305' title='bbox 261 2681 383 2732; x_wconf 77' lang='lat' dir='ltr'>Sallustius,</span> <span class='ocrx_word' id='word_1_306' title='bbox 404 2680 436 2730; x_wconf 85' lang='lat' dir='ltr'>Eo</span> <span class='ocrx_word' id='word_1_307' title='bbox 448 2702 534 2740; x_wconf 89' lang='lat' dir='ltr'>nanque</span> <span class='ocrx_word' id='word_1_308' title='bbox 545 2681 586 2730; x_wconf 83' lang='lat' dir='ltr'>loci</span> <span class='ocrx_word' id='word_1_309' title='bbox 596 2694 688 2740; x_wconf 87' lang='lat' dir='ltr'>uterque</span> <span class='ocrx_word' id='word_1_310' title='bbox 698 2682 730 2730; x_wconf 88' lang='lat' dir='ltr'>ira</span> <span class='ocrx_word' id='word_1_311' title='bbox 740 2694 761 2730; x_wconf 90' lang='lat' dir='ltr'>et</span> <span class='ocrx_word' id='word_1_312' title='bbox 772 2681 822 2729; x_wconf 88' lang='lat' dir='ltr'>odio</span> <span class='ocrx_word' id='word_1_313' title='bbox 832 2681 950 2740; x_wconf 84' lang='lat' dir='ltr'>perductus</span> <span class='ocrx_word' id='word_1_314' title='bbox 960 2691 992 2728; x_wconf 87' lang='lat' dir='ltr'>est</span> 
     </span>
    </p>

    <p class='ocr_par' dir='ltr' id='par_1_16' title="bbox 168 2751 1045 2814">
     <span class='ocr_line' id='line_1_36' title="bbox 168 2751 1045 2814; baseline -0.007 -10"><span class='ocrx_word' id='word_1_315' title='bbox 168 2756 196 2804; x_wconf 83' lang='lat'>35</span> <span class='ocrx_word' id='word_1_316' title='bbox 211 2756 272 2814; x_wconf 88' lang='lat' dir='ltr'>quod</span> <span class='ocrx_word' id='word_1_317' title='bbox 285 2755 333 2813; x_wconf 92' lang='lat' dir='ltr'>ipso</span> <span class='ocrx_word' id='word_1_318' title='bbox 353 2755 418 2803; x_wconf 87' lang='lat' dir='ltr'>etiam</span> <span class='ocrx_word' id='word_1_319' title='bbox 432 2751 455 2802; x_wconf 89' lang='lat' dir='ltr'>in</span> <span class='ocrx_word' id='word_1_320' title='bbox 474 2767 549 2802; x_wconf 90' lang='lat' dir='ltr'>senatu</span> <span class='ocrx_word' id='word_1_321' title='bbox 573 2767 649 2802; x_wconf 87' lang='lat' dir='ltr'>neuter</span> <span class='ocrx_word' id='word_1_322' title='bbox 667 2768 763 2813; x_wconf 90' lang='lat' dir='ltr'>parceret</span> <span class='ocrx_word' id='word_1_323' title='bbox 781 2754 867 2802; x_wconf 86' lang='lat' dir='ltr'>alterius</span> <span class='ocrx_word' id='word_1_324' title='bbox 887 2753 991 2812; x_wconf 82' lang='lat' dir='ltr'>dignitati,</span> <span class='ocrx_word' id='word_1_325' title='bbox 1043 2773 1045 2777; x_wconf 95' lang='lat'>·</span> 
     </span>
    </p>
   </div>
   <div class='ocr_carea' id='block_1_5' title="bbox 209 2924 992 2992">
    <p class='ocr_par' dir='ltr' id='par_1_17' title="bbox 209 2924 992 2992">
     <span class='ocr_line' id='line_1_37' title="bbox 209 2924 992 2992; baseline -0.004 -11"><span class='ocrx_word' id='word_1_326' title='bbox 209 2939 228 2982; x_wconf 87' lang='lat'>9.</span> <span class='ocrx_word' id='word_1_327' title='bbox 240 2936 323 2990; x_wconf 65' lang='lat' dir='ltr'>sopita)</span> <span class='ocrx_word' id='word_1_328' title='bbox 338 2942 351 2980; x_wconf 78' lang='lat' dir='ltr'>i.</span> <span class='ocrx_word' id='word_1_329' title='bbox 362 2954 377 2979; x_wconf 86' lang='lat' dir='ltr'>r.</span> <span class='ocrx_word' id='word_1_330' title='bbox 422 2935 454 2980; x_wconf 82' lang='lat'>32.</span> <span class='ocrx_word' id='word_1_331' title='bbox 469 2934 528 2980; x_wconf 83' lang='lat' dir='ltr'>rebus</span> <span class='ocrx_word' id='word_1_332' title='bbox 543 2931 602 2980; x_wconf 81' lang='lat' dir='ltr'>etiam</span> <span class='ocrx_word' id='word_1_333' title='bbox 616 2942 629 2979; x_wconf 86' lang='grc' dir='ltr'>ἱ.</span> <span class='ocrx_word' id='word_1_334' title='bbox 639 2954 654 2979; x_wconf 88' lang='lat' dir='ltr'>r.</span> <span class='ocrx_word' id='word_1_335' title='bbox 698 2924 731 2980; x_wconf 82' lang='grc'>32.</span> <span class='ocrx_word' id='word_1_336' title='bbox 746 2936 775 2981; x_wconf 76' lang='lat' dir='ltr'>Ex</span> <span class='ocrx_word' id='word_1_337' title='bbox 789 2934 929 2992; x_wconf 72' lang='lat' dir='ltr'>larsalicam(?)</span> <span class='ocrx_word' id='word_1_338' title='bbox 943 2951 992 2981; x_wconf 86' lang='lat' dir='ltr'>corr.</span> 
     </span>
    </p>
   </div>
   <div class='ocr_carea' id='block_1_6' title="bbox 0 0 1064 3253">
    <p class='ocr_par' dir='ltr' id='par_1_18' title="bbox 0 0 1064 3253">
     <span class='ocr_line' id='line_1_38' title="bbox 0 0 1064 3253; baseline 0 0"><span class='ocrx_word' id='word_1_339' title='bbox 0 0 1064 3253; x_wconf 95' lang='lat' dir='ltr'> </span> 
     </span>
    </p>
   </div>
  </div>
 </body>
</html>
