2093 3253
236 171 364 202 scansorium
379 171 505 201 niustriam
520 183 534 187 —
547 171 605 201 tiam
619 171 672 201 vnn.
831 157 867 202 241

81 285 209 337 Hannibalis
220 284 293 340 irater,
306 305 379 345 pugna
390 285 460 334 victus
472 298 538 346 atque
549 287 633 333 occisus
644 297 683 334 est.
695 285 779 343 Quinto
790 286 869 335 deinde

81 381 138 410 anno
150 366 251 418 quaestor
263 359 368 418 Scipioni,
381 379 433 407 curn
445 354 501 408 esset
513 361 536 407 in
548 359 645 408 Africam
656 361 793 414 traiecturus,
808 360 870 407 datus

73 432 179 492 ‘estpsed
192 451 243 480 cum
256 451 282 479 eo
296 432 466 490 haudquaquam
479 449 519 489 pro
532 443 590 480 sorte
603 432 692 489 pacifice
705 451 730 479 ac
743 431 870 480 obedienter

81 505 140 554 vixit.
151 503 224 552 Refert
233 524 320 563 nanque
328 504 463 558 Plutarchus,
473 505 570 561 egregius
579 506 674 552 nominis
683 504 762 552 Graeci
771 505 870 562 scriptor,

55 582 67 632 5
83 579 190 629 Catonem
202 584 256 636 quas
269 575 343 636 Scipio
356 577 383 626 de
396 576 485 634 publico
497 576 577 626 laceret
589 578 713 635 largitiones
730 576 752 626 et
761 584 870 636 'sumptus

82 652 206 710 magnificos
219 651 390 710 reprehendisse,
404 650 530 709 Scipionem
543 664 616 699 autem
628 652 669 699 sibi
683 651 821 709 respondisse
833 652 870 699 tali

81 746 103 773 se
116 737 231 782 quaestore
243 724 281 781 qui
294 743 345 771 eum
358 723 526 781 reprehenderet
540 744 583 771 non
596 743 665 781 egere,
684 724 745 782 quod
764 725 870 772 rationem

82 796 131 846 belli
142 810 197 845 esset
206 797 253 856 ipse
262 795 344 855 populo
353 796 459 851 Romano,
470 816 514 844 non
523 796 627 855 pecuniae
636 796 768 852 redditurus;
778 797 870 855 proinde

81 870 159 918 animis
171 869 271 918 subiratis
284 868 391 918 Catonem
403 868 496 916 Romam
508 868 598 917 dimisso
610 868 712 927 Scipione
724 869 805 917 redisse
816 889 869 917 eun-

46 946 69 992 10
84 944 178 1001 demque
197 943 219 989 in
238 954 314 989 senatu
333 941 459 1008 Scipionem
477 942 576 989 adiutore
595 941 662 989 Fabio
681 950 792 989 accusasse
810 943 870 999 quod

82 1015 199 1064 exercitum
220 1013 261 1064 sub
282 1012 396 1072 disciplina
418 1034 477 1063 more
498 1015 605 1063 maiorum
626 1036 670 1063 non
691 1014 811 1063 contineret
831 1016 870 1064 sed

81 1087 147 1134 nimia
164 1086 249 1134 licentia
266 1099 287 1133 et
304 1085 416 1143 largitione
432 1099 588 1144 corrumperes
605 1087 672 1144 idque
689 1104 754 1144 opera
771 1086 870 1144 Fabiiet

83 1159 171 1207 Catonis
184 1158 273 1212 lactum,
287 1158 348 1216 quod
360 1158 447 1206 decreto
460 1165 547 1206 senatus
559 1159 642 1206 tribuni
656 1158 760 1217 plebialin
774 1157 870 1207 Siciliam

82 1231 219 1278 mitterentur
233 1231 272 1278 hac
286 1230 339 1289 lege,
354 1244 385 1285 ut,
400 1231 417 1277 si
432 1250 488 1289 quae
502 1231 625 1278 dicerentur
638 1252 650 1279 a
664 1230 810 1280 Catonevera
823 1252 870 1280 esse

36 1305 67 1354 ,15
84 1305 226 1363 perciperent,
244 1303 337 1351 Romam
354 1303 481 1361 Scipionem
497 1303 637 1351 adducerent.
656 1303 737 1352 Nostro
754 1317 827 1352 autem
844 1325 870 1352 ex

39 1411 40 1414 =
83 1378 110 1424 Ti
123 1377 192 1429 Livio,
204 1378 242 1434 qui
253 1389 285 1423 est
296 1376 406 1424 Romanae
417 1376 478 1433 pater
489 1376 602 1429 historiae·
609 1377 683 1436 haberi
693 1378 742 1425 talis
752 1377 781 1424 de
786 1377 870 1424 Catone

56 1472 61 1478 ²
81 1450 175 1507 suspicio
193 1448 252 1497 nulla
268 1460 347 1506 potest.
365 1448 443 1497 Tradit
460 1449 518 1496 enim
536 1448 628 1497 Romam
644 1450 729 1497 venisse
746 1449 828 1507 legatos
844 1470 869 1497 ex

38 1526 47 1560 J
83 1523 157 1571 Locris
176 1522 297 1579 (Calabriae
313 1523 387 1570 civitas
404 1522 458 1580 erat)
474 1523 511 1580 qui
528 1522 555 1570 de
567 1522 594 1579 Q.
606 1522 716 1571 Pleminio
727 1536 869 1582 quererentur
935 1579 937 1581 v

55 1621 57 1624 >
82 1595 142 1653 quod
157 1595 235 1643 missus
249 1614 261 1642 a
275 1594 378 1653 Scipione
392 1594 513 1652 praelectus
527 1595 628 1652 praesidii
643 1593 742 1643 infandas
756 1609 869 1644 contume-

43 1667 122 1715 talias
134 1668 156 1714 in
169 1687 205 1714 eos
218 1685 337 1725 eorumque
349 1686 408 1724 opes
422 1667 531 1724 coniuges.
543 1666 623 1715 liberos
636 1668 716 1721 ederet:
728 1667 756 1715 de
768 1667 870 1725 Scipione

81 1745 154 1789 autem
170 1742 283 1799 interogati
300 1760 312 1788 a
329 1741 403 1795 Fabio,
421 1742 459 1799 qui
476 1742 522 1789 eius
539 1740 618 1798 gloriae
634 1740 747 1795 invideret,
764 1741 795 1789 nil
811 1740 870 1790 aliud

82 1815 238 1872 responderent
254 1815 276 1861 ni
292 1814 353 1872 quod
370 1815 441 1861 minus
458 1815 541 1872 integre
552 1834 614 1862 suam
624 1815 726 1862 iniuriam
741 1815 870 1863 vindicasset

45 1908 46 1911 ¹
82 1886 200 1943 impeditus
222 1905 301 1943 magno
321 1899 426 1943 apparatu
448 1886 486 1944 qui
507 1886 535 1933 ad
556 1886 708 1934 traiiciendum
723 1887 752 1933 'in
773 1885 870 1934 Africam

83 1957 207 2016 pertineret;
220 1957 270 2006 hinc
282 1975 333 2006 vero
347 1957 414 2006 Fabio
426 1970 514 2006 auctore
527 1976 650 2006 sermonem
667 1957 690 2006 in
709 1971 785 2006 senatu
797 1970 870 2007 ortum

43 2030 68 2079 25
84 2051 137 2086 esse,
153 2041 177 2080 ut
193 2030 255 2080 multi
272 2030 339 2080 multa
355 2032 382 2079 de
398 2031 507 2090 Scipione,
524 2031 584 2089 quod
599 2031 634 2079 alii
650 2034 724 2083 contra
739 2032 818 2089 ipsum,
834 2032 869 2080 alii

48 2130 50 2133 ·
82 2124 121 2162 pro
134 2105 186 2162 vipso
204 2104 315 2158 sentirent,
333 2105 365 2152 uti
383 2118 443 2152 eram
461 2105 545 2154 diversa
561 2118 649 2162 patrum
666 2105 745 2158 studia,
763 2105 870 2162 discepta-

83 2189 137 2231 rent;
151 2178 233 2225 senatui
246 2188 319 2224 autern
331 2177 420 2225 tandem
432 2186 458 2226 ex
470 2176 498 2234 Q.
512 2176 597 2226 Metelli
610 2177 715 2226 sententia
727 2175 834 2236 placuisse
846 2190 870 2227 ut

84 2245 165 2298 Locros
179 2250 217 2308 qui
231 2249 364 2298 adducerent
379 2248 407 2306 Q
422 2250 553 2299 Pleminium
567 2251 630 2308 legati
645 2252 668 2298 in
682 2248 805 2299 Calabriam
820 2252 870 2298 mit-

83 2334 180 2370 terentur
195 2321 306 2379 iidemque
322 2323 387 2369 etiarn
403 2322 425 2369 in
442 2321 538 2370 Siciliam
554 2322 675 2370 traiicerent
696 2323 724 2369 ad
745 2322 870 2380 Scipionem

44 2392 73 2440 30'
86 2407 106 2442 et
121 2394 200 2453 ipsum,
216 2395 241 2449 si,
256 2414 312 2453 quae
326 2394 463 2443 obicerentur
477 2414 489 2442 a
504 2394 578 2450 Fabio¹
594 2414 618 2444 ea
632 2412 682 2444 vera
696 2414 742 2444 esse
753 2394 801 2444 'ullo
811 2399 870 2444 certo

83 2466 208 2515 testimonio
224 2466 353 2521 invenirent,
371 2467 463 2516 Romam
480 2468 614 2522 reducerent;
624 2460 711 2526 ,legatos
727 2480 800 2517 autem
816 2468 870 2517 adeo

83 2553 156 2598 parata
174 2541 247 2589 omnia
265 2540 372 2589 invenisse
390 2553 415 2589 ut
429 2541 545 2600 'propalam
563 2554 717 2599 cognoscerent
727 2560 759 2589 ea
777 2542 804 2590 de
822 2541 870 2591 Sci-

84 2613 149 2669 pione
164 2630 203 2670 per
219 2612 387 2661 malivolentiam
403 2613 460 2661 dicta
476 2633 557 2661 esseae
569 2613 641 2661 multis
657 2614 795 2662 audientibus
811 2613 870 2662 dice-

77 2760 93 2796 4.
106 2759 149 2797 Plut.
162 2760 204 2798 Cato
215 2761 271 2797 Maior
284 2761 300 2797 3.
314 2760 329 2797 7.
383 2759 408 2797 16.
422 2761 458 2798 Liv.
471 2760 534 2798 XXIX.
551 2761 570 2812 lb
583 2776 618 2805 sqq.

45 2836 186 2850 Ἣ

83 2880 102 2925 l.
115 2881 146 2926 Ex
160 2878 262 2925 Plutarcus
276 2899 324 2925 corr.
339 2881 407 2935 (etiarn
421 2888 441 2925 in
456 2881 533 2937 indice).
591 2883 621 2928 ld.
635 2882 671 2938 qui
685 2882 710 2927 de
722 2884 748 2936 Q.
763 2890 776 2927 ι’.
791 2900 813 2933 1.;
827 2892 870 2928 erat
904 2884 905 2887 '

45 2946 78 2998 qui
92 2947 117 2993 de
132 2947 167 3003 (Q.
181 2949 233 3004 om).
289 2947 322 2994 29.
336 2947 437 3003 iidemque
451 2955 464 2996 ι’.
480 2966 502 3000 1.;
517 2959 559 2995 aar
573 2950 616 3005 qui.
766 2960 768 2967 ‘

82 3100 101 3137 16
