2093 3253
174 224 214 270 382
475 236 566 268 sicconis
581 236 696 268 commoni

215 350 332 409 publicam,
344 351 361 397 si
374 363 499 404 remaneret,
509 351 606 399 deserere
618 350 733 404 videretur,
746 351 817 399 edicto
829 351 907 409 paruit.
920 351 997 401 Exem-

215 423 252 482 plo
267 443 352 482 nanque
368 423 456 471 Catonis
471 435 492 470 et
505 423 604 478 aliorum,
619 423 657 482 qui
671 436 692 470 et
707 423 785 481 opibus
799 436 820 471 et
834 442 912 481 genere
927 426 997 482 magni

215 497 272 546 cives
286 515 311 544 ac
325 495 418 544 illustres
440 508 511 543 essent
534 496 736 555 magistratibusque
758 516 782 544 ac
804 495 872 544 multa
895 496 997 554 dignitate

216 569 360 628 splenderent,
375 590 426 618 cum
439 568 474 617 alii
488 569 529 618 alio
543 581 663 628 pergerent,
678 570 778 618 suumin
793 569 933 619 Formianum
954 570 999 629 ipse
1045 591 1047 593 ·

190 644 202 692 5
219 641 283 690 simul
298 654 319 689 et
330 642 359 698 Q
368 641 433 690 frater
442 641 534 699 protecti
543 655 601 690 sunt.
613 643 673 700 Ipsos
683 641 762 689 deinde
771 661 856 695 uxores,
866 641 935 695 liberi,
944 645 998 691 servi
1046 646 1047 649 ¹

215 735 266 762 cum
280 711 380 768 fortunis,
396 726 502 773 quantum
513 713 603 762 convehi
615 733 655 773 pro
666 713 773 762 celeritate
784 734 808 761 ac
816 726 914 772 tempore
922 714 998 772 potuit,

216 787 283 835 secuti
298 799 356 834 sunt.

258 858 388 907 Evacuatam
403 859 562 917 magistratibus
584 872 660 918 totque
682 879 706 906 ac
728 860 793 907 tantis
816 859 900 908 civibus
922 860 998 909 urbem

216 932 388 990 nominatimque
399 932 527 980 Ciceronem
538 932 608 980 abisse
619 950 681 990 aegre
692 932 774 980 audivit
786 931 871 986 Caesar,
884 952 923 980 nec
935 953 998 991 opera

177 1006 203 1053 10
218 1017 250 1052 est
264 1004 292 1052 ab
306 1025 332 1052 eo
347 1024 411 1063 parva
423 1017 447 1053 ut
460 1004 536 1052 Cicero
547 1025 572 1052 ac
584 1018 655 1064 preter
667 1004 765 1053 inimicos
777 1005 870 1064 quisque
882 1005 961 1053 rediret
972 1008 999 1055 ad
1046 1032 1047 1035 ¹

216 1077 294 1125 urbem
308 1077 459 1125 data-Missas
474 1077 515 1124 sibi
530 1072 572 1125 suo*
583 1098 596 1125 a
610 1076 709 1125 familiari
724 1077 750 1125 C.
765 1071 879 1131 Trebatio,
891 1077 929 1135 qui
944 1092 998 1127 esset

216 1171 267 1200 cum
282 1149 379 1205 Caesare,
395 1149 475 1199 litteras
489 1151 536 1208 ipse
549 1162 654 1199 memorat
667 1150 745 1199 Cicero
759 1151 813 1199 hanc
827 1152 849 1199 in
863 1152 998 1206 sententiam,

165 1254 167 1256 -
216 1236 240 1272 ut
255 1223 312 1272 dicat
326 1243 349 1272 se
364 1236 463 1281 rogatum
471 1242 484 1271 a
493 1223 584 1272 Caesare
593 1223 653 1282 quod
661 1224 741 1271 scribat
749 1224 777 1272 ad
786 1245 837 1272 eum
846 1223 899 1271 nihil
908 1224 927 1272 ei
937 1245 998 1282 posse

216 1296 296 1352 gratius
311 1293 380 1343 lacere
395 1315 462 1353 quam
475 1295 503 1342 ad
516 1296 594 1343 urbem
607 1315 661 1343 esse.
676 1295 787 1352 Ciceronis
801 1309 875 1343 autern
889 1298 999 1354 responsio

177 1370 202 1417 15
218 1369 259 1416 tuit
274 1387 297 1415 se
311 1368 334 1414 in
349 1368 441 1426 praediis
451 1368 495 1415 suis
505 1387 551 1415 esse
560 1388 626 1426 seque
636 1367 721 1415 nullum
730 1368 845 1422 delectum,
856 1368 940 1417 nullum
950 1369 999 1416 belli

216 1440 331 1499 negocium
341 1441 460 1499 suscepisse
470 1453 536 1499 atque
546 1442 576 1489 ita
586 1462 609 1489 se
620 1460 747 1489 mansurum
763 1441 817 1489 dum
832 1441 891 1500 pacis
902 1461 951 1500 spes
962 1441 999 1490 ali·
1030 1493 1032 1496 Α

217 1534 259 1572 qua
274 1527 401 1570 superesset,
410 1515 444 1561 sin
452 1513 534 1562 bellum
541 1514 631 1562 omnino
638 1526 753 1570 gereretur,
763 1534 786 1561 se
793 1515 816 1562 id
823 1513 932 1562 iacturum
940 1515 998 1572 quod

216 1605 281 1633 suae
296 1584 399 1642 dignitate
415 1598 480 1642 atque
496 1585 567 1633 officio
591 1591 637 1633 esse
653 1598 745 1643 putaret.
762 1585 889 1633 Obsecravit
913 1605 999 1644 quoque

216 1659 288 1717 ipsum
303 1657 382 1707 Balbus
397 1657 451 1715 (erat
462 1657 552 1717 quidem
563 1658 627 1708 etiam
638 1658 678 1707 iste
689 1679 740 1707 cum
751 1656 851 1715 Caesare)
863 1657 917 1707 hanc
934 1658 999 1708 susci·

175 1732 203 1780 20
218 1744 278 1791 peret
292 1750 366 1779 curam
380 1744 402 1779 et
424 1731 576 1789 cogitationem
602 1731 751 1790 dignissimam
778 1731 863 1780 virtutis
891 1751 949 1786 suae,
977 1745 999 1780 ut

216 1804 330 1852 Caesarem
345 1816 366 1851 et
380 1804 509 1866 Pompeium
523 1804 613 1862 perfidia
628 1803 742 1851 hominum
757 1804 869 1851 distractos
890 1823 963 1852 rursus
978 1806 999 1852 in

216 1875 330 1935 pristinam
344 1876 464 1924 amiciciam
477 1876 659 1935 concordiamque
686 1876 805 1931 reduceret;
837 1875 861 1924 id
887 1875 999 1925 Caesarem

217 1949 234 1996 si
249 1947 328 1997 laceret
343 1949 488 2006 gratissimum
509 1949 641 1997 habiturum.

259 2019 337 2080 Neque
352 2039 402 2069 vero
417 2020 444 2069 de
459 2040 511 2081 pace
531 2020 662 2070 solicitatum
681 2020 707 2068 iri
728 2020 862 2070 Ciceronem
881 2041 936 2080 opus
957 2033 999 2070 erat

175 2094 203 2143 25
219 2094 285 2151 magis
300 2113 366 2152 quarn
381 2114 419 2143 sua
434 2107 510 2152 sponte
528 2107 650 2143 currentem
668 2114 749 2153 equum
766 2094 884 2142 calcaribus
907 2095 999 2143 incitare.

217 2165 318 2215 Tentavit
333 2166 423 2226 quidem
437 2166 464 2215 de
479 2187 531 2226 pace
549 2187 612 2226 saepe
629 2187 653 2216 ac
671 2166 705 2216 via
724 2165 838 2226 multiplici
856 2165 940 2222 Cicero,
959 2187 1014 2216 nec⁴

217 2239 290 2286 minus
305 2251 354 2296 post
369 2238 464 2287 relictam
479 2240 556 2287 urbem
567 2260 633 2298 quam
645 2240 711 2297 prius,
724 2260 775 2287 cum
787 2239 895 2287 desiderio
907 2252 928 2287 et
940 2251 999 2287 motu

218 2331 265 2364 suo,
280 2322 328 2358 tum
342 2310 460 2359 solicitatus
470 2330 484 2358 a
492 2311 624 2370 quibusdam
634 2310 671 2370 qui
682 2311 773 2359 civitatis
783 2310 922 2358 concordiam
932 2324 953 2358 et
963 2330 999 2370 pa·

217 2404 265 2431 cem
279 2404 345 2442 quarn
360 2384 442 2432 bellum
457 2384 551 2432 mallent.
560 2384 619 2432 Nam
626 2397 647 2432 et
655 2383 755 2431 Theanni
764 2378 790 2432 et
798 2383 904 2432 Nuceriae
919 2397 940 2431 et
953 2383 999 2431 ubi-

176 2457 204 2503 30
219 2476 262 2512 que
276 2475 301 2502 ac
315 2457 416 2513 quotiens
426 2475 450 2502 ea
460 2456 487 2503 de
497 2475 520 2503 re
527 2456 632 2513 ¹loquendi
643 2469 664 2503 et
673 2469 759 2513 tempus
769 2469 791 2503 et
800 2456 860 2503 locus
870 2455 912 2503 luit
922 2468 1000 2513 quanta
1033 2499 1035 2504 ,

217 2526 288 2587 potuit
302 2526 458 2582 adhortatione,
466 2527 545 2583 studio,
554 2546 604 2577 cura
612 2540 633 2577 et
640 2527 768 2586 Pompeium
775 2540 796 2577 et
803 2527 841 2586 qui
849 2527 890 2576 sub
897 2527 999 2586 Pompeio

217 2600 326 2660 principes
341 2619 413 2650 rerum
420 2613 491 2650 essent
497 2600 603 2650 allocutus
610 2613 649 2656 est,
657 2601 718 2659 quod
725 2620 771 2650 rem
778 2600 888 2659 publicam
896 2601 937 2649 hoc
944 2600 999 2650 bello

218 2674 291 2727 everti,
300 2694 352 2731 pace
360 2686 433 2722 autem
443 2673 554 2721 reformari
565 2694 628 2732 posse
639 2674 728 2722 videret.
739 2673 789 2722 Illos
800 2694 886 2732 nanque
897 2675 934 2733 qui
944 2684 1001 2722 erant

218 2766 270 2794 cum
285 2744 415 2794 Caesareae
429 2744 544 2794 Caesarem
561 2747 634 2806 ipsum
651 2746 679 2794 ad
697 2766 773 2805 pacem
790 2763 947 2806 saepenumero
965 2758 1001 2803 per

176 2820 204 2869 35
220 2820 301 2868 litteras
314 2819 438 2869 exhortatus
450 2833 489 2869 est.
503 2819 595 2869 Litteras
608 2820 697 2879 quidem
709 2820 737 2868 ad
750 2820 865 2869 Caesarem
877 2841 928 2868 cum
941 2835 1002 2875 saepe

175 3004 177 3006 ’
219 3002 265 3048 .20.
279 3000 310 3048 Ex
324 3002 427 3057 virtuteO)
441 3008 508 3046 statim
522 3019 572 3047 corr.
