2093 3253
262 168 391 199 SCRIPTORUM
405 168 530 199 ILLUSTIIIUM
543 181 557 185 -
571 169 628 199 LIBER
642 169 661 200 V.
838 155 880 200 157

92 272 93 277 i
136 283 283 332 Bello'autem
299 291 325 330 eo
341 282 429 330 tandem
445 302 478 330 res
495 282 593 342 pervenit
609 282 669 342 quod
686 282 769 331 Galilea
784 295 876 341 utraque

95 358 198 416 omnique
214 355 303 404 Idumea
317 355 375 404 Ierro
388 357 482 414 igneque
493 357 582 405 ‘vastatis
597 355 689 405 Romani
704 355 878 413 Hierosolymam

95 445 164 490 usque
179 431 302 479 currebant.
330 438 332 441 ’
557 436 559 439 ’

138 503 221 550 Interea
231 520 282 549 vero
291 501 357 566 rebus
367 501 465 549 crebram
475 501 504 549 ob
515 503 657 550 mutationem
667 502 823 559 imperatorum
833 502 877 549 Ro-

69 580 81 628 5
97 596 143 625 mae
151 574 250 628 turbatis,
258 573 319 632 quod
326 573 417 631 imperio
426 571 537 621 Neronem
545 572 622 629 Galba,
629 571 723 621 Galbam
730 571 877 627 Oth0‚'0tho-

95 669 145 699 nem
159 647 251 696 Vitelius
265 646 390 703 depulisset,
405 646 473 694 libido
487 644 575 705 quoque
587 667 612 694 ac
626 648 701 695 sevitia
714 646 786 694 Vitelii
800 647 877 695 urbem
897 650 898 653 ’

94 722 203 777 affligeret,
212 719 369 776 Vespasianum
379 719 484 766 exercitus
496 719 598 775 primum,
609 719 688 776 deinde
699 720 780 766 Romae
790 733 877 766 senatus

95 796 247 851 imperatorem
261 790 321 839 dixit.
333 789 393 838 Tum
407 809 479 838 coram
495 790 602 838 adductus
617 790 722 848 Iosephus
736 803 785 848 post
799 790 877 839 multas

95 867 168 916 laudes
183 867 231 923 ipso
249 885 261 912 a
279 863 411 923 Vespasiano
428 864 457 912 ad
475 865 582 923 premium
599 865 682 922 augurii
701 864 783 913 solutus
801 864 877 913 vinclis

58 944 83 991 10
98 942 233 996 donatusque
246 938 344 985 libertate
357 958 382 985 ac
395 936 464 985 lamae
478 938 589 985 restitutus
603 951 642 985 est.
654 937 742 985 ¹Deinde
755 957 806 986 vero
819 938 878 995 apud

96 1013 205 1060 Romanos
220 1010 275 1058 liber
287 1011 310 1057 in
323 1010 397 1058 castris
410 1022 476 1067 atque
489 1008 689 1067 Hierosolymarum
702 1009 814 1058 obsidione
827 1030 878 1058 cum

95 1074 155 1134 Tito*
162 1084 212 1133 luit.
227 1083 366 1132 Proficiscens
375 1104 462 1141 nanque
471 1084 563 1131 Romam
571 1083 715 1142 Vespasianus
724 1083 793 1132 filiurn
801 1083 878 1132 Titum

95 1155 198 1216 praefecit
212 1155 277 1203 bello.
287 1155 307 1202 Is
315 1155 405 1203 tandem
413 1155 549 1203 Hierusalem
557 1155 670 1204 obsidione
677 1156 751 1225 cinxit.
761 1155 879 1213 Iosephum

96 1248 146 1278 vero
157 1229 212 1278 adeo
223 1248 298 1278 carum
309 1240 437 1286 gratumque
454 1227 530 1276 habuit
541 1227 601 1286 quod
618 1227 786 1287 haudquaquam
802 1246 879 1287 parum

58 1303 82 1354 15
97 1303 125 1353 ad
139 1301 231 1351 salutem
245 1314 266 1351 et
281 1321 357 1361 pacem
377 1299 493 1361 profuisset
514 1300 613 1357 obsessis,
634 1300 652 1348 si
673 1300 789 1362 pertinacia
809 1300 879 1360 posita

98 1375 159 1432 sequi
173 1375 219 1423 eius
234 1373 323 1422 consilia
337 1374 462 1423 voluissent.
479 1374 597 1433 Iosephurn
611 1375 701 1433 quidem
715 1374 800 1422 amabat
814 1374 879 1423 Titus

97 1447 197 1508 flectique
217 1467 240 1496 se
254 1447 316 1496 lacile
332 1448 361 1496 ad
377 1449 480 1507 pietatem
496 1460 517 1495 et
534 1447 703 1496 misericordiam
724 1466 799 1506 passus
815 1460 879 1501 esset,

96 1536 144 1570 turn
158 1521 219 1581 quod
235 1520 321 1580 Iosephi
329 1521 419 1570 consilio
428 1541 582 1580 saepenumero
589 1534 692 1576 uteretur,
700 1520 816 1580 tum'quod
823 1532 879 1570 esset

97 1607 171 1643 natura
188 1594 294 1659 benignus
309 1607 330 1642 et
345 1595 404 1643 mitis
419 1614 444 1642 ac
460 1594 590 1642 beneficium
604 1614 655 1642 curn
669 1595 729 1643 daret
743 1595 840 1653 accipere
855 1614 877 1642 se

56 1668 84 1716 20
98 1680 190 1725 putaret.
206 1667 253 1716 Nec
268 1668 309 1715 isto
324 1668 347 1715 in
362 1667 419 1716 bello
435 1667 551 1725 quaerebat
565 1667 624 1715 aliud
639 1668 661 1714 ni
677 1668 737 1730 quod
752 1666 879 1715 delectionis

96 1739 220 1789 auctoribus
235 1739 360 1798 eisdemque
380 1740 515 1799 paucissimis
534 1739 641 1797 castigatis
660 1752 742 1788 caetera
762 1738 879 1788 multitudo

98 1813 195 1862 Romano
210 1814 302 1873 imperio
311 1813 416 1863 obediret.
427 1812 479 1862 Eius
494 1833 580 1873 nanque
589 1813 647 1862 bona
656 1834 707 1862 cum
716 1813 801 1862 licentia
814 1826 879 1871 atque

97 1887 156 1933 iussu
171 1888 201 1934 ire
212 1886 241 1934 ad
252 1905 325 1934 muros
336 1905 428 1944 pergens
440 1907 506 1944 quam
522 1887 611 1944 propius
628 1900 744 1944 posset‚'ut
754 1886 879 1935 exaudirent

97 1957 185 2014 obsessi,
203 1959 307 2018 Iosephus
316 1958 363 2007 illos
372 1959 400 2007 ad
409 1958 549 2014 deditionem,
558 1979 609 2008 cum
617 1958 699 2008 viribus
708 1978 731 2007 se
738 1959 794 2008 tueri
803 1958 880 2018 nequi-

57 2031 83 2079 25
99 2046 153 2087 rent,
169 2033 275 2081 exhortari
291 2053 446 2092 saepenumero
459 2046 549 2081 conatus
562 2047 602 2081 est.
617 2032 694 2081 lVlultis
707 2033 766 2081 enim
779 2033 879 2091 precibus

97 2107 191 2154 exoravit
201 2126 237 2152 eos
248 2119 272 2154 ut
283 2101 340 2164 quas
347 2105 434 2154 offerret
442 2106 507 2154 Titus
515 2107 574 2164 pacis
582 2107 727 2159 condiciones,
739 2126 773 2154 eas
784 2107 880 2163 accipere

97 2198 163 2236 quam
177 2199 200 2227 se
214 2177 337 2237 liberosque
349 2200 400 2228 suos
413 2200 438 2228 ac
449 2179 551 2237 coniuges
562 2179 582 2227 vi
594 2190 668 2238 captos
678 2178 746 2227 vendi>
753 2190 819 2238 atque
829 2176 880 2225 belli

97 2251 143 2299 iure
157 2250 259 2300 trucidari
275 2251 370 2300 mallent.
384 2251 413 2301 At
426 2272 477 2301 vero
492 2251 520 2300 ab
533 2251 582 2306 illis,
601 2251 662 2311 quod
677 2264 748 2300 essent
761 2251 880 2310 pertinaces

97 2336 118 2370 et
132 2325 209 2371 animis
225 2324 334 2380 obstinati,
350 2346 395 2373 non
410 2325 476 2373 modo
490 2345 534 2373 non
549 2325 662 2373 exauditus
677 2338 709 2372 est
723 2325 765 2372 sed*
775 2326 880 2383 tanquam

58 2394 85 2443 30
100 2395 166 2445 hostis
181 2410 202 2446 et
216 2396 380 2456 capitalissimus
397 2397 464 2446 hostis
479 2398 562 2446 acerbis
572 2398 672 2446 convitiis
683 2397 793 2446 lacessitus
804 2396 879 2445 Iaculis

97 2482 162 2528 atque
178 2470 288 2529 lapidibus
306 2470 423 2530 propulsus
440 2485 480 2520 est.
497 2471 613 2520 Biennium
629 2483 703 2519 autem
719 2483 768 2530 post
784 2478 881 2519 creatum

99 2542 255 2601 Vespasianum
270 2545 423 2602 imperatorem
438 2544 524 2594 duravit
539 2543 631 2593 obsidio.
647 2543 748 2593 Tandem
762 2563 813 2592 vero
829 2543 882 2592 urbs
900 2569 901 2572 ¹
940 2602 942 2605 .

98 2614 133 2664 illa
143 2615 287 2672 Hierusalem,
298 2636 353 2676 quae
365 2616 439 2666 Iudaei
449 2617 543 2666 nominis
553 2629 618 2676 caput
627 2629 683 2665 esset
693 2637 718 2664 ac
726 2615 802 2676 templi
812 2616 882 2672 sedes,
943 2622 946 2623 ⁷

98 2702 147 2747 post
163 2688 240 2738 multas
254 2687 304 2773 belli
318 2688 389 2739 clades
402 2702 465 2749 capta
478 2702 538 2738 sexto
551 2688 752 2748 Idus‘Septembres'
766 2701 882 2750 eversaque

280 2776 283 2816 i

60 2841 201 2853 κὰ..-

107 2941 128 2985 Ἰ1.
143 2941 232 2993 pervenit
244 2947 257 2986 i.
268 2959 294 2992 r.;
304 2949 346 2986 erat
356 2945 453 2987 venerat?
509 2942 541 2987 22.
551 2941 604 2986 bona
615 2959 660 2986 sscr.
