2093 3253
159 272 202 317 ‘420
463 286 558 320 srccours
572 277 689 319 eotaurour
747 277 748 280 ’

204 401 286 467 rideret
298 400 376 450 milites
389 414 501 451 veteranos
512 413 533 450 et
545 401 582 461 qui
595 422 607 449 e
619 401 682 461 plebe
694 413 759 461 atque
773 402 833 468 ltalia
844 402 987 453 Caesareanae

205 472 304 523 factionis
323 486 383 523 erant
402 474 531 523 stomachari
550 473 644 523 multum
662 474 723 534 quod
741 494 792 523 eum
811 474 924 533 repulisset
941 471 987 525 An:

205 547 277 597 tonius
289 547 421 607 eosdemque
432 546 503 597 labare
514 547 591 597 animis
603 568 643 597 nec
654 548 687 598 uti
698 547 796 598 solebant
807 546 869 597 illum
880 547 919 597 sed
930 547 987 599 bunc

205 623 278 674 istum,
293 639 359 678 quem
372 621 478 675 vocabant
491 621 598 670 iuniorem
612 620 733 676 Caesarem,
747 634 896 679 sequerentur.
909 618 987 681 Neque

178 694 190 741 5
206 712 256 742 vero
271 691 398 751 desperabat
413 692 490 741 Cicero
502 691 549 741 lore
562 693 622 751 quod
635 711 709 742 secum
721 693 744 741 in
757 692 800 741 lide
814 705 909 741 maneret
922 692 987 743 Octa-

204 765 251 815 vius
262 777 393 824 patrumque
403 764 508 814 voluntati
519 786 544 814 ac
555 766 599 814 suis
610 765 705 814 consiliis
716 764 813 814 obediret
823 785 875 814 cum
885 768 987 814 memoria

205 837 303 887 beneficii
317 837 389 892 huius,
403 837 463 896 quod
476 837 587 897 repulsum
600 838 628 887 ab
641 837 738 887 Antonio
752 837 818 886 semel
831 850 896 897 atque
909 838 987 888 iterum

205 910 281 959 Cicero
292 911 365 968 ipsum
375 910 468 969 benigne
477 930 503 959 ac
512 910 545 959 uti
555 910 625 959 filiurn
635 910 760 970 excepisset,
770 923 819 959 tum
829 910 880 959 odio
890 911 986 967 Antonii,

205 984 265 1042 quod
273 1002 296 1030 se
304 982 407 1031 Octavius
415 983 443 1031 ab
451 981 488 1031 illo
496 1002 560 1041 saepe
567 982 670 1033 allectum
678 982 822 1037 contumeliis,
830 983 864 1030 bis
873 983 988 1041 depulsum

166 1056 191 1104 10
206 1054 348 1113 ignominiose
358 1067 379 1104 et
389 1074 466 1114 magna
476 1052 628 1105 defraudatum
637 1056 728 1115 pecunia
739 1054 878 1104 meminisset.
885 1054 928 1104 ,Sin
938 1076 988 1105 vero

205 1129 250 1186 spei
263 1140 353 1177 eventus
365 1148 410 1177 non
423 1128 569 1186 responderet,
582 1128 636 1178 nihil
649 1128 739 1188 putabat
751 1128 828 1179 Cicero
841 1129 887 1178 lore
899 1149 938 1178 cur
950 1131 987 1179 de-

205 1202 305 1250 teriorem
316 1220 383 1260 quam
394 1212 449 1250 esset
461 1201 483 1249 in
494 1199 567 1249 locum
578 1219 612 1249 res
623 1200 710 1260 publica
721 1220 795 1250 casura
807 1215 869 1257 esset,
881 1222 932 1251 cum
943 1202 988 1262 ipse

205 1273 233 1323 ad
242 1273 386 1323 resistendum
394 1273 491 1321 Antonio
500 1272 594 1322 multum
603 1274 669 1322 animi
678 1273 740 1322 lortis
749 1287 771 1323 et
780 1276 852 1334 magni
861 1276 900 1324 sed
909 1275 988 1325 virium

206 1364 283 1403 parurn
298 1345 394 1405 haberet,
410 1345 471 1403 quod
486 1358 545 1393 metu
560 1346 671 1403 langueret
686 1347 816 1404 optimatum
836 1348 929 1406 quisque
949 1369 987 1396 nec

161 1419 192 1468 ’15
206 1417 289 1468 viribus
299 1427 351 1467 eum
361 1417 478 1478 quisquam
488 1415 527 1466 sed
538 1415 609 1466 verbis
621 1418 687 1466 modo
697 1417 890 1478 adhortationeque
901 1438 926 1468 ac
937 1439 988 1468 con·

206 1492 259 1541 siliis
274 1492 392 1546 adiuvaret,
408 1491 517 1550 principes
531 1502 605 1539 autem
620 1493 678 1539 necis
689 1491 787 1540 Caesaris
802 1505 824 1541 et
835 1493 877 1552 *qui
887 1493 953 1542 duces
963 1492 988 1541 li·

162 1576 165 1579 *
181 1572 183 1576 ⁴
206 1564 324 1614 berandam
335 1564 364 1613 ad
375 1565 467 1622 patriam
479 1583 525 1612 esse
537 1565 648 1618 deberent,
661 1563 749 1613 Cassius
761 1584 786 1613 ac
797 1564 878 1613 Brutus
890 1578 987 1624 uterque,
1006 1618 1008 1622 ,

165 1664 166 1667 ¹
196 1639 227 1687 ·hi
242 1637 348 1697 fugissent
362 1648 422 1686 metu
436 1649 457 1685 et
471 1636 571 1685 abessent
585 1657 651 1695 quam
665 1636 729 1695 longe
742 1657 782 1685 nec
796 1635 853 1686 ullus
867 1637 890 1685 in
904 1636 988 1686 civitate

128 1772 131 1774 Α
206 1711 290 1760 adesset
298 1710 336 1770 qui
344 1721 419 1759 contra
427 1708 548 1759 Antonium
556 1708 668 1768 propalam
675 1728 785 1768 opponere
793 1729 816 1757 se
823 1710 919 1758 auderet.

164 1786 209 1844 20,
252 1784 277 1833 ld
299 1803 388 1842 quoque
407 1782 448 1830 sibi
467 1782 553 1830 animus
572 1782 684 1836 suadebat,
705 1783 723 1830 si
742 1783 832 1831 omnino
852 1782 988 1832 serviendum

206 1859 268 1911 esset,
287 1855 347 1914 quod
364 1855 443 1902 servire
460 1853 559 1908 Octavio,
576 1852 707 1902 adolescenti
725 1855 752 1902 de
769 1874 792 1902 se
807 1856 889 1913 optime
905 1855 993 1913 rn'erito,

174 1956 177 1964 ·
207 1948 273 1988 quarn
281 1925 385 1982 Antonio,
395 1925 479 1976 homini
488 1927 559 1985 rapaci
569 1925 707 1986 superboque
716 1946 740 1974 ae
750 1926 795 1975 eius
805 1926 900 1982 inimico,
910 1926 987 1976 mallet.

189 2008 190 2012 ’
207 2001 336 2051 Ciceronem
352 1999 442 2060 quidem
459 1999 553 2048 maximo
569 2011 622 2049 tunc
638 2000 661 2047 in
678 1999 760 2048 honore
777 1999 869 2048 habebat
886 1999 987 2049 Octavius

206 2094 257 2121 cum
271 2074 358 2126 recenti,
375 2085 400 2119 ut
417 2072 468 2123 dixi,
485 2071 598 2125 beneficio,
614 2084 663 2118 tum
679 2073 745 2118 veteri
762 2073 856 2130 quadam
873 2073 988 2132 reverentia

161 2146 193 2196 25
207 2158 273 2207 atque
283 2145 393 2199 memoria,
405 2143 465 2204 quod
476 2163 502 2191 eo
512 2142 600 2191 consule
611 2149 674 2192 natus
685 2155 748 2192 esset.
761 2143 836 2202 Ipsum
847 2144 906 2192 enim
915 2142 988 2203 appel·

207 2220 263 2268 labat
278 2231 362 2277 patrem
371 2219 470 2276 tantique
480 2217 571 2266 faciebat
582 2218 731 2266 auctoritatem
741 2237 803 2266 suam
813 2231 838 2266 ut
849 2216 902 2265 nihil
913 2215 987 2269 lacere,
1007 2238 1009 2241 ·

207 2291 260 2339 nihil
273 2291 344 2338 dicere
356 2291 402 2337 sine
415 2290 461 2337 eius
473 2290 568 2354 scientia,
582 2290 699 2343 voluntate,
712 2288 802 2338 consilio
814 2289 929 2338 videretur.
943 2286 988 2337 Nec

206 2365 265 2423 apud
277 2384 327 2412 eum
339 2363 395 2412 vitae
406 2363 478 2410 socius
490 2362 606 2421 quisquam
618 2360 743 2410 lamiliarius
756 2360 791 2409 die
802 2374 912 2420 noctuque
924 2380 988 2419 quarn

207 2456 274 2496 nepos
290 2435 401 2484 Ciceronis
418 2434 520 2490 Quintus,
538 2433 614 2490 Quinti
631 2434 701 2482 fratris
718 2432 782 2488 lilius,
799 2433 930 2483 versabatur.
946 2432 988 2482 Ae-

166 2510 194 2558 30
210 2509 283 2569 quales
299 2527 367 2567 prope
383 2508 445 2556 annis
461 2520 528 2555 erant.
977 2504 978 2507 ’

248 2581 369 2630 Antonium
385 2599 436 2629 vero
451 2580 503 2628 haec
519 2580 559 2627 ista
574 2593 633 2627 tanta
646 2579 771 2627 coniunctio
781 2592 883 2637 tantaque
893 2577 988 2626 amicicia

208 2666 228 2703 et
242 2650 402 2704 confoederatio
415 2652 505 2703 iunioris
519 2651 616 2702 Caesaris
630 2651 670 2711 (sic
684 2652 742 2702 enim
755 2650 903 2712 appellabatur
916 2645 991 2708 vulgol

208 2742 228 2776 et
238 2727 349 2776 Ciceronis
357 2740 432 2776 contra
439 2743 502 2786 spem
511 2747 536 2775 ac
544 2726 578 2776 sui
586 2726 615 2775 ad
623 2726 699 2775 odium
708 2739 729 2775 et
738 2726 823 2775 ruinam
831 2724 888 2774 lacta
895 2722 988 2796 turbavit

209 2799 309 2850 multum.
319 2799 382 2848 Pares
391 2799 481 2858 quidem
490 2799 531 2847 sibi
541 2799 584 2848 iarn
593 2819 637 2848 non
646 2798 737 2848 consilio
746 2798 813 2847 modo
821 2796 851 2847 illi
861 2797 900 2847 sed
908 2795 988 2847 viribus

166 2875 194 2922 35
210 2876 274 2922 etiam
289 2892 314 2920 ac
328 2871 401 2921 lavore
415 2870 485 2931 plebis
500 2884 522 2920 et
537 2870 636 2943 militum¹
645 2870 781 2920 videbantur.
797 2870 845 2919 Nec
860 2870 924 2929 longe
938 2887 989 2916 con·

210 3056 239 3101 l3.
253 3054 330 3108 lor(tis)
345 3072 358 3097 ι.
373 3072 396 3104 r.;
411 3064 453 3097 erut
469 3053 579 3109 malgnil).³
636 3052 668 3098 32.
681 3052 712 3098 Ex
726 3051 784 3115 conte
797 3059 863 3097 statim
876 3069 926 3097 corre
