<?xml version="1.0" encoding="UTF-8"?>
<!DOCTYPE html PUBLIC "-//W3C//DTD XHTML 1.0 Transitional//EN"
    "http://www.w3.org/TR/xhtml1/DTD/xhtml1-transitional.dtd">
<html xmlns="http://www.w3.org/1999/xhtml" xml:lang="en" lang="en">
 <head>
  <title>
</title>
<meta http-equiv="Content-Type" content="text/html;charset=utf-8" />
  <meta name='ocr-system' content='tesseract 3.04.00' />
  <meta name='ocr-capabilities' content='ocr_page ocr_carea ocr_par ocr_line ocrx_word'/>
</head>
<body>
  <div class='ocr_page' id='page_1' title='image "MN40033ucmf_2_0292.png"; bbox 0 0 2093 3253; ppageno 0'>
   <div class='ocr_carea' id='block_1_1' title="bbox 123 176 661 223">
    <p class='ocr_par' dir='ltr' id='par_1_1' title="bbox 123 176 661 223">
     <span class='ocr_line' id='line_1_1' title="bbox 123 176 661 223; baseline 0.006 -3"><span class='ocrx_word' id='word_1_1' title='bbox 123 176 163 221; x_wconf 79' lang='lat' dir='ltr'>2l8</span> <span class='ocrx_word' id='word_1_2' title='bbox 426 191 517 222; x_wconf 85' lang='lat' dir='ltr'><strong>SICCONIS</strong></span> <span class='ocrx_word' id='word_1_3' title='bbox 532 192 646 223; x_wconf 81' lang='lat' dir='ltr'>POLENTONI</span> <span class='ocrx_word' id='word_1_4' title='bbox 660 193 661 196; x_wconf 73' lang='grc'>’</span> 
     </span>
    </p>
   </div>
   <div class='ocr_carea' id='block_1_2' title="bbox 92 304 1030 514">
    <p class='ocr_par' dir='ltr' id='par_1_2' title="bbox 92 304 1030 514">
     <span class='ocr_line' id='line_1_2' title="bbox 165 304 961 368; baseline 0.013 -15"><span class='ocrx_word' id='word_1_5' title='bbox 165 306 206 354; x_wconf 85' lang='lat' dir='ltr'>bus</span> <span class='ocrx_word' id='word_1_6' title='bbox 221 306 338 356; x_wconf 77' lang='lat' dir='ltr'>exornavit.</span> <span class='ocrx_word' id='word_1_7' title='bbox 355 304 438 356; x_wconf 90' lang='lat' dir='ltr'>Consul</span> <span class='ocrx_word' id='word_1_8' title='bbox 453 318 498 355; x_wconf 89' lang='lat' dir='ltr'>erat</span> <span class='ocrx_word' id='word_1_9' title='bbox 513 306 628 368; x_wconf 89' lang='lat' dir='ltr'>Pompeius</span> <span class='ocrx_word' id='word_1_10' title='bbox 644 308 684 356; x_wconf 88' lang='lat' dir='ltr'>iste</span> <span class='ocrx_word' id='word_1_11' title='bbox 698 329 749 357; x_wconf 91' lang='lat' dir='ltr'>cum</span> <span class='ocrx_word' id='word_1_12' title='bbox 763 306 895 358; x_wconf 86' lang='lat' dir='ltr'>Octavianus</span> <span class='ocrx_word' id='word_1_13' title='bbox 911 314 961 362; x_wconf 87' lang='lat' dir='ltr'>mi-·</span> 
     </span>
     <span class='ocr_line' id='line_1_3' title="bbox 92 379 1030 441; baseline 0.01 -15"><span class='ocrx_word' id='word_1_14' title='bbox 92 407 94 410; x_wconf 59' lang='lat'>&gt;</span> <span class='ocrx_word' id='word_1_15' title='bbox 165 380 233 437; x_wconf 79' lang='lat' dir='ltr'>gravit</span> <span class='ocrx_word' id='word_1_16' title='bbox 247 400 259 427; x_wconf 92' lang='lat' dir='ltr'>e</span> <span class='ocrx_word' id='word_1_17' title='bbox 273 381 323 429; x_wconf 87' lang='lat' dir='ltr'>vita.</span> <span class='ocrx_word' id='word_1_18' title='bbox 339 379 439 428; x_wconf 89' lang='lat' dir='ltr'>Caeteras</span> <span class='ocrx_word' id='word_1_19' title='bbox 453 398 504 429; x_wconf 91' lang='lat' dir='ltr'>vero</span> <span class='ocrx_word' id='word_1_20' title='bbox 518 381 574 429; x_wconf 92' lang='lat' dir='ltr'>inter</span> <span class='ocrx_word' id='word_1_21' title='bbox 588 382 677 430; x_wconf 86' lang='lat' dir='ltr'>virtutes</span> <span class='ocrx_word' id='word_1_22' title='bbox 692 382 733 429; x_wconf 88' lang='lat' dir='ltr'>hoc</span> <span class='ocrx_word' id='word_1_23' title='bbox 748 381 823 429; x_wconf 88' lang='lat' dir='ltr'>babuit</span> <span class='ocrx_word' id='word_1_24' title='bbox 837 382 950 441; x_wconf 78' lang='lat' dir='ltr'>singulare,</span> <span class='ocrx_word' id='word_1_25' title='bbox 1019 396 1030 424; x_wconf 66' lang='grc' dir='ltr'><strong>ἵὲ</strong></span> 
     </span>
     <span class='ocr_line' id='line_1_4' title="bbox 166 450 951 514; baseline 0.007 -14"><span class='ocrx_word' id='word_1_26' title='bbox 166 452 225 509; x_wconf 81' lang='lat' dir='ltr'>quod</span> <span class='ocrx_word' id='word_1_27' title='bbox 240 452 272 500; x_wconf 91' lang='lat' dir='ltr'>vir</span> <span class='ocrx_word' id='word_1_28' title='bbox 282 452 435 510; x_wconf 85' lang='lat' dir='ltr'>essetquietus</span> <span class='ocrx_word' id='word_1_29' title='bbox 446 450 556 510; x_wconf 79' lang='lat' dir='ltr'>terretque</span> <span class='ocrx_word' id='word_1_30' title='bbox 565 453 671 510; x_wconf 80' lang='lat' dir='ltr'>patienter</span> <span class='ocrx_word' id='word_1_31' title='bbox 681 454 818 513; x_wconf 79' lang='lat' dir='ltr'>condiciones</span> <span class='ocrx_word' id='word_1_32' title='bbox 828 467 951 514; x_wconf 89' lang='lat' dir='ltr'>temporum</span> 
     </span>
    </p>
   </div>
   <div class='ocr_carea' id='block_1_3' title="bbox 166 524 951 583">
    <p class='ocr_par' dir='ltr' id='par_1_3' title="bbox 166 524 1029 593">
     <span class='ocr_line' id='line_1_5' title="bbox 166 524 951 583; baseline 0.009 -12"><span class='ocrx_word' id='word_1_33' title='bbox 166 544 205 572; x_wconf 89' lang='lat' dir='ltr'>nec</span> <span class='ocrx_word' id='word_1_34' title='bbox 220 525 316 572; x_wconf 87' lang='lat' dir='ltr'>studeret</span> <span class='ocrx_word' id='word_1_35' title='bbox 327 524 388 572; x_wconf 89' lang='lat' dir='ltr'>bellis</span> <span class='ocrx_word' id='word_1_36' title='bbox 399 524 438 572; x_wconf 92' lang='lat' dir='ltr'>sed</span> <span class='ocrx_word' id='word_1_37' title='bbox 448 524 556 573; x_wconf 88' lang='lat' dir='ltr'>studiosos</span> <span class='ocrx_word' id='word_1_38' title='bbox 567 525 625 583; x_wconf 85' lang='lat' dir='ltr'>pacis</span> <span class='ocrx_word' id='word_1_39' title='bbox 636 538 657 574; x_wconf 90' lang='lat' dir='ltr'>et</span> <span class='ocrx_word' id='word_1_40' title='bbox 668 524 787 574; x_wconf 90' lang='lat' dir='ltr'>litterarum</span> <span class='ocrx_word' id='word_1_41' title='bbox 794 539 882 575; x_wconf 88' lang='lat' dir='ltr'>amaret.</span> <span class='ocrx_word' id='word_1_42' title='bbox 892 527 951 579; x_wconf 83' lang='lat' dir='ltr'>Mul·</span> 
     </span>
    </p>
   </div>
   <div class='ocr_carea' id='block_1_4' title="bbox 141 594 951 659">
    <p class='ocr_par' dir='ltr' id='par_1_4' title="bbox 141 594 1031 659">
     <span class='ocr_line' id='line_1_6' title="bbox 141 594 951 659; baseline 0.008 -14"><span class='ocrx_word' id='word_1_43' title='bbox 141 597 196 645; x_wconf 72' lang='lat' dir='ltr'>§ris</span> <span class='ocrx_word' id='word_1_44' title='bbox 211 597 269 646; x_wconf 90' lang='lat' dir='ltr'>enim</span> <span class='ocrx_word' id='word_1_45' title='bbox 284 611 305 646; x_wconf 86' lang='lat' dir='ltr'>et</span> <span class='ocrx_word' id='word_1_46' title='bbox 320 594 431 655; x_wconf 68' lang='lat' dir='ltr'>favoribus</span> <span class='ocrx_word' id='word_1_47' title='bbox 454 611 475 646; x_wconf 90' lang='lat' dir='ltr'>et</span> <span class='ocrx_word' id='word_1_48' title='bbox 497 597 607 648; x_wconf 86' lang='lat' dir='ltr'>beneficiis</span> <span class='ocrx_word' id='word_1_49' title='bbox 630 599 741 648; x_wconf 81' lang='lat' dir='ltr'>Nasonem</span> <span class='ocrx_word' id='word_1_50' title='bbox 763 612 856 659; x_wconf 89' lang='lat' dir='ltr'>poetam,</span> <span class='ocrx_word' id='word_1_51' title='bbox 879 602 951 652; x_wconf 90' lang='lat' dir='ltr'>multis</span> 
     </span>
    </p>
   </div>
   <div class='ocr_carea' id='block_1_5' title="bbox 167 670 951 733">
    <p class='ocr_par' dir='ltr' id='par_1_5' title="bbox 167 663 1031 733">
     <span class='ocr_line' id='line_1_7' title="bbox 167 670 951 733; baseline 0.007 -16"><span class='ocrx_word' id='word_1_52' title='bbox 167 670 277 718; x_wconf 86' lang='lat' dir='ltr'>Valerium</span> <span class='ocrx_word' id='word_1_53' title='bbox 285 670 344 719; x_wconf 93' lang='lat' dir='ltr'>bunc</span> <span class='ocrx_word' id='word_1_54' title='bbox 352 670 419 717; x_wconf 89' lang='lat' dir='ltr'>istum</span> <span class='ocrx_word' id='word_1_55' title='bbox 427 670 517 719; x_wconf 84' lang='lat' dir='ltr'>adiuvit.</span> <span class='ocrx_word' id='word_1_56' title='bbox 525 671 618 719; x_wconf 88' lang='lat' dir='ltr'>Proinde</span> <span class='ocrx_word' id='word_1_57' title='bbox 626 692 706 720; x_wconf 93' lang='lat' dir='ltr'>nomen</span> <span class='ocrx_word' id='word_1_58' title='bbox 714 672 760 719; x_wconf 89' lang='lat' dir='ltr'>eius</span> <span class='ocrx_word' id='word_1_59' title='bbox 768 672 827 729; x_wconf 88' lang='lat' dir='ltr'>apud</span> <span class='ocrx_word' id='word_1_60' title='bbox 834 686 951 733; x_wconf 88' lang='lat' dir='ltr'>utrumque</span> 
     </span>
    </p>
   </div>
   <div class='ocr_carea' id='block_1_6' title="bbox 166 742 952 875">
    <p class='ocr_par' dir='ltr' id='par_1_6' title="bbox 166 739 1031 875">
     <span class='ocr_line' id='line_1_8' title="bbox 168 742 952 805; baseline 0.008 -15"><span class='ocrx_word' id='word_1_61' title='bbox 168 742 271 791; x_wconf 90' lang='lat' dir='ltr'>memoria</span> <span class='ocrx_word' id='word_1_62' title='bbox 280 742 412 802; x_wconf 91' lang='lat' dir='ltr'>sempiterna</span> <span class='ocrx_word' id='word_1_63' title='bbox 421 742 481 791; x_wconf 91' lang='lat' dir='ltr'>vivit.</span> <span class='ocrx_word' id='word_1_64' title='bbox 493 742 568 802; x_wconf 85' lang='lat' dir='ltr'>Ipsum</span> <span class='ocrx_word' id='word_1_65' title='bbox 577 743 667 803; x_wconf 89' lang='lat' dir='ltr'>quidem</span> <span class='ocrx_word' id='word_1_66' title='bbox 676 742 780 799; x_wconf 89' lang='lat' dir='ltr'>Valerius,</span> <span class='ocrx_word' id='word_1_67' title='bbox 790 765 817 793; x_wconf 92' lang='lat' dir='ltr'>ne</span> <span class='ocrx_word' id='word_1_68' title='bbox 826 758 952 805; x_wconf 87' lang='lat' dir='ltr'>susceptum</span> 
     </span>
     <span class='ocr_line' id='line_1_9' title="bbox 166 815 951 875; baseline 0.009 -13"><span class='ocrx_word' id='word_1_69' title='bbox 166 815 193 862; x_wconf 90' lang='lat' dir='ltr'>ab</span> <span class='ocrx_word' id='word_1_70' title='bbox 209 835 234 863; x_wconf 87' lang='lat' dir='ltr'>eo</span> <span class='ocrx_word' id='word_1_71' title='bbox 250 815 382 864; x_wconf 85' lang='lat' dir='ltr'>beneficium</span> <span class='ocrx_word' id='word_1_72' title='bbox 392 815 501 864; x_wconf 88' lang='lat' dir='ltr'>oblivione</span> <span class='ocrx_word' id='word_1_73' title='bbox 512 816 620 875; x_wconf 87' lang='lat' dir='ltr'>depereat,</span> <span class='ocrx_word' id='word_1_74' title='bbox 630 818 686 866; x_wconf 90' lang='lat' dir='ltr'>inter</span> <span class='ocrx_word' id='word_1_75' title='bbox 696 816 787 866; x_wconf 79' lang='lat' dir='ltr'>illustria</span> <span class='ocrx_word' id='word_1_76' title='bbox 797 819 916 868; x_wconf 88' lang='lat' dir='ltr'>constantis</span> <span class='ocrx_word' id='word_1_77' title='bbox 927 841 951 869; x_wconf 88' lang='lat' dir='ltr'>ac</span> 
     </span>
    </p>
   </div>
   <div class='ocr_carea' id='block_1_7' title="bbox 129 888 976 1086">
    <p class='ocr_par' dir='ltr' id='par_1_7' title="bbox 129 879 1033 1104">
     <span class='ocr_line' id='line_1_10' title="bbox 171 888 951 949; baseline 0.007 -14"><span class='ocrx_word' id='word_1_78' title='bbox 171 889 276 946; x_wconf 83' lang='lat' dir='ltr'>benignae</span> <span class='ocrx_word' id='word_1_79' title='bbox 290 889 400 936; x_wconf 85' lang='lat' dir='ltr'>amiciciae</span> <span class='ocrx_word' id='word_1_80' title='bbox 411 888 510 948; x_wconf 86' lang='lat' dir='ltr'>exempla</span> <span class='ocrx_word' id='word_1_81' title='bbox 520 902 683 944; x_wconf 88' lang='lat' dir='ltr'>commemorat,</span> <span class='ocrx_word' id='word_1_82' title='bbox 694 889 766 938; x_wconf 87' lang='lat' dir='ltr'>utillo</span> <span class='ocrx_word' id='word_1_83' title='bbox 777 891 799 938; x_wconf 90' lang='lat' dir='ltr'>in</span> <span class='ocrx_word' id='word_1_84' title='bbox 810 910 888 949; x_wconf 81' lang='lat' dir='ltr'>genere</span> <span class='ocrx_word' id='word_1_85' title='bbox 899 890 951 941; x_wconf 83' lang='lat' dir='ltr'>libe·</span> 
     </span>
     <span class='ocr_line' id='line_1_11' title="bbox 129 960 912 1019; baseline 0.006 -12"><span class='ocrx_word' id='word_1_86' title='bbox 129 962 154 1008; x_wconf 88' lang='lat' dir='ltr'>lO</span> <span class='ocrx_word' id='word_1_87' title='bbox 169 960 257 1010; x_wconf 87' lang='lat' dir='ltr'>ralitatis</span> <span class='ocrx_word' id='word_1_88' title='bbox 269 974 290 1009; x_wconf 91' lang='lat' dir='ltr'>et</span> <span class='ocrx_word' id='word_1_89' title='bbox 302 960 366 1009; x_wconf 87' lang='lat' dir='ltr'>officii</span> <span class='ocrx_word' id='word_1_90' title='bbox 378 962 532 1019; x_wconf 87' lang='lat' dir='ltr'>adaequandus</span> <span class='ocrx_word' id='word_1_91' title='bbox 543 962 666 1019; x_wconf 75' lang='lat' dir='ltr'>Alexandro</span> <span class='ocrx_word' id='word_1_92' title='bbox 679 962 795 1010; x_wconf 86' lang='lat' dir='ltr'>Macedoni</span> <span class='ocrx_word' id='word_1_93' title='bbox 807 963 912 1012; x_wconf 88' lang='lat' dir='ltr'>videatur.</span> 
     </span>
     <span class='ocr_line' id='line_1_12' title="bbox 209 1032 976 1086; baseline 0.009 -6"><span class='ocrx_word' id='word_1_94' title='bbox 209 1032 260 1081; x_wconf 88' lang='lat' dir='ltr'>Post</span> <span class='ocrx_word' id='word_1_95' title='bbox 274 1033 385 1081; x_wconf 88' lang='lat' dir='ltr'>Valerium</span> <span class='ocrx_word' id='word_1_96' title='bbox 396 1050 447 1081; x_wconf 86' lang='lat' dir='ltr'>vero</span> <span class='ocrx_word' id='word_1_97' title='bbox 459 1033 519 1081; x_wconf 87' lang='lat' dir='ltr'>baud</span> <span class='ocrx_word' id='word_1_98' title='bbox 530 1033 610 1082; x_wconf 89' lang='lat' dir='ltr'>multos</span> <span class='ocrx_word' id='word_1_99' title='bbox 622 1034 650 1082; x_wconf 89' lang='lat' dir='ltr'>ad</span> <span class='ocrx_word' id='word_1_100' title='bbox 660 1054 728 1082; x_wconf 90' lang='lat' dir='ltr'>annos</span> <span class='ocrx_word' id='word_1_101' title='bbox 741 1033 790 1083; x_wconf 82' lang='lat' dir='ltr'>Sex.</span> <span class='ocrx_word' id='word_1_102' title='bbox 805 1033 873 1084; x_wconf 88' lang='lat' dir='ltr'>lulius</span> <span class='ocrx_word' id='word_1_103' title='bbox 885 1034 953 1086; x_wconf 82' lang='lat' dir='ltr'>Fron·</span> <span class='ocrx_word' id='word_1_104' title='bbox 974 1036 976 1038; x_wconf 45' lang='grc'><strong>’</strong></span> 
     </span>
    </p>
   </div>
   <div class='ocr_carea' id='block_1_8' title="bbox 167 1104 953 1165">
    <p class='ocr_par' dir='ltr' id='par_1_8' title="bbox 167 1104 1029 1165">
     <span class='ocr_line' id='line_1_13' title="bbox 167 1104 953 1165; baseline 0.007 -14"><span class='ocrx_word' id='word_1_105' title='bbox 167 1106 225 1152; x_wconf 89' lang='lat' dir='ltr'>tinus</span> <span class='ocrx_word' id='word_1_106' title='bbox 238 1118 301 1154; x_wconf 91' lang='lat' dir='ltr'>natus</span> <span class='ocrx_word' id='word_1_107' title='bbox 313 1118 353 1153; x_wconf 90' lang='lat' dir='ltr'>est.</span> <span class='ocrx_word' id='word_1_108' title='bbox 366 1104 447 1153; x_wconf 86' lang='lat' dir='ltr'>Romae</span> <span class='ocrx_word' id='word_1_109' title='bbox 459 1118 512 1153; x_wconf 90' lang='lat' dir='ltr'>tunc</span> <span class='ocrx_word' id='word_1_110' title='bbox 524 1105 629 1154; x_wconf 87' lang='lat' dir='ltr'>Claudius</span> <span class='ocrx_word' id='word_1_111' title='bbox 641 1105 768 1165; x_wconf 84' lang='lat' dir='ltr'>imperabat.</span> <span class='ocrx_word' id='word_1_112' title='bbox 781 1106 869 1156; x_wconf 86' lang='lat' dir='ltr'>Nerone</span> <span class='ocrx_word' id='word_1_113' title='bbox 880 1121 953 1158; x_wconf 88' lang='lat' dir='ltr'>autem</span> 
     </span>
    </p>
   </div>
   <div class='ocr_carea' id='block_1_9' title="bbox 168 1178 953 1310">
    <p class='ocr_par' dir='ltr' id='par_1_9' title="bbox 168 1165 1032 1313">
     <span class='ocr_line' id='line_1_14' title="bbox 169 1178 953 1237; baseline 0.009 -13"><span class='ocrx_word' id='word_1_114' title='bbox 169 1192 262 1232; x_wconf 88' lang='lat' dir='ltr'>mortuo,</span> <span class='ocrx_word' id='word_1_115' title='bbox 277 1200 329 1228; x_wconf 91' lang='lat' dir='ltr'>cum</span> <span class='ocrx_word' id='word_1_116' title='bbox 344 1178 421 1232; x_wconf 88' lang='lat' dir='ltr'>Galba,</span> <span class='ocrx_word' id='word_1_117' title='bbox 437 1178 504 1232; x_wconf 88' lang='lat' dir='ltr'>Otho,</span> <span class='ocrx_word' id='word_1_118' title='bbox 519 1179 610 1227; x_wconf 91' lang='lat' dir='ltr'>Vitelius</span> <span class='ocrx_word' id='word_1_119' title='bbox 625 1180 652 1227; x_wconf 91' lang='lat' dir='ltr'>de</span> <span class='ocrx_word' id='word_1_120' title='bbox 666 1180 757 1237; x_wconf 89' lang='lat' dir='ltr'>imperio</span> <span class='ocrx_word' id='word_1_121' title='bbox 771 1193 919 1229; x_wconf 85' lang='lat' dir='ltr'>concertarent</span> <span class='ocrx_word' id='word_1_122' title='bbox 932 1195 953 1230; x_wconf 84' lang='lat' dir='ltr'>et</span> 
     </span>
     <span class='ocr_line' id='line_1_15' title="bbox 168 1250 952 1310; baseline 0.007 -12"><span class='ocrx_word' id='word_1_123' title='bbox 168 1251 288 1299; x_wconf 89' lang='lat' dir='ltr'>mutatione</span> <span class='ocrx_word' id='word_1_124' title='bbox 304 1250 382 1299; x_wconf 59' lang='lat' dir='ltr'>vcrebra</span> <span class='ocrx_word' id='word_1_125' title='bbox 401 1250 526 1310; x_wconf 88' lang='lat' dir='ltr'>principum</span> <span class='ocrx_word' id='word_1_126' title='bbox 545 1251 661 1310; x_wconf 89' lang='lat' dir='ltr'>imperium</span> <span class='ocrx_word' id='word_1_127' title='bbox 680 1252 816 1307; x_wconf 89' lang='lat' dir='ltr'>claudicaret,</span> <span class='ocrx_word' id='word_1_128' title='bbox 837 1252 952 1302; x_wconf 84' lang='lat' dir='ltr'>Frontinus</span> 
     </span>
    </p>
   </div>
   <div class='ocr_carea' id='block_1_10' title="bbox 130 1323 953 1456">
    <p class='ocr_par' dir='ltr' id='par_1_10' title="bbox 130 1317 1035 1460">
     <span class='ocr_line' id='line_1_16' title="bbox 130 1323 953 1383; baseline 0.002 -11"><span class='ocrx_word' id='word_1_129' title='bbox 130 1325 154 1382; x_wconf 78' lang='grc'>15</span> <span class='ocrx_word' id='word_1_130' title='bbox 170 1336 243 1372; x_wconf 88' lang='lat' dir='ltr'>noster</span> <span class='ocrx_word' id='word_1_131' title='bbox 257 1324 301 1373; x_wconf 88' lang='lat' dir='ltr'>iam</span> <span class='ocrx_word' id='word_1_132' title='bbox 313 1324 437 1373; x_wconf 85' lang='lat' dir='ltr'>adolescens</span> <span class='ocrx_word' id='word_1_133' title='bbox 451 1337 472 1373; x_wconf 93' lang='lat' dir='ltr'>et</span> <span class='ocrx_word' id='word_1_134' title='bbox 484 1326 549 1373; x_wconf 90' lang='lat' dir='ltr'>armis</span> <span class='ocrx_word' id='word_1_135' title='bbox 561 1323 656 1374; x_wconf 77' lang='lat' dir='ltr'>ferendis</span> <span class='ocrx_word' id='word_1_136' title='bbox 669 1326 760 1374; x_wconf 89' lang='lat' dir='ltr'>idoneus</span> <span class='ocrx_word' id='word_1_137' title='bbox 773 1325 870 1383; x_wconf 87' lang='lat' dir='ltr'>partibus</span> <span class='ocrx_word' id='word_1_138' title='bbox 883 1325 953 1374; x_wconf 49' lang='lat' dir='ltr'>Otho*</span> 
     </span>
     <span class='ocr_line' id='line_1_17' title="bbox 169 1395 953 1456; baseline 0.003 -12"><span class='ocrx_word' id='word_1_139' title='bbox 169 1397 201 1444; x_wconf 89' lang='lat' dir='ltr'>nis</span> <span class='ocrx_word' id='word_1_140' title='bbox 216 1395 276 1446; x_wconf 82' lang='lat' dir='ltr'>lavit.</span> <span class='ocrx_word' id='word_1_141' title='bbox 302 1396 401 1445; x_wconf 83' lang='lat' dir='ltr'>Militum</span> <span class='ocrx_word' id='word_1_142' title='bbox 414 1417 500 1455; x_wconf 86' lang='lat' dir='ltr'>nanque</span> <span class='ocrx_word' id='word_1_143' title='bbox 512 1398 613 1447; x_wconf 89' lang='lat' dir='ltr'>tribunus</span> <span class='ocrx_word' id='word_1_144' title='bbox 625 1399 653 1446; x_wconf 92' lang='lat' dir='ltr'>ab</span> <span class='ocrx_word' id='word_1_145' title='bbox 666 1418 691 1446; x_wconf 91' lang='lat' dir='ltr'>eo</span> <span class='ocrx_word' id='word_1_146' title='bbox 704 1398 827 1456; x_wconf 83' lang='lat' dir='ltr'>designatus</span> <span class='ocrx_word' id='word_1_147' title='bbox 840 1412 873 1446; x_wconf 90' lang='lat' dir='ltr'>est</span> <span class='ocrx_word' id='word_1_148' title='bbox 885 1411 907 1446; x_wconf 91' lang='lat' dir='ltr'>et</span> <span class='ocrx_word' id='word_1_149' title='bbox 919 1399 953 1447; x_wconf 88' lang='lat' dir='ltr'>illa</span> 
     </span>
    </p>
   </div>
   <div class='ocr_carea' id='block_1_11' title="bbox 168 1469 953 1539">
    <p class='ocr_par' dir='ltr' id='par_1_11' title="bbox 168 1463 1034 1541">
     <span class='ocr_line' id='line_1_18' title="bbox 168 1469 953 1539; baseline 0.002 -22"><span class='ocrx_word' id='word_1_150' title='bbox 168 1471 191 1518; x_wconf 86' lang='lat' dir='ltr'>in</span> <span class='ocrx_word' id='word_1_151' title='bbox 206 1490 278 1539; x_wconf 82' lang='lat' dir='ltr'>pugna</span> <span class='ocrx_word' id='word_1_152' title='bbox 287 1469 329 1519; x_wconf 86' lang='lat' dir='ltr'>luit</span> <span class='ocrx_word' id='word_1_153' title='bbox 336 1488 380 1535; x_wconf 77' lang='lat' dir='ltr'>qua</span> <span class='ocrx_word' id='word_1_154' title='bbox 389 1469 500 1530; x_wconf 74' lang='lat' dir='ltr'>Othonem</span> <span class='ocrx_word' id='word_1_155' title='bbox 509 1471 601 1520; x_wconf 89' lang='lat' dir='ltr'>Vitelius</span> <span class='ocrx_word' id='word_1_156' title='bbox 610 1472 725 1530; x_wconf 78' lang='lat' dir='ltr'>superavit.</span> <span class='ocrx_word' id='word_1_157' title='bbox 734 1471 807 1526; x_wconf 80' lang='lat' dir='ltr'>Armis</span> <span class='ocrx_word' id='word_1_158' title='bbox 815 1490 867 1520; x_wconf 91' lang='lat' dir='ltr'>vero</span> <span class='ocrx_word' id='word_1_159' title='bbox 876 1472 953 1521; x_wconf 87' lang='lat' dir='ltr'>deinde</span> 
     </span>
    </p>
   </div>
   <div class='ocr_carea' id='block_1_12' title="bbox 88 1543 953 1747">
    <p class='ocr_par' dir='ltr' id='par_1_12' title="bbox 88 1543 1036 1747">
     <span class='ocr_line' id='line_1_19' title="bbox 169 1543 953 1602; baseline -0.001 -11"><span class='ocrx_word' id='word_1_160' title='bbox 169 1544 244 1600; x_wconf 89' lang='lat' dir='ltr'>positis</span> <span class='ocrx_word' id='word_1_161' title='bbox 259 1544 287 1591; x_wconf 86' lang='lat' dir='ltr'>ad</span> <span class='ocrx_word' id='word_1_162' title='bbox 297 1544 378 1591; x_wconf 89' lang='lat' dir='ltr'>litteras</span> <span class='ocrx_word' id='word_1_163' title='bbox 388 1543 447 1590; x_wconf 92' lang='lat' dir='ltr'>unde</span> <span class='ocrx_word' id='word_1_164' title='bbox 464 1543 590 1591; x_wconf 88' lang='lat' dir='ltr'>discesserat</span> <span class='ocrx_word' id='word_1_165' title='bbox 606 1562 714 1602; x_wconf 83' lang='lat' dir='ltr'>regressus</span> <span class='ocrx_word' id='word_1_166' title='bbox 725 1557 757 1591; x_wconf 91' lang='lat' dir='ltr'>est</span> <span class='ocrx_word' id='word_1_167' title='bbox 767 1556 871 1602; x_wconf 86' lang='lat' dir='ltr'>tantoque</span> <span class='ocrx_word' id='word_1_168' title='bbox 881 1544 953 1591; x_wconf 90' lang='lat' dir='ltr'>studio</span> 
     </span>
     <span class='ocr_line' id='line_1_20' title="bbox 169 1613 953 1675; baseline 0 -12"><span class='ocrx_word' id='word_1_169' title='bbox 169 1615 304 1674; x_wconf 86' lang='lat' dir='ltr'>eloquentiae</span> <span class='ocrx_word' id='word_1_170' title='bbox 321 1635 346 1663; x_wconf 87' lang='lat' dir='ltr'>ac</span> <span class='ocrx_word' id='word_1_171' title='bbox 364 1613 427 1662; x_wconf 87' lang='lat' dir='ltr'>bonis</span> <span class='ocrx_word' id='word_1_172' title='bbox 445 1615 527 1663; x_wconf 88' lang='lat' dir='ltr'>artibus</span> <span class='ocrx_word' id='word_1_173' title='bbox 545 1615 641 1674; x_wconf 83' lang='lat' dir='ltr'>vigilavit</span> <span class='ocrx_word' id='word_1_174' title='bbox 659 1616 719 1675; x_wconf 88' lang='lat' dir='ltr'>quod</span> <span class='ocrx_word' id='word_1_175' title='bbox 741 1614 805 1664; x_wconf 89' lang='lat' dir='ltr'>rebus</span> <span class='ocrx_word' id='word_1_176' title='bbox 829 1614 953 1674; x_wconf 79' lang='lat' dir='ltr'>compositis</span> 
     </span>
     <span class='ocr_line' id='line_1_21' title="bbox 88 1679 953 1747; baseline -0.001 -10"><span class='ocrx_word' id='word_1_177' title='bbox 88 1679 90 1683; x_wconf 36' lang='lat'><em>⁷</em></span> <span class='ocrx_word' id='word_1_178' title='bbox 128 1689 157 1737; x_wconf 82' lang='lat'>20</span> <span class='ocrx_word' id='word_1_179' title='bbox 171 1709 195 1736; x_wconf 89' lang='lat' dir='ltr'>ac</span> <span class='ocrx_word' id='word_1_180' title='bbox 210 1688 289 1747; x_wconf 86' lang='lat' dir='ltr'>quietis</span> <span class='ocrx_word' id='word_1_181' title='bbox 302 1688 435 1747; x_wconf 89' lang='lat' dir='ltr'>Vespasiano</span> <span class='ocrx_word' id='word_1_182' title='bbox 449 1688 579 1747; x_wconf 87' lang='lat' dir='ltr'>imperatore</span> <span class='ocrx_word' id='word_1_183' title='bbox 592 1688 650 1738; x_wconf 90' lang='lat' dir='ltr'>solus</span> <span class='ocrx_word' id='word_1_184' title='bbox 661 1702 732 1738; x_wconf 89' lang='lat' dir='ltr'>orator</span> <span class='ocrx_word' id='word_1_185' title='bbox 743 1708 789 1737; x_wconf 90' lang='lat' dir='ltr'>esse</span> <span class='ocrx_word' id='word_1_186' title='bbox 799 1709 823 1737; x_wconf 91' lang='lat' dir='ltr'>ac</span> <span class='ocrx_word' id='word_1_187' title='bbox 834 1707 923 1747; x_wconf 83' lang='lat' dir='ltr'>regnare</span> <span class='ocrx_word' id='word_1_188' title='bbox 933 1701 953 1737; x_wconf 89' lang='lat' dir='ltr'>et</span> 
     </span>
    </p>
   </div>
   <div class='ocr_carea' id='block_1_13' title="bbox 169 1759 953 1820">
    <p class='ocr_par' dir='ltr' id='par_1_13' title="bbox 169 1752 1035 1826">
     <span class='ocr_line' id='line_1_22' title="bbox 169 1759 953 1820; baseline -0.002 -11"><span class='ocrx_word' id='word_1_189' title='bbox 169 1761 228 1820; x_wconf 89' lang='lat' dir='ltr'>apud</span> <span class='ocrx_word' id='word_1_190' title='bbox 242 1761 324 1810; x_wconf 89' lang='lat' dir='ltr'>iudices</span> <span class='ocrx_word' id='word_1_191' title='bbox 338 1761 361 1809; x_wconf 90' lang='lat' dir='ltr'>in</span> <span class='ocrx_word' id='word_1_192' title='bbox 374 1759 422 1809; x_wconf 80' lang='lat' dir='ltr'>loro</span> <span class='ocrx_word' id='word_1_193' title='bbox 436 1774 457 1808; x_wconf 92' lang='lat' dir='ltr'>et</span> <span class='ocrx_word' id='word_1_194' title='bbox 471 1762 531 1818; x_wconf 90' lang='lat' dir='ltr'>apud</span> <span class='ocrx_word' id='word_1_195' title='bbox 544 1761 665 1819; x_wconf 89' lang='lat' dir='ltr'>principem</span> <span class='ocrx_word' id='word_1_196' title='bbox 678 1762 701 1809; x_wconf 91' lang='lat' dir='ltr'>in</span> <span class='ocrx_word' id='word_1_197' title='bbox 715 1762 774 1809; x_wconf 85' lang='lat' dir='ltr'>curia</span> <span class='ocrx_word' id='word_1_198' title='bbox 788 1761 874 1809; x_wconf 90' lang='lat' dir='ltr'>dicendi</span> <span class='ocrx_word' id='word_1_199' title='bbox 888 1762 953 1818; x_wconf 80' lang='lat' dir='ltr'>gratia</span> 
     </span>
    </p>
   </div>
   <div class='ocr_carea' id='block_1_14' title="bbox 169 1832 953 1893">
    <p class='ocr_par' dir='ltr' id='par_1_14' title="bbox 169 1830 1037 1902">
     <span class='ocr_line' id='line_1_23' title="bbox 169 1832 953 1893; baseline -0.003 -10"><span class='ocrx_word' id='word_1_200' title='bbox 169 1834 285 1893; x_wconf 82' lang='lat' dir='ltr'>videretur.</span> <span class='ocrx_word' id='word_1_201' title='bbox 295 1834 435 1892; x_wconf 83' lang='lat' dir='ltr'>Magistratus</span> <span class='ocrx_word' id='word_1_202' title='bbox 443 1852 502 1888; x_wconf 91' lang='lat' dir='ltr'>vero,</span> <span class='ocrx_word' id='word_1_203' title='bbox 511 1833 549 1893; x_wconf 89' lang='lat' dir='ltr'>qui</span> <span class='ocrx_word' id='word_1_204' title='bbox 558 1834 596 1882; x_wconf 75' lang='lat' dir='ltr'>aut&#39;</span> <span class='ocrx_word' id='word_1_205' title='bbox 602 1833 688 1882; x_wconf 90' lang='lat' dir='ltr'>virtutis</span> <span class='ocrx_word' id='word_1_206' title='bbox 702 1833 785 1893; x_wconf 89' lang='lat' dir='ltr'>premio</span> <span class='ocrx_word' id='word_1_207' title='bbox 798 1846 835 1883; x_wconf 91' lang='lat' dir='ltr'>aut</span> <span class='ocrx_word' id='word_1_208' title='bbox 850 1832 953 1893; x_wconf 88' lang='lat' dir='ltr'>principis</span> 
     </span>
    </p>
   </div>
   <div class='ocr_carea' id='block_1_15' title="bbox 128 1907 955 2112">
    <p class='ocr_par' dir='ltr' id='par_1_15' title="bbox 128 1903 1038 2117">
     <span class='ocr_line' id='line_1_24' title="bbox 170 1907 954 1966; baseline -0.001 -12"><span class='ocrx_word' id='word_1_209' title='bbox 170 1907 243 1956; x_wconf 83' lang='lat' dir='ltr'>lavore</span> <span class='ocrx_word' id='word_1_210' title='bbox 257 1908 366 1962; x_wconf 86' lang='lat' dir='ltr'>darentur,</span> <span class='ocrx_word' id='word_1_211' title='bbox 380 1907 525 1966; x_wconf 86' lang='lat' dir='ltr'>amplissimos</span> <span class='ocrx_word' id='word_1_212' title='bbox 540 1908 601 1956; x_wconf 88' lang='lat' dir='ltr'>obiit.</span> <span class='ocrx_word' id='word_1_213' title='bbox 615 1908 692 1964; x_wconf 74' lang='lat' dir='ltr'>Augur</span> <span class='ocrx_word' id='word_1_214' title='bbox 705 1908 793 1956; x_wconf 85' lang='lat' dir='ltr'>tandem</span> <span class='ocrx_word' id='word_1_215' title='bbox 807 1920 890 1956; x_wconf 86' lang='lat' dir='ltr'>creatus</span> <span class='ocrx_word' id='word_1_216' title='bbox 904 1927 954 1954; x_wconf 89' lang='lat' dir='ltr'>cum</span> 
     </span>
     <span class='ocr_line' id='line_1_25' title="bbox 170 1978 645 2038; baseline 0 -11"><span class='ocrx_word' id='word_1_217' title='bbox 170 1981 285 2038; x_wconf 87' lang='lat' dir='ltr'>imperaret</span> <span class='ocrx_word' id='word_1_218' title='bbox 299 1979 405 2029; x_wconf 88' lang='lat' dir='ltr'>Traianus</span> <span class='ocrx_word' id='word_1_219' title='bbox 419 1980 463 2028; x_wconf 82' lang='lat' dir='ltr'>vita</span> <span class='ocrx_word' id='word_1_220' title='bbox 476 1978 592 2029; x_wconf 73' lang='lat' dir='ltr'>defunctus</span> <span class='ocrx_word' id='word_1_221' title='bbox 605 1994 645 2028; x_wconf 89' lang='lat' dir='ltr'>est.</span> 
     </span>
     <span class='ocr_line' id='line_1_26' title="bbox 128 2052 955 2112; baseline -0.005 -9"><span class='ocrx_word' id='word_1_222' title='bbox 128 2054 156 2103; x_wconf 83' lang='grc'>25</span> <span class='ocrx_word' id='word_1_223' title='bbox 214 2053 276 2112; x_wconf 90' lang='lat' dir='ltr'>Opus</span> <span class='ocrx_word' id='word_1_224' title='bbox 291 2066 385 2103; x_wconf 87' lang='lat' dir='ltr'>autema</span> <span class='ocrx_word' id='word_1_225' title='bbox 395 2073 418 2102; x_wconf 90' lang='lat' dir='ltr'>se</span> <span class='ocrx_word' id='word_1_226' title='bbox 428 2054 534 2112; x_wconf 90' lang='lat' dir='ltr'>scriptum</span> <span class='ocrx_word' id='word_1_227' title='bbox 544 2053 614 2102; x_wconf 88' lang='lat' dir='ltr'>soluta</span> <span class='ocrx_word' id='word_1_228' title='bbox 623 2053 743 2112; x_wconf 84' lang='lat' dir='ltr'>eademque</span> <span class='ocrx_word' id='word_1_229' title='bbox 752 2053 811 2111; x_wconf 81' lang='lat' dir='ltr'>gravi</span> <span class='ocrx_word' id='word_1_230' title='bbox 820 2073 845 2101; x_wconf 90' lang='lat' dir='ltr'>ac</span> <span class='ocrx_word' id='word_1_231' title='bbox 855 2052 955 2102; x_wconf 77' lang='lat' dir='ltr'>delimate</span> 
     </span>
    </p>
   </div>
   <div class='ocr_carea' id='block_1_16' title="bbox 170 2124 955 2184">
    <p class='ocr_par' dir='ltr' id='par_1_16' title="bbox 170 2120 1035 2184">
     <span class='ocr_line' id='line_1_27' title="bbox 170 2124 955 2184; baseline -0.006 -10"><span class='ocrx_word' id='word_1_232' title='bbox 170 2127 266 2175; x_wconf 83' lang='lat' dir='ltr'>oratione</span> <span class='ocrx_word' id='word_1_233' title='bbox 277 2126 364 2184; x_wconf 86' lang='lat' dir='ltr'>reliquit</span> <span class='ocrx_word' id='word_1_234' title='bbox 375 2126 492 2183; x_wconf 82' lang='lat' dir='ltr'>egregium.</span> <span class='ocrx_word' id='word_1_235' title='bbox 504 2125 599 2173; x_wconf 89' lang='lat' dir='ltr'>Pertinet</span> <span class='ocrx_word' id='word_1_236' title='bbox 611 2125 700 2184; x_wconf 83' lang='lat' dir='ltr'>quidem</span> <span class='ocrx_word' id='word_1_237' title='bbox 711 2125 739 2173; x_wconf 91' lang='lat' dir='ltr'>ad</span> <span class='ocrx_word' id='word_1_238' title='bbox 750 2142 797 2173; x_wconf 88' lang='lat' dir='ltr'>rem</span> <span class='ocrx_word' id='word_1_239' title='bbox 809 2124 923 2173; x_wconf 89' lang='lat' dir='ltr'>militarem</span> <span class='ocrx_word' id='word_1_240' title='bbox 934 2136 955 2172; x_wconf 94' lang='lat' dir='ltr'>et</span> 
     </span>
    </p>
   </div>
   <div class='ocr_carea' id='block_1_17' title="bbox 170 2197 955 2258">
    <p class='ocr_par' dir='ltr' id='par_1_17' title="bbox 170 2184 1038 2258">
     <span class='ocr_line' id='line_1_28' title="bbox 170 2197 955 2258; baseline -0.002 -12"><span class='ocrx_word' id='word_1_241' title='bbox 170 2219 222 2246; x_wconf 90' lang='lat' dir='ltr'>voce</span> <span class='ocrx_word' id='word_1_242' title='bbox 235 2198 306 2246; x_wconf 86' lang='lat' dir='ltr'>Greca</span> <span class='ocrx_word' id='word_1_243' title='bbox 318 2198 498 2258; x_wconf 79' lang='lat' dir='ltr'>Strategmaticon</span> <span class='ocrx_word' id='word_1_244' title='bbox 510 2197 642 2255; x_wconf 89' lang='lat' dir='ltr'>appellatum</span> <span class='ocrx_word' id='word_1_245' title='bbox 654 2211 693 2245; x_wconf 89' lang='lat' dir='ltr'>est.</span> <span class='ocrx_word' id='word_1_246' title='bbox 706 2197 767 2244; x_wconf 88' lang='lat' dir='ltr'>Libri</span> <span class='ocrx_word' id='word_1_247' title='bbox 780 2210 882 2255; x_wconf 87' lang='lat' dir='ltr'>quattuor</span> <span class='ocrx_word' id='word_1_248' title='bbox 894 2197 921 2244; x_wconf 92' lang='lat' dir='ltr'>de</span> <span class='ocrx_word' id='word_1_249' title='bbox 933 2214 955 2244; x_wconf 90' lang='lat' dir='ltr'>re</span> 
     </span>
    </p>
   </div>
   <div class='ocr_carea' id='block_1_18' title="bbox 171 2268 955 2328">
    <p class='ocr_par' dir='ltr' id='par_1_18' title="bbox 171 2260 1036 2328">
     <span class='ocr_line' id='line_1_29' title="bbox 171 2268 955 2328; baseline -0.006 -9"><span class='ocrx_word' id='word_1_250' title='bbox 171 2270 257 2319; x_wconf 89' lang='lat' dir='ltr'>militari</span> <span class='ocrx_word' id='word_1_251' title='bbox 268 2283 326 2324; x_wconf 91' lang='lat' dir='ltr'>sunt,</span> <span class='ocrx_word' id='word_1_252' title='bbox 337 2269 418 2328; x_wconf 84' lang='lat' dir='ltr'>quibus</span> <span class='ocrx_word' id='word_1_253' title='bbox 429 2269 567 2328; x_wconf 87' lang='lat' dir='ltr'>disciplinam</span> <span class='ocrx_word' id='word_1_254' title='bbox 578 2290 665 2318; x_wconf 92' lang='lat' dir='ltr'>omnem</span> <span class='ocrx_word' id='word_1_255' title='bbox 676 2269 764 2328; x_wconf 81' lang='lat' dir='ltr'>gerendi</span> <span class='ocrx_word' id='word_1_256' title='bbox 775 2268 825 2317; x_wconf 89' lang='lat' dir='ltr'>belli</span> <span class='ocrx_word' id='word_1_257' title='bbox 836 2282 858 2317; x_wconf 87' lang='lat' dir='ltr'>et</span> <span class='ocrx_word' id='word_1_258' title='bbox 868 2283 924 2318; x_wconf 87' lang='lat' dir='ltr'>terra</span> <span class='ocrx_word' id='word_1_259' title='bbox 934 2281 955 2316; x_wconf 88' lang='lat' dir='ltr'>et</span> 
     </span>
    </p>
   </div>
   <div class='ocr_carea' id='block_1_19' title="bbox 128 2342 1039 2765">
    <p class='ocr_par' dir='ltr' id='par_1_19' title="bbox 128 2342 1041 2772">
     <span class='ocr_line' id='line_1_30' title="bbox 171 2342 1039 2404; baseline -0.007 -10"><span class='ocrx_word' id='word_1_260' title='bbox 171 2345 223 2394; x_wconf 92' lang='lat' dir='ltr'>mari</span> <span class='ocrx_word' id='word_1_261' title='bbox 238 2343 342 2404; x_wconf 81' lang='lat' dir='ltr'>exemplis</span> <span class='ocrx_word' id='word_1_262' title='bbox 360 2342 476 2392; x_wconf 90' lang='lat' dir='ltr'>illustrium</span> <span class='ocrx_word' id='word_1_263' title='bbox 494 2343 575 2392; x_wconf 86' lang='lat' dir='ltr'>ducum</span> <span class='ocrx_word' id='word_1_264' title='bbox 592 2344 693 2392; x_wconf 91' lang='lat' dir='ltr'>instituit.</span> <span class='ocrx_word' id='word_1_265' title='bbox 711 2343 880 2403; x_wconf 90' lang='lat' dir='ltr'>Circumspectis</span> <span class='ocrx_word' id='word_1_266' title='bbox 897 2343 955 2392; x_wconf 91' lang='lat' dir='ltr'>enim</span> <span class='ocrx_word' id='word_1_267' title='bbox 1031 2342 1039 2388; x_wconf 66' lang='lat'>{³5</span> 
     </span>
     <span class='ocr_line' id='line_1_31' title="bbox 128 2415 955 2476; baseline -0.004 -10"><span class='ocrx_word' id='word_1_268' title='bbox 128 2419 159 2467; x_wconf 81' lang='lat'>30.</span> <span class='ocrx_word' id='word_1_269' title='bbox 172 2418 286 2475; x_wconf 81' lang='lat' dir='ltr'>generibus</span> <span class='ocrx_word' id='word_1_270' title='bbox 296 2437 351 2476; x_wconf 88' lang='lat' dir='ltr'>quae</span> <span class='ocrx_word' id='word_1_271' title='bbox 361 2416 389 2464; x_wconf 89' lang='lat' dir='ltr'>ad</span> <span class='ocrx_word' id='word_1_272' title='bbox 397 2415 480 2464; x_wconf 92' lang='lat' dir='ltr'>bellum</span> <span class='ocrx_word' id='word_1_273' title='bbox 490 2429 560 2464; x_wconf 90' lang='lat' dir='ltr'>essent</span> <span class='ocrx_word' id='word_1_274' title='bbox 571 2429 693 2474; x_wconf 89' lang='lat' dir='ltr'>opportuna</span> <span class='ocrx_word' id='word_1_275' title='bbox 702 2415 800 2474; x_wconf 84' lang='lat' dir='ltr'>exempla</span> <span class='ocrx_word' id='word_1_276' title='bbox 809 2416 876 2465; x_wconf 90' lang='lat' dir='ltr'>veluti</span> <span class='ocrx_word' id='word_1_277' title='bbox 885 2415 955 2464; x_wconf 83' lang='lat' dir='ltr'>consi·</span> 
     </span>
     <span class='ocr_line' id='line_1_32' title="bbox 171 2487 956 2549; baseline -0.003 -12"><span class='ocrx_word' id='word_1_278' title='bbox 171 2489 198 2538; x_wconf 85' lang='lat' dir='ltr'>lia</span> <span class='ocrx_word' id='word_1_279' title='bbox 213 2488 353 2549; x_wconf 84' lang='lat' dir='ltr'>praeparavit,</span> <span class='ocrx_word' id='word_1_280' title='bbox 367 2501 388 2535; x_wconf 89' lang='lat' dir='ltr'>et</span> <span class='ocrx_word' id='word_1_281' title='bbox 401 2509 446 2548; x_wconf 88' lang='lat' dir='ltr'>quo</span> <span class='ocrx_word' id='word_1_282' title='bbox 459 2488 526 2547; x_wconf 85' lang='lat' dir='ltr'>magis</span> <span class='ocrx_word' id='word_1_283' title='bbox 538 2488 566 2536; x_wconf 86' lang='lat' dir='ltr'>ad</span> <span class='ocrx_word' id='word_1_284' title='bbox 579 2489 703 2544; x_wconf 86' lang='lat' dir='ltr'>varietatem</span> <span class='ocrx_word' id='word_1_285' title='bbox 716 2507 789 2538; x_wconf 88' lang='lat' dir='ltr'>rerum</span> <span class='ocrx_word' id='word_1_286' title='bbox 801 2487 956 2538; x_wconf 88' lang='lat' dir='ltr'>collocarentur</span> 
     </span>
     <span class='ocr_line' id='line_1_33' title="bbox 171 2560 956 2622; baseline -0.003 -10"><span class='ocrx_word' id='word_1_287' title='bbox 171 2584 226 2622; x_wconf 85' lang='lat' dir='ltr'>quae</span> <span class='ocrx_word' id='word_1_288' title='bbox 241 2562 324 2621; x_wconf 84' lang='lat' dir='ltr'>magnis</span> <span class='ocrx_word' id='word_1_289' title='bbox 332 2583 344 2611; x_wconf 87' lang='lat' dir='ltr'>a</span> <span class='ocrx_word' id='word_1_290' title='bbox 353 2562 445 2610; x_wconf 88' lang='lat' dir='ltr'>ducibus</span> <span class='ocrx_word' id='word_1_291' title='bbox 453 2560 509 2610; x_wconf 83' lang='lat' dir='ltr'>lacta</span> <span class='ocrx_word' id='word_1_292' title='bbox 518 2576 595 2617; x_wconf 84' lang='lat' dir='ltr'>essent,</span> <span class='ocrx_word' id='word_1_293' title='bbox 604 2562 627 2610; x_wconf 93' lang='lat' dir='ltr'>in</span> <span class='ocrx_word' id='word_1_294' title='bbox 635 2575 706 2621; x_wconf 87' lang='lat' dir='ltr'>partes</span> <span class='ocrx_word' id='word_1_295' title='bbox 714 2575 816 2620; x_wconf 86' lang='lat' dir='ltr'>quattuor</span> <span class='ocrx_word' id='word_1_296' title='bbox 824 2582 879 2621; x_wconf 89' lang='lat' dir='ltr'>opus</span> <span class='ocrx_word' id='word_1_297' title='bbox 892 2580 956 2609; x_wconf 85' lang='lat' dir='ltr'>omne</span> 
     </span>
     <span class='ocr_line' id='line_1_34' title="bbox 171 2633 956 2692; baseline -0.005 -8"><span class='ocrx_word' id='word_1_298' title='bbox 171 2636 268 2684; x_wconf 83' lang='lat' dir='ltr'>deduxit.</span> <span class='ocrx_word' id='word_1_299' title='bbox 285 2636 356 2687; x_wconf 88' lang='lat' dir='ltr'>Prima</span> <span class='ocrx_word' id='word_1_300' title='bbox 372 2635 432 2682; x_wconf 91' lang='lat' dir='ltr'>enim</span> <span class='ocrx_word' id='word_1_301' title='bbox 448 2636 644 2692; x_wconf 56' lang='lat' dir='ltr'>quae&#39;competant</span> <span class='ocrx_word' id='word_1_302' title='bbox 660 2633 758 2691; x_wconf 87' lang='lat' dir='ltr'>exempla</span> <span class='ocrx_word' id='word_1_303' title='bbox 773 2634 842 2692; x_wconf 87' lang='lat' dir='ltr'>prelio</span> <span class='ocrx_word' id='word_1_304' title='bbox 858 2633 956 2682; x_wconf 89' lang='lat' dir='ltr'>nondum</span> 
     </span>
     <span class='ocr_line' id='line_1_35' title="bbox 171 2704 956 2765; baseline -0.005 -9"><span class='ocrx_word' id='word_1_305' title='bbox 171 2708 287 2756; x_wconf 90' lang='lat' dir='ltr'>commisso</span> <span class='ocrx_word' id='word_1_306' title='bbox 296 2707 367 2755; x_wconf 82' lang='lat' dir='ltr'>habet.</span> <span class='ocrx_word' id='word_1_307' title='bbox 377 2705 477 2754; x_wconf 89' lang='lat' dir='ltr'>Secunda</span> <span class='ocrx_word' id='word_1_308' title='bbox 485 2726 541 2765; x_wconf 86' lang='lat' dir='ltr'>quae</span> <span class='ocrx_word' id='word_1_309' title='bbox 549 2706 597 2765; x_wconf 90' lang='lat' dir='ltr'>ipso</span> <span class='ocrx_word' id='word_1_310' title='bbox 605 2706 628 2753; x_wconf 92' lang='lat' dir='ltr'>in</span> <span class='ocrx_word' id='word_1_311' title='bbox 637 2705 705 2765; x_wconf 88' lang='lat' dir='ltr'>prelio</span> <span class='ocrx_word' id='word_1_312' title='bbox 714 2706 758 2763; x_wconf 84' lang='lat' dir='ltr'>geri</span> <span class='ocrx_word' id='word_1_313' title='bbox 767 2705 849 2755; x_wconf 89' lang='lat' dir='ltr'>soleant</span> <span class='ocrx_word' id='word_1_314' title='bbox 857 2704 956 2764; x_wconf 78' lang='lat' dir='ltr'>explicat.</span> 
     </span>
    </p>
   </div>
   <div class='ocr_carea' id='block_1_20' title="bbox 186 2841 470 2881">
    <p class='ocr_par' dir='ltr' id='par_1_20' title="bbox 186 2841 470 2881">
     <span class='ocr_line' id='line_1_36' title="bbox 186 2841 470 2881; baseline -0.007 -1"><span class='ocrx_word' id='word_1_315' title='bbox 186 2845 212 2881; x_wconf 80' lang='lat'>10.</span> <span class='ocrx_word' id='word_1_316' title='bbox 225 2843 260 2880; x_wconf 85' lang='lat' dir='ltr'>Val.</span> <span class='ocrx_word' id='word_1_317' title='bbox 274 2844 319 2880; x_wconf 79' lang='lat' dir='ltr'>Mar.</span> <span class='ocrx_word' id='word_1_318' title='bbox 333 2842 360 2879; x_wconf 89' lang='lat' dir='ltr'>lV.</span> <span class='ocrx_word' id='word_1_319' title='bbox 375 2843 391 2878; x_wconf 87' lang='grc'>7,</span> <span class='ocrx_word' id='word_1_320' title='bbox 403 2841 440 2879; x_wconf 78' lang='lat' dir='ltr'>Ert.</span> <span class='ocrx_word' id='word_1_321' title='bbox 454 2843 470 2878; x_wconf 83' lang='lat'>2.</span> 
     </span>
    </p>
   </div>
   <div class='ocr_carea' id='block_1_21' title="bbox 132 2919 273 2927">
    <p class='ocr_par' dir='ltr' id='par_1_21' title="bbox 132 2919 273 2927">
     <span class='ocr_line' id='line_1_37' title="bbox 132 2919 273 2927; baseline 0 -2"><span class='ocrx_word' id='word_1_322' title='bbox 132 2919 273 2927; x_wconf 77' lang='lat'>..—....--—</span> 
     </span>
    </p>
   </div>
   <div class='ocr_carea' id='block_1_22' title="bbox 184 2962 915 3029">
    <p class='ocr_par' dir='ltr' id='par_1_22' title="bbox 184 2962 915 3029">
     <span class='ocr_line' id='line_1_38' title="bbox 184 2962 915 3029; baseline -0.005 -19"><span class='ocrx_word' id='word_1_323' title='bbox 184 2967 202 3010; x_wconf 78' lang='lat'>3.</span> <span class='ocrx_word' id='word_1_324' title='bbox 218 2963 377 3020; x_wconf 87' lang='lat' dir='ltr'>(condi)c(iones)</span> <span class='ocrx_word' id='word_1_325' title='bbox 392 2970 405 3007; x_wconf 83' lang='grc' dir='ltr'>ι’.</span> <span class='ocrx_word' id='word_1_326' title='bbox 421 2983 443 3013; x_wconf 89' lang='lat' dir='ltr'>r.‚·</span> <span class='ocrx_word' id='word_1_327' title='bbox 458 2972 500 3008; x_wconf 82' lang='lat' dir='ltr'>erat</span> <span class='ocrx_word' id='word_1_328' title='bbox 515 2962 655 3029; x_wconf 78' lang='lat' dir='ltr'>condictiones.</span> <span class='ocrx_word' id='word_1_329' title='bbox 712 2963 744 3007; x_wconf 78' lang='lat'>33.</span> <span class='ocrx_word' id='word_1_330' title='bbox 754 2962 861 3024; x_wconf 90' lang='lat' dir='ltr'>n(ondum)</span> <span class='ocrx_word' id='word_1_331' title='bbox 877 2968 889 3007; x_wconf 82' lang='grc' dir='ltr'>ί.</span> <span class='ocrx_word' id='word_1_332' title='bbox 900 2982 915 3006; x_wconf 87' lang='lat' dir='ltr'>r.</span> 
     </span>
    </p>
   </div>
   <div class='ocr_carea' id='block_1_23' title="bbox 0 0 1058 3253">
    <p class='ocr_par' dir='ltr' id='par_1_23' title="bbox 0 0 1058 3253">
     <span class='ocr_line' id='line_1_39' title="bbox 0 0 1058 3253; baseline 0 0"><span class='ocrx_word' id='word_1_333' title='bbox 0 0 1058 3253; x_wconf 95' lang='lat' dir='ltr'> </span> 
     </span>
    </p>
   </div>
  </div>
 </body>
</html>
