2093 3253
161 209 206 254 294⁴
468 221 690 255 Siccottls'POLENTONi
760 245 762 248 f

206 340 272 391 Hunc
282 352 355 390 autem
366 340 388 387 in
398 358 530 387 consensum
540 352 561 387 et
571 338 668 388 levorem
678 340 768 387 adduxit
779 352 878 389 senatum
889 353 910 389 et
920 362 990 400 popu-

206 415 252 463 lum
260 415 383 463 Romanum
395 423 416 460 et
428 431 491 470 quae,
503 423 528 459 ut
541 412 592 466 dixi,
605 424 651 460 orta
663 425 708 460 erat
719 412 812 460 affectati
825 414 885 471 regni
897 414 990 472 suspicio

205 500 232 536 et
242 499 338 547 spectata
347 486 370 533 in
380 484 485 533 Cicerone
494 484 608 543 singularis
618 485 725 545 quaedam
733 486 801 535 virtus
816 498 837 535 et
847 487 930 545 integra
938 486 991 539 fides

206 575 271 620 atque
282 559 409 613 constantia,
422 557 502 617 quibus
514 571 536 606 et
547 560 570 607 in
581 558 630 608 loro
642 577 691 617 erga
702 559 790 615 amicos,
803 580 858 619 quos
870 561 969 610 maximis
980 584 991 611 e

180 634 193 681 5
209 633 310 692 periculis
323 624 440 685 liberasset,
455 643 476 678 et
490 632 512 679 in
527 632 686 689 magistratibus
700 652 754 691 quos
768 646 818 681 ante
831 633 933 691 gessisset
944 653 991 693 erga

207 724 253 755 rem
267 706 378 765 publicam
388 716 409 753 et
419 705 477 753 cives
487 724 563 753 omnes
573 704 643 754 bonos
653 726 706 754 usus
717 717 780 754 esset.
791 704 880 765 Collega
889 724 941 755 vero
951 706 991 758 sibi

207 780 285 828 deinde
297 779 323 828 C.
335 778 451 832 Antonius,
464 777 524 836 quod
535 780 609 836 paucis
621 778 723 826 centuriis
736 778 852 826 Catilinam
863 786 990 836 superasset,

209 852 272 901 datus
284 864 324 917 est.
338 849 410 899 Huius
428 870 495 909 nepos
513 870 539 898 ex
553 848 619 899 fratre
635 850 669 899 M.
684 850 793 900 Antonius
806 864 880 910 postea
893 851 992 902 triumvir

208 945 233 972 ac
247 923 359 973 Ciceronis
380 923 463 971 occisor
483 921 533 972 luit.
554 923 646 971 Biennio
667 923 757 987 quidem
778 936 920 982 posteaquam
938 940 992 974 esset

169 999 175 1044 l
183 999 196 1045 l]
211 1009 310 1054 praetura
324 994 439 1044 defunctus
451 994 528 1044 Cicero
536 996 660 1053 designatus
668 1009 700 1043 est
709 995 792 1044 consul.
801 996 898 1044 Accessit
905 1015 992 1055 quoque

210 1068 260 1118 huic
270 1069 308 1123 rei,
326 1081 351 1117 ut
366 1067 470 1126 gaudium
485 1067 563 1126 gaudia
573 1067 715 1136 cumularent,
731 1068 791 1127 quod
805 1089 863 1118 anno
876 1069 918 1117 isto
931 1082 953 1117 et
966 1069 991 1119 C.

210 1140 330 1200 Crassipedi,
344 1139 412 1189 nobili
425 1141 529 1189 Pisonum
543 1162 555 1189 e
568 1140 649 1189 lamilia
659 1140 739 1195 iuveni,
750 1162 817 1201 quam
828 1142 875 1190 viro
887 1154 992 1191 maturam

212 1215 311 1270 habebat,
323 1214 391 1264 liliam
398 1213 495 1263 Tulliam
506 1214 644 1274 desponsavit
656 1226 678 1263 et
688 1227 765 1263 natum
775 1214 817 1263 sibi
830 1214 957 1276 masculum,
969 1229 992 1264 ut

211 1288 357 1343 desiderabat‚''
365 1288 435 1336 lilium
447 1288 548 1336 Marcum
560 1307 586 1335 ex
597 1287 700 1337 Terentia
714 1305 788 1336 unmev
796 1287 898 1347 suscepit.
