2093 3253
146 227 184 274 180
447 243 539 279 sicconis
553 243 668 274 POLENTON!

188 357 286 407 Gadibus
302 358 370 418 (locus
386 370 418 406 est
435 355 552 417 Hispaniae
567 357 596 407 ad
612 356 737 407 Occeanum
753 370 774 406 et
792 356 868 406 ultima
885 358 970 418 mundi)

187 431 277 490 profecti
288 431 416 480 nobilissimi
427 430 517 489 quidam
528 431 568 479 viri
579 443 685 481 venerunt
696 430 789 480 Romam
800 450 840 479 nec
850 443 933 480 tantam
943 434 970 482 ad

187 506 380 563 peregrinationem
390 504 550 562 suscipiendam
561 525 597 553 eos
608 506 726 564 quicquam
736 504 795 553 aliud
805 524 872 562 quam
882 504 969 554 videndi

187 578 232 625 eius
241 595 291 625 cura
299 598 323 626 ac
332 575 464 625 desiderium
472 570 575 632 incitavit,
584 577 709 631 commovit,
719 576 787 625 duxit.
797 575 846 633 Qua
854 577 877 625 in
885 594 908 624 re
916 576 970 627 illud
1036 575 1046 631 ,⁵

160 649 173 698 5
189 651 259 698 visum
266 663 298 698 est
305 649 446 699 admiratione
453 649 551 708 dignum,
560 649 620 708 quod
627 661 709 698 tantam
716 649 794 698 urbem
800 649 890 707 ingressi
898 649 970 700 videre

187 723 245 771 aliud
260 724 313 771 nihil
328 743 394 781 quam
405 723 467 770 *hunc
481 724 548 770 istum
563 722 591 770 T.
607 722 695 771 Livium
710 723 869 780 quaesiverunt,
884 742 935 770 cum
949 738 970 772 et

187 795 325 851 Octavianus,
339 794 397 844 orbis
411 791 519 854 princeps,
533 794 625 851 adesset,
639 808 661 844 et
674 794 753 844 urbem
767 795 859 844 Romam
872 795 970 854 ingrede-

187 882 267 923 rentur,
283 890 338 928 quae
353 868 444 917 maxima
459 882 480 917 et
495 867 639 934 pulcherrima
654 868 742 917 urbium
756 889 781 917 ac
795 868 884 917 domina
898 886 970 918 rerum
1035 875 1047 926 J

187 954 242 989 esset
253 943 353 1000 virosque
364 942 386 989 in
397 942 457 989 omni
468 960 545 999 genere
556 942 631 996 claros,
642 942 725 995 doctos,
737 942 864 990 excellentes
875 941 970 991 haberet.

149 1013 175 1062 10
233 1014 258 1062 ln
266 1013 379 1062 scribenda
391 1031 441 1062 vero
453 1012 541 1061 historia
552 1021 625 1062 noster
636 1012 671 1061 bic
679 1013 707 1062 T.
716 1013 790 1063 Livius
803 1013 970 1072 haudquaquam

188 1086 308 1145 particulas,
322 1087 354 1137 uti
367 1086 480 1136 Sallustius
494 1100 515 1135 et
527 1086 657 1145 complures,
670 1088 763 1146 sumpsit
775 1086 814 1135 sed
826 1104 872 1136 rem
884 1087 970 1136 univer·
1035 1090 1043 1136 ᾗ

188 1180 234 1207 sam
248 1160 359 1218 amplexus
367 1172 407 1208 est.
416 1159 483 1207 Urbis
492 1179 578 1216 nanque
586 1180 599 1207 a
607 1160 726 1217 primordio
734 1172 799 1217 atque
804 1160 855 1216 ipso
862 1158 890 1207 ab
898 1158 970 1208 Aenea

188 1249 248 1280 orsus
262 1250 294 1280 res
308 1251 383 1280 omnes
401 1231 476 1290 populi
493 1231 584 1280 Romani
597 1251 624 1280 ex
636 1232 712 1280 ordine
724 1244 848 1289 temporum
861 1251 886 1279 ac
898 1249 970 1280 rerum
1035 1241 1047 1265 ³

188 1305 216 1353 ad
231 1304 329 1353 Dmsum
343 1324 413 1363 usque
432 1305 564 1362 perscripsit.
584 1304 696 1353 Octaviani
712 1318 757 1353 erat
772 1304 807 1352 hic
822 1305 933 1363 privignus
949 1318 970 1353 et

149 1376 174 1425 15
189 1377 248 1435 apud
268 1376 388 1426 Germanos
412 1396 469 1435 equo
488 1375 600 1435 prolapsus
620 1377 707 1426 interiit.
728 1376 770 1426 Res
789 1398 876 1437 nanque
895 1377 969 1436 populi
1034 1373 1047 1427 is

189 1450 280 1498 Romani
294 1471 349 1508 quae
362 1448 454 1498 luissent
467 1470 535 1498 annos
548 1450 576 1498 ad
590 1451 737 1508 septingentos
750 1463 788 1498 aut
801 1470 853 1508 pace
866 1463 903 1498 aut
914 1449 970 1498 bello
1039 1452 1047 1515 {3

189 1535 260 1581 gestae
270 1543 296 1570 ex
305 1521 417 1570 annalibus
427 1521 513 1581 collegit
523 1542 598 1570 omnes
608 1523 739 1581 easdemque
748 1522 826 1577 verbis,
837 1543 881 1571 non
891 1522 970 1581 quibus

188 1604 248 1643 erant
260 1597 350 1644 traditae
363 1613 431 1653 prope
444 1596 530 1644 incultis
543 1608 609 1653 atque
622 1596 706 1650 ieiunis,
719 1597 759 1644 sed
771 1614 811 1654 pro
824 1598 934 1645 maiestate
946 1616 970 1645 ac
1044 1605 1047 1644 ζ

189 1667 302 1725 splendore
311 1669 396 1724 imperii
405 1667 511 1715 delimatis
521 1679 542 1715 et
552 1680 633 1725 quanta
642 1668 713 1725 potuit
722 1667 844 1726 eloquentia
853 1670 970 1717 exornavit.
1045 1689 1047 1691 ’

144 1741 175 1789 20
191 1740 257 1790 Gesta
267 1760 318 1790 vero
327 1760 351 1790 ea
361 1760 411 1789 cum
421 1739 464 1788 fide
473 1761 498 1790 ac
508 1739 617 1799 diligentia
627 1752 754 1799 prosecutus
764 1753 796 1789 est
805 1752 830 1789 ut
839 1741 893 1790 nihil
903 1742 970 1801 magis

189 1815 282 1864 devitare
295 1834 361 1873 quam
375 1814 486 1863 mendacia
498 1815 604 1863 videatur.
617 1813 653 1863 Ex
666 1835 692 1863 eo
705 1814 795 1873 quidem
808 1815 907 1864 videmus
921 1836 970 1865 sua·

188 1908 237 1937 vem
251 1887 397 1947 eloquentiam
407 1908 476 1936 suam.
487 1887 592 1937 Videmus
603 1908 658 1947 quae
669 1887 729 1937 urbis
740 1887 782 1937 tuit
792 1888 860 1947 origo,
871 1908 970 1947 quaere·

188 1982 240 2020 gum
251 1962 301 2017 vita,
314 1981 369 2020 quae
381 1961 545 2019 magistratuum
556 1961 623 2010 libera
634 1961 719 2011 civitate
731 1975 832 2019 potestas,
845 1962 883 2021 qui
895 1961 970 2021 populi

189 2035 280 2083 Romani
291 2054 368 2088 mores,
379 2034 520 2094 quibuscum
531 2034 616 2094 regibus
626 2055 651 2083 ac
662 2034 762 2094 gentibus
773 2034 828 2083 bella
838 2048 904 2095 gesta,
915 2055 971 2095 quae

144 2106 174 2157 25
190 2106 242 2156 loris
257 2128 312 2166 quae
326 2107 392 2162 domi,
408 2127 463 2166 quae
482 2107 540 2166 pacis
560 2128 615 2166 quae
629 2106 680 2157 belli
694 2120 757 2163 artes,
768 2106 863 2163 consilia,
874 2122 970 2157 eventus.
1033 2119 1045 2137 '²

188 2181 293 2229 Videmus
307 2181 400 2237 denique
414 2197 452 2237 per
466 2199 521 2238 quos
534 2181 592 2228 viros
606 2180 730 2238 quibusque
743 2180 826 2228 artibus
840 2181 900 2228 domi
914 2181 971 2228 mili·
1008 2239 1010 2244 J

188 2254 274 2312 tiaeque
288 2266 309 2303 et
324 2264 411 2311 parturn
426 2264 447 2300 et
459 2265 549 2301 auctum
563 2252 681 2311 imperium
692 2253 728 2301 sit.
740 2252 802 2310 Quae
813 2264 872 2302 tanta
884 2266 935 2302 sunt
946 2265 970 2302 ut

188 2347 212 2375 ea
227 2327 264 2385 qui
274 2326 329 2385 legat
338 2346 361 2373 se
370 2346 414 2374 non
423 2324 482 2373 urbis
492 2325 556 2374 unius
565 2325 604 2374 sed
612 2326 706 2375 universi
716 2325 775 2374 orbis
783 2325 853 2384 legere
862 2339 920 2385 gesta
929 2347 970 2386 pu·

188 2412 226 2448 tet.
236 2398 322 2458 Nempe
333 2418 409 2456 magna
420 2398 471 2445 baec
481 2411 502 2446 et
513 2398 580 2446 multa
590 2398 656 2446 luisse
667 2398 775 2446 dubitabit
785 2418 850 2447 nemo
860 2400 897 2458 qui
907 2400 971 2448 intel-

146 2472 175 2521 30
190 2472 241 2532 liget
253 2472 336 2522 domari
349 2471 424 2520 orbem
437 2469 472 2520 illa
484 2470 512 2520 ab
525 2470 579 2520 urbe
591 2491 662 2530 neque
674 2483 772 2530 tempore
785 2470 844 2521 brevi
857 2492 897 2521 nec
910 2471 971 2521 bellis

188 2547 229 2595 nisi
244 2547 317 2595 multis
330 2557 351 2594 et
363 2545 462 2593 'maximis
476 2545 579 2604 potuisse.

230 2618 292 2679 Opus
307 2630 380 2667 autem
394 2618 417 2665 id
431 2618 469 2676 qui
484 2618 530 2666 eius
543 2616 585 2666 luit
597 2617 740 2671 abbreviator,
755 2618 781 2666 L.
795 2618 879 2674 Florus,
893 2631 914 2666 et
929 2620 970 2666 La·

188 2693 245 2742 tinae
259 2691 409 2751 grammaticae
417 2692 524 2749 magister,
532 2690 660 2747 Priscianus,
668 2702 782 2740 acveteres
790 2690 847 2741 docti
855 2692 970 2750 scriptores

188 2786 263 2814 omnes
278 2766 384 2814 librorum
395 2785 407 2813 e
419 2777 486 2823 quota
497 2783 582 2822 semper
593 2784 618 2813 ac
630 2764 712 2823 ubique
724 2777 902 2814 commemorant.
915 2765 971 2823 Qui·

145 2838 175 2887 35
191 2839 242 2887 dam
257 2857 307 2887 vero
322 2837 432 2895 iidemque
447 2837 541 2886 iuniores
556 2838 629 2886 nescio
644 2858 710 2896 quem
725 2850 835 2886 auctorem
850 2837 917 2887 secuti
933 2835 971 2886 sed
1031 2833 1047 2905 Jj

187 3024 206 3068 6.
216 3020 247 3067 Ex
255 3020 436 3077 quaessliveruntl)
444 3025 510 3064 statim
518 3038 566 3063 con.
624 3017 783 3075 ll.(Sallustiu)s
789 3030 809 3063 et
816 3018 929 3074 complures
936 3027 949 3065 ι’.
955 3038 971 3064 ν,
