2093 3253
120 144 146 191 58
419 160 512 191 stecoms
525 159 642 191 POLENTONI

163 273 197 323 Μ,
213 273 314 322 Fulvium
330 273 431 323 Flaccum
445 274 473 323 Α,
494 274 579 324 Gellius
600 274 682 324 scribit.
697 275 772 324 Annos
794 275 882 325 durasse
903 276 947 334 pri·

163 368 225 396 mum
239 348 280 397 hoc
295 348 377 398 bellum
387 361 490 407 quattuor
499 362 520 397 et
529 350 604 407 viginti
615 348 712 398 Graecus
722 349 772 398 belli
783 349 846 398 huius
857 351 948 409 scriptor

163 420 265 479 Polybius
280 422 352 470 tradit.
367 421 411 469 Pax
427 422 516 470 tandem
533 421 739 479 Carthaginensibus
756 422 819 470 lessis
836 424 876 470 hac
892 425 949 470 inter
1016 468 1034 483 „-

163 506 246 542 caetera
260 494 387 542 condicione
401 493 452 541 data
465 505 504 548 est,
520 494 580 552 quod
594 494 653 542 omni
668 493 741 542 Sicilia
756 493 901 554 omnibusque
915 495 949 543 in·
1016 497 1037 558 ξ

137 565 150 614 5
166 565 218 614 sulis
233 587 288 626 quae
303 566 386 615 mediae
401 579 452 615 sunt
463 566 519 615 inter
530 565 627 616 lllricam
639 579 660 616 et
674 566 757 616 ltaliam
769 566 949 626 Carthaginenses

165 639 298 689 excederent.
313 640 391 689 Pacem
407 639 463 688 hanc
478 652 554 698 postea
569 660 637 688 annos
653 639 681 688 ad
696 652 739 688 tres
756 653 777 689 et
793 640 836 688 XX
852 640 950 698 Sagunto
1018 641 1038 696 l

165 730 239 759 everso
255 712 363 760 Hannibal
376 711 470 759 violavit.
485 711 517 759 Eo
528 732 614 770 nanque
624 725 719 767 auctore,
730 712 790 771 quod
800 712 884 760 iuvenis
894 725 951 777 esset

165 782 267 833 ferventis
282 785 349 833 animi
364 805 404 833 nec
415 783 504 843 publico
515 785 581 833 modo
593 785 631 834 sed
642 785 726 843 privato
737 785 802 833 etiam
813 786 864 833 odio
875 785 951 843 populi

168 858 259 907 Romani
275 858 349 913 hostis,
365 857 486 907 secundum
505 857 633 912 adbellum
652 872 742 908 ventum
761 872 800 915 est,
819 859 879 918 quod
897 859 952 907 adeo

127 933 154 982 l0
169 932 253 980 varium
267 946 345 980 eventu
357 945 378 979 et
389 951 468 989 anceps
480 930 567 979 lortuna
578 933 643 989 gessit
654 944 679 980 ut
690 934 728 990 qui
739 934 791 981 vicit
802 932 896 990 populus
908 931 952 980 Ro·

168 1024 243 1053 manus
258 1005 348 1063 propius
363 1004 460 1063 periculo
475 1004 547 1052 fuerit.
563 1004 641 1052 Multis
661 1005 751 1063 quidem
769 1018 835 1064 atque
854 1005 953 1053 maximis

168 1078 246 1136 pugnis
261 1079 359 1136 superior
374 1077 484 1126 Hannibal
499 1097 600 1136 magnam
616 1077 689 1126 ltaliae
704 1091 788 1137 partem
802 1099 870 1127 annos
885 1097 953 1137 prope
1026 1073 1047 1137 ᾗ

167 1152 220 1199 XVI
236 1152 313 1200 tenuit.
328 1150 407 1208 Neque
421 1170 472 1198 vero
487 1150 580 1198 dubium
594 1164 626 1198 est
640 1150 740 1199 luturum
754 1150 821 1199 luisse
835 1152 895 1210 quod
909 1152 954 1198 Ro·

153 1257 155 1260 f
169 1243 243 1271 manos
259 1223 378 1271 domuisset
393 1222 510 1277 Hannibal,
525 1224 547 1270 ni
558 1222 582 1272 Ρ.
593 1223 702 1281 Scipionis
713 1224 781 1272 virtus
791 1237 857 1281 atque
867 1223 954 1272 lortuna

128 1296 161 1346 l5·
170 1296 232 1345 illum
246 1295 369 1363 relinquere
384 1294 467 1344 ltaliam
481 1308 546 1354 atque
562 1294 721 1344 delendondam
735 1295 764 1344 ad
779 1297 870 1355 patriam
885 1296 955 1346 redire
1035 1305 1044 1321 ²

169 1370 192 1417 in
206 1368 304 1418 Africam
318 1369 429 1426 coegisset.
444 1369 509 1417 Anno
525 1369 619 1426 denique
635 1370 728 1427 septimo
738 1389 763 1416 ac
773 1370 859 1422 decimo
869 1380 955 1428 postea·

115 1454 116 1458 ’
170 1461 237 1500 quam
251 1442 372 1506 secundum
384 1441 426 1488 hoc
439 1453 527 1499 ceptum
545 1453 577 1489 est
592 1441 681 1496 bellum,
700 1462 776 1499 pacem
791 1442 870 1490 iterum
886 1441 956 1500 impe-

169 1527 253 1564 trarunt
273 1514 332 1564 Peni.
352 1512 412 1563 Tum
427 1514 554 1563 condicione
570 1514 628 1572 pacis
649 1515 686 1572 qui
707 1514 799 1563 Romani
820 1516 877 1563 cives
897 1515 956 1573 apud

170 1586 242 1634 hostes
258 1588 314 1645 capti
329 1599 389 1634 erant
403 1606 477 1633 omnes
491 1585 558 1633 libere
571 1586 654 1634 dimissi
668 1599 726 1636 sunt.
742 1586 789 1635 Hos
802 1588 858 1636 inter
871 1607 956 1636 memo-

128 1661 158 1708 20
173 1672 232 1707 ratur
246 1659 274 1715 Q
289 1658 405 1706 Terentius
424 1657 500 1711 Culeo,
518 1659 564 1716 qui,
584 1658 695 1705 Romanus
712 1659 764 1707 civis
782 1672 847 1717 atque
863 1672 955 1714 senator,

171 1731 342 1796 triumphantem
357 1729 482 1788 Scipionem
498 1749 557 1777 more
573 1730 687 1785 maiorum,
703 1750 730 1779 ne
745 1731 841 1788 ingratus
857 1730 956 1779 beneficii
974 1757 976 1759 -

171 1804 286 1859 videretur,
301 1804 371 1862 capite
384 1802 413 1851 ad
426 1803 513 1861 signum
527 1804 637 1852 restitutae
651 1802 755 1852 libertatis
769 1803 856 1862 pilleato
870 1817 956 1852 secutus
1035 1847 1047 1868 3

172 1889 211 1925 est.
227 1876 277 1925 Fuit
287 1875 361 1934 Scipio
372 1875 412 1923 iste
422 1875 458 1923 ille
469 1876 506 1933 qui
517 1875 632 1923 Africanus
643 1889 676 1923 est
686 1888 760 1933 postea
771 1878 869 1934 superior
880 1877 908 1924 ob
919 1878 957 1924 de·
1032 1869 1046 1891 ’ᾧ

150 1981 151 1984 =
172 1949 251 1997 victam
260 1946 357 1997 Africam
367 1946 493 2007 appellatus.
510 1947 572 1997 Hanc
582 1966 633 1998 vero
644 1967 720 2006 pacem
729 1968 798 1997 annos
809 1948 898 1998 durasse
908 1949 957 2009 qui·

128 2022 158 2071 25
174 2021 225 2070 dam
239 2022 304 2069 etiam
318 2040 383 2080 supra
396 2020 443 2076 LX,
456 2020 522 2079 aliqui
536 2021 602 2070 modo
615 2021 634 2069 L
649 2022 753 2071 scribunt.
771 2022 858 2080 Imperii
871 2043 958 2081 nanque

173 2094 245 2142 amissi
260 2094 321 2142 dolor
336 2088 425 2150 magnos
443 2093 647 2150 Carthaginensium
661 2095 745 2142 animos
759 2095 856 2142 incitavit
870 2095 958 2143 tandem

173 2180 198 2214 ut
212 2179 286 2215 contra
301 2166 377 2215 loedus
389 2186 414 2214 ac
426 2179 506 2214 temere
519 2180 630 2215 moverent
642 2186 709 2221 arma;
721 2167 780 2216 uncle
792 2179 864 2216 ortum
876 2166 959 2216 bellum

174 2252 206 2288 est
220 2240 316 2294 tertium,
331 2260 375 2298 quo
390 2259 467 2297 magna
486 2238 594 2297 Carthago
614 2239 783 2297 quadriennium
801 2239 889 2288 obsessa
907 2261 959 2298 cap-

174 2325 239 2369 taque
254 2312 359 2360 hostiliter
373 2331 397 2358 ac
412 2310 511 2359 funditus
529 2331 603 2360 eversa
621 2324 660 2360 est.
676 2311 825 2360 Romanorum
842 2312 959 2371 imperator

130 2385 161 2433 30
176 2384 217 2432 hoc
231 2384 288 2432 bello
303 2383 345 2432 luit
359 2382 433 2441 Scipio
447 2381 569 2438 Africanus,
583 2383 700 2441 superioris
713 2404 788 2442 nepos.
803 2383 888 2432 Partam
901 2386 960 2432 enim

175 2456 203 2504 ob
218 2451 330 2504 victoriam
345 2455 384 2503 iste
399 2475 486 2514 quoque
500 2454 616 2504 Africanus
631 2475 643 2504 e
658 2455 747 2514 vestigio
761 2456 803 2510 avi,
818 2456 857 2504 sed
871 2456 960 2505 inferior

174 2528 202 2578 ad
217 2529 333 2595 superioris
347 2526 492 2588 differentiam
505 2527 626 2587 appellatus
641 2542 681 2577 est.
696 2528 785 2587 Quippe
805 2529 849 2577 lato
864 2530 960 2588 quodam

174 2601 260 2650 videtur
274 2614 346 2650 actum
361 2612 385 2650 ut
404 2620 470 2658 quam
488 2601 565 2649 urbem
582 2621 635 2649 avus
653 2601 749 2650 secundo
768 2601 825 2650 bello
844 2602 958 2651 devicerat:

172 2774 187 2813 Ι,
199 2773 242 2812 Gell.
254 2773 309 2812 XVII.
323 2774 352 2810 21.
365 2773 393 2810 ta.
454 2774 471 2809 3.
483 2772 539 2818 Polyb.
554 2772 567 2809 1.
581 2773 608 2810 ⁶3.
622 2774 638 2810 4.
688 2774 704 2809 9.
718 2773 745 2811 Cf.
759 2773 795 2811 [ἰν.
808 2772 856 2812 ΧΧΙ.
872 2774 885 2810 1.
899 2774 915 2811 2.

177 2928 206 2976 17.
221 2928 252 2976 Ex
266 2940 359 2984 coeptum
373 2947 421 2974 corr.
