2093 3253
450 233 544 264 SICCONIS
554 234 679 264 POLENTONI
751 263 752 266 ,

186 365 220 397 ina
235 346 303 405 coegi,
318 360 343 396 ut
357 345 456 406 quamvis
470 346 534 395 avido
548 360 646 405 paterent
656 366 710 396 'arva
724 347 809 404 colono,
824 362 909 407 gratum
923 370 978 407 opus

174 443 175 446 ¹
192 419 299 477 agricolis.
308 420 338 468 At
347 439 406 469 nunc
416 418 524 468 horrentia
534 419 620 476 Martis,
630 421 722 480 »utqui
729 440 806 470 versus
816 435 871 471 esset
881 423 977 482 quintus,

192 508 201 530 <1
209 491 276 539 Arma
286 493 401 551 virumque
411 511 473 547 cano,
483 508 492 531 t)
502 493 520 539 is
531 493 614 550 primus
625 512 672 540 esse
682 494 753 551 operis
764 494 869 543 videatur.
880 494 912 543 Ex
923 494 978 542 libro

191 564 244 613 item
252 564 390 624 secundo‘qui
399 578 517 623 erantpost
524 564 603 615 Priami
612 579 706 615 mortem
714 579 735 615 et
744 566 874 616 occidendae
882 566 978 617 Helenae
1025 618 1027 621 ,

165 638 178 685 5
193 637 308 686 consilium
326 636 475 702 memorabant
497 636 553 695 (tres
567 638 662 697 quidem
679 652 731 688 sunt
749 658 823 689 versus
841 659 906 700 supra
924 639 977 699 XX)
1045 648 1047 663 ¹

192 710 282 768 dempti.
291 710 402 764 ,Ordinem
412 731 500 769 quoque
510 710 616 760 librorum
626 712 716 770 quidam
726 713 924 763 itacommutatum
935 734 977 772 pu·

191 795 238 831 tant
252 796 276 831 ut
291 785 328 842 qui
337 784 365 831 ab
374 804 399 832 eo
408 783 484 831 tertius
493 785 622 833 constitutus
632 797 694 838 esset,
703 785 776 842 ipsum
785 785 847 834 illum
855 785 977 835 secundum

191 855 267 905 ordine
284 856 408 905 babeamus.
506 918 508 921 ἱ
1022 918 1024 923 ,
1042 912 1045 921 ,.

233 928 374 978 Testamento
383 926 456 977 autem
466 930 507 977 isto
517 930 544 977 de
554 936 619 988 opere
628 931 685 978 cavit
694 930 748 978 nihil
757 931 867 989 Virgilius.
878 932 976 980 Heredes

153 1002 179 1048 10
193 1020 244 1049 vero
258 1000 309 1049 lecit
324 1023 350 1050 ex
369 1001 488 1060 quadrante
506 1001 637 1059 Augustum,
657 1022 684 1049 ex
702 1003 766 1051 uncia
786 1003 930 1058 Mecenatem,
950 1025 976 1052 ex

191 1085 287 1121 sextante
304 1072 402 1122 Tuccam
418 1085 439 1121 et
456 1072 556 1128 Vanum,
574 1094 601 1121 ex
613 1074 706 1131 semisse
723 1073 834 1123 Valerium
850 1074 975 1132 Proculum,

190 1147 300 1196 uterinum
319 1146 414 1201 fratrem,
435 1147 496 1205 quod
518 1146 601 1205 Virgilii
622 1159 682 1206 patre
704 1161 790 1197 mortuo
810 1150 888 1201 iterum
908 1164 976 1209 nupta

191 1233 258 1269 mater
272 1220 330 1270 hunc
344 1221 413 1270 lilium
427 1241 454 1268 ex
467 1221 513 1269 viro
522 1220 593 1271 valtero
608 1221 729 1270 habuisset.v
739 1221 824 1271 Patrem
837 1242 888 1271 vero
907 1224 975 1271 oculis

190 1305 278 1351 captum
289 1306 310 1342 et
321 1314 376 1352 quos
387 1291 462 1341 iratres
474 1293 529 1341 duos
545 1311 657 1351 germanos
669 1293 764 1349 haberet,
781 1294 886 1344 Sillonem
902 1297 975 1353 impu·
1042 1297 1046 1354 s¹

151 1368 266 1416 l51berem
279 1373 301 1415 e't
316 1368 417 1416 Flaccum
430 1367 474 1414 iam
487 1366 593 1421 adultum,
608 1368 663 1415 unis
672 1384 739 1425 prope
754 1367 830 1416 diebus
844 1381 912 1417 aetate
932 1370 975 1417 iam
1043 1376 1045 1378 ’

190 1441 276 1499 grandis
290 1441 396 1488 amiserat.
411 1439 585 1487 Flaccum‘enim
599 1439 664 1487 deflet
678 1439 752 1497 egloga
772 1441 848 1498 quinta
861 1441 975 1490 Bucolico·
1041 1441 1045 1464 '³

190 1532 239 1560 rum
253 1512 294 1561 sub
309 1512 397 1560 nomine
412 1510 519 1568 Daphnis.
532 1510 592 1569 Opes
604 1524 678 1559 autem
691 1532 742 1559 curn
754 1525 843 1569 paterna
856 1512 975 1561 hereditate

156 1624 158 1627 .
189 1597 237 1633 tum
251 1585 370 1633 amicorum
383 1582 509 1631 liberalitate
522 1572 550 1631 ad
562 1584 642 1631 centies
656 1584 782 1631 sextertium
801 1583 884 1634 habuit.
898 1584 973 1633 Annos

189 1658 241 1706 vixit
256 1657 311 1706 duos
326 1669 348 1706 et
362 1656 518 1716 quinquaginta
539 1656 610 1705 llllaro.

148 1732 176 1777 20
213 1755 215 1757 ·
234 1730 332 1777 Domum
338 1729 413 1777 habuit
419 1728 500 1776 Romae
508 1731 530 1775 in
539 1722 643 1788 Exquiliis
652 1730 710 1776 iuxta
716 1742 774 1776 ortos
780 1730 908 1778 Mecenatis.
916 1730 973 1777 Raro

188 1807 260 1851 tamen
271 1802 375 1851 habitavit
384 1802 408 1849 in
417 1801 478 1855 urbe,
490 1802 609 1860 plurimum
619 1800 719 1859 Neapoli.
731 1801 800 1860 Saepe
811 1803 834 1850 in
844 1821 895 1862 agro
906 1802 973 1850 Carn-

188 1897 252 1934 pano‚
262 1876 379 1934 aliquando
389 1875 412 1922 in
423 1874 495 1923 Sicilia
506 1874 630 1923 obversatus
641 1887 680 1923 est.
687 1873 779 1923 'Vitabat
790 1874 972 1934 libenslrequen-

188 1949 228 1995 tias
242 1948 364 1996 hominum.
380 1946 496 1994 Clientelas
507 1966 595 2004 quoque
610 1968 635 1995 ac
645 1947 693 2001 loca
704 1946 796 1995 celebria
806 1947 910 2005 fugiebat.
922 1948 972 1994 Per·

188 2040 240 2078 gens
249 2033 322 2069 autem
335 2020 367 2069 ire
375 2037 414 2079 per
422 2018 507 2073 urbem,
517 2019 620 2078 quoniam
630 2017 653 2067 id
663 2018 757 2067 eveniret
766 2037 821 2074 raro,
831 2020 893 2078 quasi
902 2019 973 2068 admi·

147 2093 174 2141 25
190 2093 262 2141 rabilis
277 2106 298 2141 et
312 2093 397 2142 divinus
412 2091 571 2141 monstrabatur
585 2092 660 2150 digito.
678 2091 727 2150 lpse
740 2095 798 2147 vero,
813 2112 841 2141 ne
855 2093 973 2142 multitudo
1041 2113 1045 2118 ‘¹

188 2167 260 2224 ipsum
272 2166 393 2215 videntium
404 2164 519 2213 hominum
531 2177 663 2223 sequeretur,
676 2184 699 2213 se
711 2164 734 2213 in
747 2185 800 2223 quas
813 2173 896 2223 poterat
907 2166 972 2214 aedes
1045 2162 1046 2165 ¹

187 2239 295 2296 proximas
309 2236 436 2287 occultabat.
451 2237 539 2295 Quippe
551 2237 683 2291 ambitionis,
697 2237 808 2292 avariciae,
822 2238 916 2286 invidiae
930 2238 972 2286 luit

151 2345 154 2359 ,
167 2336 169 2338 ·
187 2330 270 2370 expers.
282 2310 362 2359 Versus
373 2309 453 2359 alienos
464 2329 516 2358 cum
527 2310 609 2359 recitari
621 2309 712 2365 audiret,
724 2323 762 2359 aut
773 2310 873 2361 laudabat
884 2331 970 2361 summe
1041 2323 1042 2338 *

157 2390 159 2393 ’
186 2396 224 2433 aut
238 2383 372 2442 vituperabat
380 2403 499 2442 nunquam.
508 2382 586 2441 Neque
594 2402 644 2432 vero
652 2382 768 2432 extollebat
775 2404 798 2432 se
806 2384 823 2432 si
832 2383 971 2433 laudarentur
1041 2390 1043 2400 '

146 2457 174 2504 30
189 2457 230 2504 sui.
242 2456 320 2504 Alieno
331 2476 354 2504 se
365 2455 446 2504 mirum
457 2455 480 2502 in
493 2455 584 2503 modurn
591 2455 707 2503 abstinuit.
720 2455 780 2504 Bona
792 2456 882 2514 quidem
894 2456 970 2511 exulis,

187 2548 242 2586 quae
256 2527 313 2576 ultro
329 2528 409 2576 donare
424 2526 465 2575 sibi
481 2526 592 2585 Augustus
608 2526 702 2581 offerret,
718 2529 824 2576 recusavit
839 2541 970 2577 constanter.

187 2601 279 2650 Dicebat
293 2603 352 2649 enim
366 2600 407 2649 sibi
419 2620 464 2648 non
477 2601 540 2648 licere
552 2600 630 2648 babere
643 2601 703 2658 quod
715 2601 772 2649 iusto
784 2622 796 2649 a
809 2603 898 2651 domino
911 2601 970 2652 abla-
1042 2658 1043 2668 ἵ

609 2676 611 2679 -
1042 2669 1044 2687 r

145 2717 287 2724 ——-—-r.

180 2779 196 2816 4,
209 2779 257 2822 Verg.
269 2779 309 2818 Aen.
322 2778 343 2815 ΙΙ.
358 2776 442 2815 567688.

181 2939 204 2983 vl.
218 2937 309 2993 quamvis
322 2935 398 2992 alvido)
412 2941 426 2980 i.
440 2954 456 2980 r.
511 2937 530 2980 7.
544 2935 603 2990 quim·
613 2936 682 2980 tertius
697 2941 740 2982 ι’.,ν,
799 2935 828 2982 l2.
838 2936 914 2991 Virgilii
924 2955 972 2982 asco·

147 3006 177 3051 18.
190 3003 222 3050 Ex
235 3004 354 3050 sextercium
367 3020 416 3049 corr.
970 3021 972 3025 ι
1043 3001 1044 3004 ’
