2093 3253
169 286 209 333 388
470 299 563 329 siccorus
576 291 691 329 roramom'

209 414 269 463 ribus
288 426 309 462 et
329 411 394 461 armis
414 411 531 468 debuisset,
550 433 599 461 eam
617 412 731 472 praesidio,
752 412 884 471 magistratu,
904 413 993 463 consilio

193 518 195 520 >
212 487 342 536 denudasset
356 505 381 533 ac
395 483 462 549 veluti
472 479 575 543 praedam
584 484 684 536 hostilem
693 485 827 545 capiendam,
843 484 992 544 diripiendam,

211 558 349 609 evertendam
362 555 451 607 inimico
463 577 502 616 per
515 570 600 607 metum
612 578 637 607 ac
649 558 756 618 ignaviam
769 557 854 617 fugiens
867 557 993 616 reliquisset.

214 631 399 682 Reminiscebatur
414 631 474 692 quod
494 629 550 680 lerre
571 651 636 691 opem
656 642 681 680 ac
700 629 822 691 prohibere,
844 651 895 680 cum
915 645 993 689 posset,

186 706 199 754 5
216 704 337 754 Corfinium
348 717 370 753 et
382 705 488 763 quicquid
498 717 543 753 erat
555 704 585 763 ibi
597 704 697 763 praesidii
709 724 741 759 ac,
753 705 791 763 qui
803 704 910 762 praesidio
922 722 994 762 praee-

212 790 267 832 rant.
279 776 407 825 Domicium
418 789 439 825 et
451 775 576 831 Lentulum,
588 777 645 826 cives
656 776 724 826 claros
735 796 760 826 ac
771 776 827 826 bene
838 776 866 825 de
876 796 900 825 re
910 776 995 836 publica

213 852 308 906 meritos,
327 850 423 900 obsideri
441 849 533 910 capique
551 850 637 910 penitus
657 849 791 910 neglexisset.
811 848 995 901 Reminiscebatur

213 922 396 984 quod'delectum
409 923 487 972 habere
499 943 570 982 neque
582 924 605 971 in
617 923 670 971 urbe
683 944 734 971 curn
745 936 801 972 esset
812 923 841 972 ad
852 923 995 974 resistendum

212 998 301 1046 inimico
313 1017 353 1045 nec
366 1009 415 1054 post
428 996 524 1048 relictam
536 997 614 1045 urbem
625 996 654 1045 ad
666 998 835 1056 recuperandam
847 997 939 1055 patriam
951 1011 995 1046 stu-

174 1071 200 1119 lO
215 1070 304 1118 duisset.
321 1067 508 1128 Reminiscebatur
525 1067 586 1127 quod
602 1069 625 1116 in
642 1067 736 1127 Appulia
754 1080 775 1117 et
798 1067 923 1127 Campania,
946 1090 996 1119 cum

205 1142 264 1190 belli
274 1141 360 1190 ‘ducem
376 1142 450 1199 ipsum
466 1153 559 1196 senatus,
577 1142 691 1200 optimates
707 1162 732 1189 ac
748 1141 819 1190 bonus
836 1142 929 1201 quisque
945 1143 996 1192 civis

214 1235 264 1263 cum
276 1214 382 1262 uxoribus
395 1226 416 1262 et
430 1213 502 1265 liberis
516 1214 548 1261 uti
561 1213 634 1262 exules
648 1214 714 1262 domo
727 1214 784 1272 pulsi
797 1226 819 1262 et
832 1214 996 1271 inopesvseque·

215 1300 295 1342 rentur,
304 1287 432 1335 concionem
439 1286 462 1335 in
470 1286 556 1346 oppidis
564 1306 672 1346 nusquam
679 1286 760 1335 bonam
767 1287 795 1336 ad
802 1307 864 1346 spem
871 1286 910 1335 sed
917 1285 997 1344 ubique

214 1359 375 1411 timidissimam
390 1359 506 1409 habuisset.
522 1359 708 1410 Reminiscebatur
722 1360 783 1420 quod
793 1382 816 1409 se
826 1372 936 1420 postremo
947 1379 997 1408 con-

177 1435 202 1483 15
217 1434 301 1483 iecisset
319 1432 468 1481 Brundusium
485 1446 551 1491 atque
569 1432 669 1482 obsessus
692 1434 743 1483 inde
766 1432 892 1482 meticulose
914 1430 997 1490 lugiens

216 1505 288 1555 relicta
301 1505 361 1554 ltalia
370 1505 394 1553 in
404 1503 518 1554 Graeciam
528 1505 655 1563 navigasset.
665 1504 803 1558 Tentandam
812 1506 902 1565 quidem
912 1525 1000 1555 omnem.

217 1578 327 1630 fortunam
344 1577 528 1637 subeundumque
545 1598 610 1626 omne
626 1578 749 1637 periculum
764 1598 793 1627 ac
806 1578 943 1627 moriendum
959 1597 998 1637 pu-

217 1653 276 1702 tabat
287 1650 364 1701 Cicero
375 1650 448 1710 potius
459 1671 525 1711 quam
535 1651 613 1701 urbem
624 1652 724 1707 Romam·
735 1652 819 1710 imperii
831 1651 911 1700 summi
921 1668 997 1705 arcem,

217 1747 242 1774 ac
256 1725 393 1773 domitricem
408 1723 474 1778 orbis,
491 1723 581 1778 ltaliam.
595 1724 650 1773 adeo
664 1723 790 1773 festinanter
809 1724 907 1783 adeoque
925 1722 999 1773 timide

176 1799 205 1848 20
219 1819 244 1846 ac
259 1796 393 1846 muliebriter
417 1796 565 1845 deserendam.
589 1796 775 1845 Reminiscebatur
799 1797 860 1855 quod
888 1797 999 1845 inimicum

216 1869 337 1929 Pompeius
349 1889 419 1928 neque
432 1881 542 1927 petentem
555 1889 631 1928 pacem
643 1869 738 1919 audisset
751 1890 849 1929 unquam
861 1889 901 1919 nec
914 1869 999 1919 veniena

216 1957 262 1993 tem
275 1944 303 1992 ad
311 1963 409 2002 pugnam
416 1955 548 2001 expectasset
556 1963 655 2003 usquam.
663 1943 766 2003 Denique
773 1949 895 1992 memorans
903 1962 1000 2002 quaeque

217 2016 295 2068 Cicero
311 2037 366 2076 quae
382 2037 394 2064 a
412 2015 516 2076 Pompeio
532 2028 553 2065 et
570 2015 627 2065 dicta
636 2029 664 2065 ‘et
680 2015 736 2065 lacta
747 2015 855 2066 bochello
871 2029 932 2065 erant
942 2016 999 2065 inve-

218 2090 291 2139 niebat
306 2090 381 2148 ipsum
396 2089 528 2147 pertinacem
543 2090 609 2137 modo
625 2089 746 2148 negandam
755 2091 789 2138 -ad
804 2110 879 2147 pacem
895 2091 934 2138 sed
949 2088 999 2138 nihil

177 2164 206 2212 25
221 2163 249 2211 ad
262 2161 345 2211 bellum
358 2161 409 2209 lorti
423 2160 502 2215 animo,
517 2160 571 2210 nihil
585 2160 642 2210 bona
655 2182 706 2209 curn
719 2164 765 2220 spe,
779 2162 833 2210 nihil
847 2161 942 2220 sapienti·
951 2182 1000 2210 con·

219 2235 266 2283 silio
281 2253 361 2293 gerere.
381 2233 467 2283 Caesari
484 2247 557 2283 autem
574 2234 706 2293 percipiebat
723 2247 744 2284 et
761 2235 859 2284 animum
875 2235 903 2284 ad
920 2247 1011 2296 pacem·

221 2311 238 2356 si
251 2309 337 2357 daretur
349 2306 481 2361 consulatus,
493 2320 515 2355 et
527 2309 623 2360 manum,
636 2308 653 2355 si
666 2320 785 2365 negaretur,
794 2309 822 2356 ad
830 2306 912 2357 bellum
920 2320 941 2356 et
949 2327 1001 2366 pug-

222 2403 272 2430 narn
285 2393 383 2438 paratam
393 2400 440 2429 esse
450 2375 540 2439 remque
553 2380 615 2428 istius
628 2380 683 2429 adeo
696 2380 829 2439 superiorem
843 2380 964 2440 quodeius
981 2380 1001 2427 in

221 2473 286 2504 manu
297 2454 377 2503 habere
388 2453 500 2503 victoriam
510 2472 579 2521 prope
589 2474 614 2502 ac
624 2453 671 2502 sine
682 2453 749 2502 dubio
760 2453 876 2503 videretur.
889 2454 936 2503 lam
946 2446 1002 2503 enim

177 2529 208 2578 30
222 2525 332 2577 fortunam
344 2526 475 2586 sequebatur
489 2525 548 2575 Italia
561 2519 627 2586 seque
640 2526 722 2582 dietim,
735 2539 877 2587 posteaquam
889 2526 1002 2585 Pompeius

223 2602 349 2649 decessisset
369 2600 499 2659 Brundusio,
520 2601 587 2658 magis
607 2614 672 2659 atque
692 2600 758 2658 magis
778 2600 866 2649 urbium
886 2599 1003 2649 delectione

222 2673 251 2721 ad
265 2671 379 2721 Caesarem
392 2671 515 2721 inclinabat.
823 2677 825 2680 ’
901 2681 903 2683 ’

265 2744 426 2804 Refrigescebat
448 2765 536 2803 quoque
559 2764 608 2803 erga
621 2745 758 2805 Pompeium
779 2746 865 2795 animus
887 2744 1002 2796 Ciceronis.

223 2838 274 2867 cum
286 2818 434 2866 recordaretur
448 2817 510 2866 illum
523 2831 544 2866 et
557 2838 661 2876 augurem
674 2819 697 2866 in
711 2818 789 2867 Clodio
802 2819 927 2878 adoptando
940 2816 1003 2867 luisse

179 2891 209 2941 35
224 2904 246 2941 et
258 2911 281 2940 se
293 2890 446 2949 implorantem
458 2910 523 2949 opem
535 2909 563 2939 ne
575 2889 690 2949 pelleretur
703 2891 757 2939 urbe
769 2892 872 2941 continue
885 2888 1003 2941 obaudisse.

225 2965 304 3023 Neque
320 2982 371 3012 vero
388 2964 516 3012 Ciceronem
532 2964 611 3018 latebat
628 2962 690 3013 illum
706 2977 731 3013 ut
748 2978 883 3014 revocaretur
899 2964 927 3013 ab
943 2959 1004 3011 exilio

226 3037 394 3096 haudquaquam
407 3055 481 3084 amore
494 3048 515 3084 et
529 3037 595 3094 gratia
609 3036 642 3084 sui
656 3037 695 3085 sed
709 3035 781 3086 Clodii
795 3037 845 3086 odio
859 3050 880 3086 et
894 3032 1005 3087 inimicicia
