2093 3253
259 187 389 223 scaurorum
403 191 551 225 rmusmruu-
564 192 621 223 uam
635 191 671 229 xu.
840 175 881 222 329

92 321 130 357 tra
139 306 204 365 leges,
215 318 290 353 contra
301 322 379 360 mores,
390 317 465 353 contra
475 305 698 366 institutamaiorum
710 317 785 366 contra
795 304 881 363 religio-

93 401 151 434 nem,
165 392 240 427 contra
253 379 325 426 omnia
339 372 468 437 deniqueet
481 379 554 427 divina
567 370 589 426 et
602 379 695 426 humana
706 379 757 430 iura
770 377 880 433 Clodium,

93 454 130 512 qui
146 463 202 499 esset
217 450 332 499 manifesto
351 447 407 504 reus,
427 462 472 498 tam
490 444 583 508 turpiter
602 463 677 508 empto
696 462 881 509 constupratoque

92 525 180 578 iudicio,
195 523 320 573 absolutum
335 523 396 579 vidit,
412 523 551 572 vehementer
569 544 643 573 secum
658 522 752 572 indoluit
767 536 880 582 quaestus-

66 602 78 651 5
94 617 137 658 que
146 599 206 656 apud
215 600 296 646 amicos
306 616 353 646 rem
363 598 483 646 Romanam
493 598 594 646 afflictam
604 618 650 646 esse
660 603 704 646 non
720 601 783 655 poss'e
798 599 880 646 diutius

92 686 148 722 stare
162 671 224 720 dixit.
237 671 262 719 In
272 683 348 720 senatu
358 672 447 738 quoque
457 671 533 720 habuit
543 672 663 721 orationem
673 672 782 730 gravitatis
793 671 880 730 plenam

91 757 166 793 contra
178 744 260 792 iudices
272 744 310 803 qui
323 745 415 802 pecunia
426 745 522 802 corrupti
535 762 583 793 reos
594 745 738 799 absolverent;
752 740 880 793 memoravit

92 818 151 866 enim
160 817 194 865 bis
205 816 330 870 Lentulum,
341 816 375 864 bis
386 815 508 870 Catilinam,
519 817 638 865 novissime
644 817 748 866 Clodium
753 817 879 866 absolutum

91 890 183 949 turpiter
197 910 223 937 ac
237 908 275 948 per
290 888 427 948 largitionem
437 909 491 937 esse.
504 889 576 937 Multa
587 890 677 948 quidem
688 891 711 937 in
722 911 770 938 eam
781 904 828 938 rem
840 912 881 938 nec

54 966 79 1013 10
94 964 165 1011 minus
175 963 267 1019 graviter
276 981 301 1009 ac
310 980 360 1010 vere
369 981 436 1019 quam
445 975 519 1010 ornate
528 982 553 1010 ac
562 963 650 1019 copiose
656 963 716 1017 dixit,
723 976 771 1011 tum
777 976 802 1011 ut
808 971 879 1011 moes-

91 1048 124 1083 tos
139 1034 248 1082 bonorum
263 1034 344 1081 civium
352 1034 436 1081 animos
446 1046 551 1081 recrearet
560 1029 683 1095 parumper,
693 1048 742 1082 tum
757 1048 782 1082 ut
797 1036 879 1094 impro-

91 1108 169 1157 borum
184 1127 246 1165 spem
260 1120 281 1155 et
295 1106 408 1156 audaciam
422 1105 530 1165 frangeret
544 1105 715 1166 admoneretque
730 1108 771 1156 hoc
785 1129 830 1157 uno
844 1109 878 1157 iu-

90 1180 140 1229 dicii
160 1180 250 1229 vulnere
264 1179 434 1239 haudquaquam
454 1198 500 1229 rem
520 1179 631 1238 publicam
651 1180 779 1243 conqidisse.
790 1182 879 1240 Quippe

90 1254 130 1301 ista
145 1244 167 1300 in
182 1273 246 1301 causa
258 1253 389 1311 increpanda
401 1251 443 1300 fuit
455 1252 532 1300 Cicero
544 1253 661 1301 vehemens
674 1265 696 1300 et
707 1265 761 1313 quas
774 1254 845 1313 potuit
857 1267 879 1302 et

52 1327 76 1377 l5
91 1326 158 1375 animi
170 1339 192 1374 et
203 1326 284 1384 ingenii
296 1326 352 1374 vires
364 1326 387 1374 in
400 1344 468 1380 reum,
481 1339 505 1375 ut
517 1320 638 1384 puniretur,
651 1326 736 1381 effudit,
745 1330 879 1382 commotus,

89 1400 121 1447 uti
130 1391 195 1447 suum
202 1391 337 1448 adAtticum
345 1399 419 1447 scribit
427 1400 481 1457 ipse,
492 1399 636 1465 spequadam
646 1399 793 1448 cohercendae
803 1400 879 1449 iuven·

90 1471 149 1524 tutis,
166 1471 226 1529 quod
241 1471 328 1528 pessimi
340 1470 432 1528 exempli
443 1491 468 1518 ac
478 1471 625 1529 perniciosum
635 1471 716 1528 patriae
727 1470 773 1519 fore
786 1485 879 1530 putaret,

90 1545 107 1591 si
123 1564 167 1591 non
182 1545 296 1602 puniretur
311 1545 351 1592 iste
366 1546 404 1603 qui
418 1545 544 1602 turpissima
559 1545 649 1593 libidine
664 1547 765 1593 incensus
781 1546 834 1593 duas
845 1564 879 1593 res

90 1618 242 1671 sanctissimas,
256 1617 415 1676 religionemet
428 1618 565 1675 pudiciciam,
578 1640 623 1666 uno
636 1619 716 1667 scelere
729 1619 835 1677 violasset.

50 1691 77 1738 20
134 1689 250 1738 Enimvero
263 1710 314 1738 cum
327 1703 408 1738 statum
421 1690 503 1738 Rornae
515 1692 619 1749 temporis
632 1691 689 1740 illius
701 1710 739 1749 per
750 1693 823 1740 ocium
834 1713 879 1741 me·

90 1781 140 1810 cum
152 1761 269 1820 aliquando
281 1762 402 1816 considero,
416 1762 469 1810 illud
483 1782 529 1811 esse
541 1781 618 1811 verum
631 1757 738 1817 existimo,
752 1764 812 1821 quod
824 1764 877 1817 urbs

89 1833 136 1893 ipsa
150 1854 201 1882 cum
215 1833 375 1893 amplissimum
385 1834 413 1882 ob
423 1835 540 1893 imperium
550 1855 575 1883 ac
585 1853 618 1883 res
625 1835 796 1884 'secundissimas
807 1847 828 1884 et
838 1856 878 1894 po-

90 1906 142 1966 pulo
157 1920 178 1955 et
193 1907 272 1966 opibus
284 1907 348 1971 plena
361 1920 423 1963 esset,
437 1908 518 1956 civium
530 1921 604 1957 autem
616 1908 679 1957 multi
693 1908 819 1964 honoribus,
833 1930 877 1957 non

89 1979 153 2037 pauci
167 1980 322 2038 voluptatibus,
333 2001 408 2028 omnes
419 1982 514 2039 privatae
524 1982 612 2030 utilitati
623 1983 735 2036 servirent,
746 1983 801 2030 duos
812 1984 879 2031 modo

49 2051 75 2099 25
91 2051 167 2100 habuit
182 2051 247 2109 (Cato
256 2072 320 2107 unus,
332 2052 409 2101 Cicero
419 2053 472 2101 alter
481 2052 532 2111 tuit)
543 2055 580 2112 qui
592 2054 698 2102 desertam
708 2074 720 2102 a
730 2055 818 2103 caeteris
828 2056 879 2113 ρέος

89 2124 182 2172 vinciam
194 2124 249 2173 bene
261 2125 413 2182 gubernandae
433 2126 463 2174 rei
475 2126 611 2184 publicaeac
622 2127 762 2185 corrigendae
778 2128 879 2181 civitatis,

89 2217 144 2245 onus
159 2197 306 2255 periculosum
317 2199 399 2257 quippe
410 2219 435 2246 ac
447 2198 533 2247 difficile
545 2200 584 2247 sed
595 2199 657 2247 fortis
669 2212 727 2248 certe
738 2200 778 2248 viri
790 2220 815 2248 ac
826 2200 878 2248 boni

89 2270 141 2319 civis
156 2270 259 2326 officium,
269 2285 418 2330 susceperunt.
428 2271 475 2321 Nec
492 2272 577 2321 inficior
585 2271 653 2322 luisse
663 2274 770 2332 quosdam
779 2274 879 2322 eosdem-

89 2363 132 2401 que
140 2344 209 2392 bonos
218 2345 282 2398 viros,
295 2345 333 2392 sed
344 2366 389 2392 non
398 2345 477 2393 multos
486 2345 561 2400 fateor,
571 2348 608 2404 qui
618 2347 657 2394 hos
666 2348 731 2394 duces
740 2367 765 2394 ac
772 2347 839 2394 veluti
847 2349 878 2394 ci-

49 2412 76 2459 30
90 2414 161 2463 vitatis
173 2416 281 2475 principes
290 2428 432 2476 sequerentur
440 2437 524 2477 suoque
532 2416 612 2473 lavore,
622 2418 719 2474 consilio,
728 2418 808 2468 auxilio
816 2418 878 2467 adiu-v

90 2502 171 2537 varent.
181 2489 226 2537 Sed
236 2490 280 2538 duo
290 2502 351 2538 erant
360 2491 395 2538 isti
405 2491 475 2549 capita
485 2492 577 2539 civitatis
587 2493 625 2550 qui
636 2490 694 2550 leges
703 2513 730 2540 ne
738 2493 876 2547 violarentur,

89 2562 127 2617 qui
142 2580 189 2609 rem
201 2562 311 2618 publicam
323 2583 351 2610 ne
363 2576 500 2617 everteretur,
514 2566 552 2621 qui
565 2585 705 2612 communem
717 2566 838 2612 libertatem
851 2585 878 2612 ne

89 2635 249 2691 opprimeretur
263 2654 303 2683 suo
318 2636 377 2693 gravi
392 2635 489 2690 consilio,
506 2637 592 2692 virtute,
608 2639 713 2695 sapientia
728 2636 877 2685 defensabant.

89 2704 171 2754 Verum
182 2705 247 2764 'pauci
260 2728 272 2755 a
286 2707 367 2762 multis,
381 2708 433 2756 boni
445 2709 473 2756 ab
486 2709 592 2767 improbis
604 2704 667 2758 facile
680 2710 799 2768 contempti
812 2722 878 2768 atque

48 2773 75 2823 35
90 2778 179 2827 tandem
194 2780 288 2838 superati
304 2793 362 2829 sunt.
378 2780 454 2829 Cicero
469 2781 566 2840 quidem,
582 2784 643 2841 quasi
659 2784 689 2831 rei
704 2783 804 2841 publicae
818 2795 878 2830 tutor

49 2885 191 2899 &—

87 2957 113 2995 16.
126 2958 154 2997 Εἰ.
167 2959 202 2997 cie.
216 2960 252 2999 An.
265 2958 278 2996 l.
294 2959 319 2995 16.
