2093 3253
132 204 176 251 458
428 196 653 252 siccomsromuiom
725 235 726 238 ι

137 397 140 401 ¹
174 333 240 382 tirent
251 331 288 381 illi
303 331 443 390 patefactum.
459 331 627 381 Defendendam
642 333 701 382 enim
716 345 800 392 partem
816 332 842 382 L.
848 333 961 393 Torquato

177 405 313 466 Epicuream,
327 405 361 454 M.
374 403 452 453 Catoni
465 405 568 461 Stoicam,
582 406 616 455 M.
629 405 701 455 Pisoni
713 405 866 456 Academicam
875 405 961 457 tribuit.

178 477 223 528 Sed
238 476 298 527 libris
314 476 386 536 primo
401 498 427 526 ac
442 477 539 527 secundo
554 477 651 537 loquitur
667 477 772 527 Cicerone
787 477 889 528 audiente
904 476 961 527 Tor-

178 564 263 610 quatus,
274 551 338 599 tertio
347 563 421 599 autem
431 564 452 599 et
462 563 540 610 quarto
550 550 657 599 Catonem
667 550 797 599 diserentem
807 549 884 599 Cicero
893 550 961 606 audit,

150 625 163 676 5
180 624 257 674 ultimo
266 642 317 672 vero
327 622 410 672 Pisonis
420 622 506 672 auditor
516 635 548 672 est
558 622 586 681 Q.
596 621 668 674 frater.

1026 643 1038 677 ξεττ
1028 325 1047 625 βέὶὲἕιωλωᾏῂμ
1027 67 1044 325 ,fgggyffisssffiffigazerffrgszafgssjf2
1025 34 1043 57 ,2³3
1031 0 1043 21 ὦ

220 696 266 745 Hos
280 717 368 756 quoque
380 696 433 744 istos
446 714 485 754 per
497 684 543 744 dies
556 709 580 745 ut
593 696 695 744 scriberet
708 696 736 744 de
748 695 894 745 consolatione
907 695 962 745 Tul·

177 768 240 817 liolae
251 767 308 817 filiae
320 787 378 816 mors
391 769 468 826 coegit.
480 767 541 816 Tum
553 767 649 826 quidem,
662 780 686 817 ut
698 768 778 817 doloris
791 768 963 826 magnitudinem

179 841 286 891 medicina
300 840 372 899 aliqua
386 841 500 899 mitigaret,
515 840 678 890 librumedidit
692 861 768 895 unum,
783 840 821 899 qui
836 841 864 890 de
878 840 963 890 Conso·

177 915 256 964 latione
266 913 382 972 inscriptus
392 926 431 963 est.

140 992 166 1040 10
223 987 336 1038 Levandas
348 987 401 1037 item
413 988 442 1037 ad
455 987 563 1037 molestias
575 986 649 1044 animi,
663 987 743 1048 quibus
756 1001 833 1038 eversa
841 1008 864 1038 re
877 986 963 1049 publica

179 1075 223 1110 erat
240 1060 338 1120 undique
354 1061 518 1121 circumseptus,
535 1060 601 1110 libros
617 1062 715 1120 quinque
727 1060 901 1111 Tusculanarum
911 1061 963 1110 Dis·

179 1136 318 1195 putationum
332 1135 362 1184 ad
376 1134 469 1183 Brutum
484 1134 507 1183 in
522 1134 601 1193 dialogi
615 1133 709 1183 formam
729 1134 824 1194 scripsit·
843 1135 964 1194 Disputens

180 1210 239 1257 enim
258 1208 387 1266 interoganti
408 1207 524 1266 respondet
545 1220 637 1256 mortem
657 1207 845 1263 contemnendam,
867 1207 964 1256 dolorem

180 1280 324 1334 tolerandum,
353 1279 511 1337 aegritudinem
539 1278 669 1335 leniendam,
697 1279 869 1338 perturbationes
891 1279 964 1329 ‘animi
1025 1307 1047 1350 ξ

140 1355 166 1404 15
182 1352 331 1406 moderandas,
346 1353 449 1401 virtutem
463 1352 558 1411 denique
572 1372 595 1400 se
608 1352 656 1411 ipsa
669 1352 697 1400 ad
710 1352 767 1400 bene
781 1352 903 1414 vivendum·
912 1370 965 1401 con·
1032 1349 1047 1425 ΤΞ

181 1439 264 1474 tentam
278 1445 332 1474 esse.
355 1426 462 1473 Catonem
483 1437 563 1479 autem,
585 1424 648 1472 illum
669 1424 719 1472 dico
740 1425 811 1472 virum
833 1425 965 1483 praetorium
1029 1425 1047 1480 Ξ

181 1498 375 1557 gravissimumque
391 1496 476 1548 Stoicae
487 1509 561 1557 sectae
576 1495 738 1555 philosophum,
754 1494 792 1554 qui
808 1495 918 1546 Uticensis
933 1509 965 1552 est
1032 1527 1047 1550 a

120 1613 121 1616 ,
183 1583 257 1630 postea
269 1570 400 1624 nominatus,
412 1569 468 1618 libro
480 1568 575 1619 laudavit
587 1589 639 1618 uno.
653 1568 679 1618 ld
690 1567 780 1628 quidem
792 1567 853 1617 Bruti
866 1568 965 1628 precibus

181 1642 353 1702 acpersuasione
361 1641 420 1691 tecit.
429 1641 480 1692 Erat
488 1642 569 1691 Brutus
577 1662 604 1690 ex
612 1641 702 1691 Servilia
710 1660 783 1691 sorore
792 1640 881 1690 Catonis
890 1662 965 1701 nepos.
1039 1676 1047 1700 ,

83 1709 86 1711 Τ
139 1718 169 1767 20
182 1714 302 1766 Verebatur
315 1713 374 1764 enim
383 1713 464 1764 vCicero
478 1713 591 1772 displicere
606 1712 661 1764 lulio
674 1712 768 1769 Caesari,
782 1714 820 1773 qui
833 1714 966 1764 bellivictor
1037 1733 1047 1752 ι

182 1799 238 1841 esset
250 1807 275 1835 ac
288 1806 399 1835 summum
411 1787 528 1845 imperium
540 1787 654 1841 obtineret,
667 1787 685 1835 si
698 1786 794 1835 laudaret
805 1787 870 1835 ‘hunc
888 1786 965 1842 virum.

183 1861 220 1918 qui
235 1859 299 1908 laude
313 1872 370 1907 certe
385 1858 466 1925 dignus
478 1859 517 1907 sed
530 1858 630 1907 factionis
644 1857 720 1907 luisset
728 1860 836 1908 adversae
850 1872 872 1908 et
886 1859 966 1918 quibus

181 1945 282 1993 potuerat
294 1932 364 1987 dictis,
373 1930 442 1986 lactis,
451 1931 540 1987 viribus,
548 1931 643 1981 consiliis
655 1943 729 1981 contra
742 1932 863 1987 Caesarem,
876 1944 900 1982 ut
911 1947 966 1981 essct

183 2006 250 2053 libera
264 2003 346 2058 civitas,
362 2003 487 2057 studuisset,
503 2003 617 2061 vigilasset,
633 2017 756 2061 pugnasset.
817 2036 819 2041 ·

141 2079 170 2129 25
215 2077 266 2137 Ipso
276 2088 349 2125 autem
360 2076 388 2126 de
399 2096 485 2126 summo
495 2095 520 2125 ac
530 2088 618 2126 aeterno
629 2076 677 2132 deo,
689 2076 749 2135 quod
760 2077 816 2127 inter
826 2076 969 2139 philosophos

183 2148 312 2209 opinionum
327 2161 387 2197 esset
408 2169 485 2207 magna
506 2149 595 2197 varietas
616 2162 681 2207 atque
702 2150 814 2206 dissensio,
835 2151 929 2200 diseruitv
940 2152 970 2200 ad

184 2224 277 2272 Brutum
296 2221 361 2287 libris.
376 2221 453 2279 tribus.
474 2221 503 2271 Hi
523 2235 574 2271 sunt
594 2222 621 2271 de
641 2221 724 2272 Natura
744 2225 843 2273 Deorum
862 2225 967 2284 inscripti.

184 2297 250 2345 Erant
267 2294 325 2343 enim
344 2295 382 2354 qui
401 2294 492 2343 fortuito
511 2296 607 2353 generari
626 2296 705 2350 omnia,
728 2296 968 2345 deum-veronullum

185 2390 232 2418 esse
253 2367 406 2423 existimarent,
428 2367 495 2427 aliqui
518 2369 585 2416 deum
607 2389 654 2416 esse
675 2368 715 2416 sed
734 2368 765 2417 nil
792 2389 854 2429 agere
881 2369 968 2429 penitus

141 2445 172 2492 '30
187 2443 261 2501 nilque
275 2459 349 2490 curare
362 2454 481 2495 censerent,
496 2440 586 2499 quidam
599 2441 665 2489 deum
679 2461 725 2489 esse
738 2458 844 2499 agereque
857 2460 882 2488 ac
895 2457 973 2488 curare
1039 2437 1047 2488 >5

185 2514 258 2564 omnia
275 2513 378 2569 dicerent,
396 2512 464 2563 multa
481 2526 577 2572 preterea
595 2513 658 2563 multi
675 2513 703 2563 de
719 2513 801 2572 liguris,
819 2512 847 2562 de
863 2512 924 2568 locis,
942 2512 972 2561 de
1035 2530 1047 2565 :1ss

186 2587 281 2642 sedibus,
297 2587 382 2636 devita
397 2586 488 2636 deorum
503 2586 718 2650 stultedisputarent
732 2607 757 2637 ac
771 2586 891 2636 crederent.
906 2586 969 2649 Hanc
1038 2590 1047 2653 J

186 2658 251 2718 igitur
264 2660 408 2718 questionem,
422 2679 478 2718 quae
491 2677 541 2717 pars
554 2658 704 2718 philosophiae
717 2658 806 2707 Graecis
820 2658 885 2706 etiam
898 2657 969 2716 philo·

185 2732 259 2792 sophis
273 2752 298 2781 ac
313 2730 442 2781 doctissimis
457 2744 478 2781 et
493 2731 561 2790 gravis
576 2744 598 2780 et
612 2730 703 2781 obscura
717 2744 780 2786 esset,
795 2729 872 2780 Cicero
886 2730 933 2780 istis
947 2731 970 2778 in
1036 2738 1047 2799 ἰζ

147 2846 288 2855 ...----

189 2917 219 2966 ll,
233 2916 416 2972 Disputlationum)
436 2922 449 2961 i.
468 2934 490 2967 r.;
510 2934 535 2961 cx
548 2916 677 2972 questionum
695 2921 762 2962 statim
779 2932 828 2960 corr.
889 2913 922 2959 32.
940 2913 971 2960 Er
1039 2944 1042 2957 ,Τ

145 2983 215 3031 comm
228 3002 277 3029 (ΟΠ.
