2093 3253
270 122 399 154 scnnronuu
414 122 543 153 irtusmrun
556 132 570 137 —
584 121 643 152 tisun
657 121 676 152 v.
846 108 880 153 151

140 236 200 285 Haec
208 247 281 284 autem
289 248 354 294 atque
362 235 403 284 alia
412 256 467 294 quae
472 235 501 284 ad
506 234 588 283 bellum
596 247 674 291 essent,
683 234 825 283 attentissima
833 254 884 283 cura

79 333 80 336 ¹
98 323 120 360 et
132 329 217 358 summa
229 309 272 357 lide
285 321 397 368 parantem
410 328 465 368 pene
477 309 585 368 oppressit
596 309 684 356 invidia.
697 307 781 356 Fraude
794 309 883 366 quidem

97 383 235 432 inimicorum
247 396 279 430 est
293 383 316 430 in
329 397 377 431 eam
390 383 537 441 suspicionem
549 382 656 431 adductus
669 393 694 430 ut
707 382 828 439 provincias
842 381 882 430 sibi

97 458 156 505 datas
169 456 269 504 statuisse
282 455 384 504 Romanis
397 455 482 504 tradere
494 457 623 504 crederetur.
638 454 700 503 Hanc
712 455 801 502 obrem
812 467 833 502 et
846 476 883 503 oc-

71 532 83 580 5
98 528 169 577 cidere
180 528 252 586 ipsum
263 527 368 576 concitata
380 527 498 576 multitudo
509 527 613 586 quaesivit
624 540 645 576 et
655 527 718 585 legati
729 539 780 575 sunt
790 526 818 575 ab
829 526 882 575 Hie-

98 602 190 651 rusalem
201 601 268 655 missi,
281 602 319 660 qui
330 622 388 656 eum,
400 603 425 656 si,
437 603 469 649 uti
481 601 577 650 delatum
587 601 639 656 erat,
650 620 726 650 verum
736 621 783 650 esse
793 620 882 660 compe·

98 676 182 737 rissent,
190 675 240 721 inde
248 693 299 722 mox
305 676 337 721 uti
345 676 425 731 patriae
434 674 519 721 hostem
525 695 550 721 ac
557 675 690 731 proditorem
697 675 777 721 catenis
784 675 882 722 vinctum

98 745 251 795 abstraherent.
267 745 356 806 Quippe
369 759 443 794 actum
457 746 484 794 de
497 745 545 804 ipso
559 759 604 794 erat
618 746 640 793 ni
655 747 764 805 praevisus
778 747 882 794 innocen-

97 821 149 868 tiam
163 839 225 867 suam
239 819 330 877 sapienti
345 818 434 867 consilio
449 818 587 868 defendisset:
688 819 690 822 ¹
710 882 712 885 .

61 895 85 942 ll]
141 890 201 940 Nero
215 904 288 940 autem
299 891 337 940 ubi
350 891 463 941 rebellasse
477 891 579 941 ludaeam
591 892 672 941 Romae
684 891 779 941 delatum
791 892 880 947 audivit,

97 965 136 1013 etsi
146 976 214 1013 aetate
224 965 308 1013 iuvenis
318 976 374 1012 esset
384 984 424 1013 nec
434 965 507 1023 ipsum
516 963 572 1012 bella
582 982 654 1023 gerere
664 964 786 1020 oblectaret,
797 965 881 1024 pudore

97 1052 169 1087 tamen
182 1037 246 1086 simul
259 1057 284 1086 ac
297 1051 356 1087 metu
370 1038 439 1087 victus
453 1058 480 1087 ne
492 1037 581 1086 audacia
593 1036 658 1085 simili
672 1029 816 1097 quasimoibi
829 1059 881 1094 con-

97 1112 187 1168 tagione
196 1112 298 1174 quadam,
312 1112 330 1158 si
345 1111 386 1159 hoc
400 1111 523 1170 negligeret,
537 1124 596 1159 totus
611 1111 681 1160 oriens
695 1099 809 1166 labdretur‚
823 1111 880 1161 bello

97 1185 199 1241 castigare
216 1184 306 1232 ludaeos
321 1184 410 1232 omnino
424 1184 544 1232 constituit.
559 1183 673 1231 Summam
687 1203 737 1231 vero
752 1183 801 1251 belli
817 1183 880 1232 huius

61 1259 84 1306 15
100 1257 187 1315 gerendi
198 1274 272 1304 curam
283 1255 342 1304 dedit
353 1255 491 1314 Vespasiano,
503 1275 569 1313 quem
578 1276 648 1304 unum
658 1256 708 1309 fide,
719 1252 805 1311 virtute,
816 1256 881 1304 rebus

98 1330 169 1387 gestis,
189 1328 275 1377 duobus
295 1329 393 1377 maximis
413 1328 481 1383 bellis,
501 1329 605 1377 Britanno
624 1341 645 1376 et
664 1328 782 1384 Germano,
802 1329 881 1377 ducem

98 1413 211 1450 strenuum
229 1420 254 1448 ac
271 1400 388 1459 probatum
407 1400 501 1448 haberet.
520 1399 664 1458 Vespasianus
682 1400 747 1458 igitur
765 1414 790 1449 ut
808 1420 880 1459 gerere

98 1473 179 1522 bellum
192 1487 224 1522 est
236 1474 259 1521 in
274 1474 364 1522 ludaeos
376 1495 389 1522 a
402 1474 490 1522 Nerone
502 1474 580 1528 iussus,
594 1475 672 1532 paratis
685 1495 711 1522 ex
724 1474 799 1523 ordine
812 1475 879 1533 copiis

97 1549 183 1605 agmine
203 1546 281 1596 infesto
302 1546 397 1596 Galileae
417 1548 471 1596 fines
491 1547 617 1606 ingreditur,
639 1546 744 1596 hostiliter
764 1546 880 1606 populatur

58 1620 86 1667 20
100 1620 179 1673 omnia,
192 1618 287 1666 incendit
300 1620 379 1672 omnia,
392 1619 468 1667 evertit
480 1617 560 1667 omnia.

142 1691 276 1750 lothapatam
285 1712 372 1750 quoque
381 1712 444 1750 posse
453 1691 537 1750 impetu
546 1691 616 1750 primo
625 1692 672 1750 capi
682 1704 740 1740 ratus
748 1692 879 1750 aggreditur.

98 1763 192 1814 Galileae
200 1765 274 1813 civitas
282 1765 322 1812 ista
330 1777 432 1813 montana
440 1777 484 1813 erat
493 1777 514 1813 et
522 1783 587 1823 supra
594 1776 687 1813 caeteras
695 1785 746 1813 cum
754 1778 830 1814 natura
838 1765 879 1814 loci

97 1850 145 1885 tum
156 1838 246 1885 moeniis
256 1857 281 1900 ac
292 1837 356 1885 rebus
366 1838 448 1885 bellicis
459 1839 588 1895 permunita.
598 1837 679 1885 Aderat
690 1839 754 1885 etiam
767 1838 878 1896 Iosephus,

98 1909 135 1967 qui
150 1909 234 1965 urbem,
249 1922 276 1959 ut»
296 1912 362 1958 sensit
383 1911 499 1959 adventare
521 1910 613 1965 hostem,
635 1910 750 1968 ingressus,
773 1922 880 1969 quantum

57 1982 83 2029 25
98 1982 159 2031 fortis
173 1984 218 2032 dux
230 2005 255 2032 ac
268 1984 364 2042 prudens
377 2004 403 2032 ex
416 1997 514 2043 tempore
526 2004 551 2032 ac
564 1983 611 2052 loco
625 1996 704 2042 posset,
718 1982 772 2032 nihil
785 1996 879 2042 praeter-

97 2056 191 2104 mitteret
200 2056 260 2116 quod
270 2055 406 2106 defendenda
416 2057 444 2105 ad
454 2057 538 2105 moenia
549 2070 570 2105 et
579 2056 746 2115 propellendum
756 2057 783 2105 ad
794 2057 879 2106 hostem

97 2148 143 2176 esse
157 2128 246 2191 videret.
261 2129 371 2188 Romanus
385 2143 458 2179 autem
472 2130 516 2178 dux
530 2142 633 2189 concepta
644 2130 746 2188 opinione
756 2129 878 2185 frustratus,

97 2222 162 2260 quam
176 2202 197 2250 vi
212 2223 287 2261 capere
301 2204 377 2263 nequit
391 2204 506 2258 civitatem,
521 2216 545 2253 ut
560 2201 617 2252 lame
631 2203 750 2258 coherceat,
765 2203 878 2252 obsidione

97 2277 170 2334 cingit,
185 2278 256 2324 aditus
268 2277 368 2331 obstruit,
380 2277 460 2335 ligneas
472 2290 542 2325 turres
554 2277 623 2335 erigit,
635 2296 721 2335 aggeres
734 2277 801 2331 ducit,
813 2277 878 2325 ariete

57 2345 84 2394 30
99 2367 172 2397 muros
187 2362 280 2407 quassat,
295 2361 373 2398 conatu
388 2350 482 2407 denique
496 2350 555 2397 omni
570 2361 591 2403 et
606 2350 651 2397 dies
666 2362 687 2397 et
701 2362 774 2398 noctes
789 2362 878 2407 pugnat.

97 2420 141 2479 Spe
149 2422 239 2481 quidem
247 2421 366 2470 ducebatur
376 2421 476 2470 futurum
483 2441 536 2476 esse,
547 2421 566 2469 si
576 2421 631 2469 hanc
641 2442 708 2470 unam
716 2442 771 2480 quae
779 2422 879 2470 omnium

97 2492 174 2543 Galilei
186 2495 279 2543 nominis
291 2508 347 2544 esset
360 2496 504 2544 munitissima
515 2508 601 2554 caperet
612 2496 728 2550 civitatem,
741 2496 804 2554 quod
812 2496 877 2545 simul

96 2580 117 2614 et
132 2566 274 2616 fortissimum
290 2569 368 2617 ducem
384 2569 479 2617 hostium
496 2569 613 2628 losephum
628 2570 738 2627 captivum
753 2569 841 2617 haberet
856 2583 877 2618 et

95 2652 189 2688 caeteros
200 2641 229 2689 ita
239 2641 355 2690 deterreret
365 2642 425 2701 quod
436 2662 482 2691 sese
492 2642 520 2691 ad
530 2642 655 2691 dedendum
666 2661 740 2696 omnes
751 2642 808 2690 ultro
819 2643 878 2691 nulla

54 2707 81 2757 35
97 2732 169 2770 pugna
175 2727 285 2773 expectata
292 2715 396 2763 venirent.
406 2715 523 2764 Habuisset
535 2716 624 2774 quidem
631 2728 703 2773 presto
711 2716 778 2764 finem
786 2716 878 2770 obsidio,

55 2823 197 2836 *Q-

96 2887 125 2931 14.
141 2887 171 2934 Ex
188 2888 258 2933 ludeos
273 2907 322 2934 corr.
377 2890 409 2935 30.
424 2891 478 2935 omni
492 2909 537 2936 sser.
583 2921 585 2923 -
