2093 3253
260 206 397 242 scurronum·
407 200 534 243 reeusrmun'r
545 221 561 228 -
574 211 632 243 irem
646 211 704 243 xvrrr.
850 194 894 243 '503

79 383 81 386 Ι
111 324 189 373 Senior
209 336 282 373 autem
302 322 372 372 lactus
392 324 514 373 Vittruvius
535 344 590 382 quos
611 325 697 374 dudum
717 338 769 375 ante‘
788 326 896 385 inceperat

94 456 95 462 ἵ
111 397 204 446 scribere
220 396 286 446 libros
303 394 388 454 (decem
404 415 495 446 numero
511 395 572 455 sunt)
588 396 616 445 de
631 396 781 447 Architectura
797 397 895 457 perfecit.

112 465 165 519 lllos
172 470 263 529 quidem
271 483 324 519 tunc
333 470 441 519 inchoavit
450 470 544 518 scribere
552 489 604 518 cum
614 468 682 519 lulius
691 468 771 519 Caesar
779 471 896 529 imperium

111 543 218 592 obtineret
230 543 345 601 eidemque
357 543 380 591 id
393 538 448 601 opus
460 541 584 597 inscribere,
597 543 658 601 quod
670 543 744 592 virtuti
756 542 837 593 [averet
849 564 895 598 sua,

84 612 231 667 5constituit.
250 616 295 667 Sed
313 614 350 682 illo
368 629 417 667 ante
435 614 557 676 perlectum
575 637 630 678 opus
648 616 719 666 occiso
738 616 829 667 mutavit
846 637 896 667 sen-

110 691 201 740 tentiam
210 704 232 739 et
242 687 300 749 ipsos
310 690 416 747 Augusto,
428 711 479 738 cum
489 703 562 738 exacta
572 689 700 739 triumvirali
710 703 771 748 peste
780 691 896 749 imperaret

111 763 176 819 solus,
189 763 306 823 inscripsit.
321 761 415 810 Dicendi
427 774 501 810 autem
510 781 579 820 genus
591 762 614 810 id
626 763 703 811 habuit
715 763 775 820 quod
787 783 834 811 esse
847 782 895 811 ora·

110 838 162 886 toris
173 838 245 896 potius
256 857 322 896 quam
332 836 455 897 philosophi
466 837 572 886 videatur.

152 905 252 968 Augusto
264 930 352 968 quoque
365 911 484 967 imperante
496 908 564 958 luisse
577 910 712 958 Nlartianum
724 909 843 967 Capellam,
856 910 894 984 qui

72 983 97 1033 10
111 976 176 1031 etiaim
184 982 273 1030 lVlineus
281 981 341 1030 Felix
347 981 468 1041 appellatus
475 994 514 1037 est
522 982 613 1040 quidam
619 1002 666 1036 nec,
674 994 781 1040 quantum
788 995 894 1037 existimo

109 1069 191 1113 temere
201 1055 282 1113 opinati
293 1068 351 1103 sunt.
362 1056 447 1103 Poenus
457 1054 492 1103 hie
502 1054 544 1103 tuit
554 1067 575 1103 et
585 1053 716 1111 Carthagine
725 1054 819 1103 Romam
828 1055 894 1104 venit.

111 1128 188 1177 Libros
205 1141 278 1177 autem
296 1128 323 1176 de
339 1125 429 1187 Nuptiis
446 1126 577 1185 Philologiae
593 1147 619 1194 ac
636 1127 740 1175 Mercurii
757 1148 808 1176 cum
825 1141 894 1177 metro

108 1215 157 1268 tum
169 1220 233 1259 prosa
245 1200 337 1258 scripsit.
350 1200 394 1257 Qui
407 1201 466 1248 enim
478 1201 523 1248 duo
535 1213 586 1248 sunt
594 1198 668 1257 primi,
678 1192 700 1247 hi
708 1198 834 1257 nuptiarum
841 1221 894 1249 con-

108 1276 178 1323 tinent
188 1286 323 1332 apparatum.
335 1272 439 1331 Reliquos
449 1284 523 1320 autem
533 1273 563 1321 ita
573 1271 684 1321 distribuit
694 1284 719 1320 ut
730 1271 828 1322 liberales
838 1286 894 1322 artes
957 1299 959 1302 ¹

70 1349 96 1397 15
111 1355 259 1405 matronarum
272 1346 295 1394 in
310 1345 477 1403 modumquasi
471 1345 636 1394 honestandas
650 1344 679 1393 ad
693 1345 779 1403 nuptias
794 1346 895 1395 invitatae

110 1420 234 1479 singulatim
248 1440 274 1467 ex
289 1417 365 1466 ordine
378 1418 465 1466 veniant
479 1429 544 1474 atque
558 1416 647 1465 floscula
661 1417 760 1472 habeant,
776 1438 832 1494 quae
845 1418 894 1477 pul-

110 1494 216 1543 cherrima
228 1493 271 1540 sint
283 1504 304 1540 et
316 1491 380 1549 digna
392 1490 481 1548 cognitu
493 1490 613 1538 videantur.
675 1525 677 1528 -
706 1509 709 1516 ¹¹
777 1508 778 1511 ¹

152 1566 242 1614 Vicinus
256 1565 306 1612 huic
319 1577 417 1622 tempore
430 1562 459 1618 Q
471 1562 579 1611 Asconius
593 1562 699 1611 Pedianus
712 1561 761 1612 luit.
775 1564 804 1612 ln
817 1565 894 1613 studiis

111 1639 246 1697 eloquentiae
260 1649 356 1686 versatus
372 1648 404 1683 est
419 1635 459 1683 iste
474 1647 496 1683 et
510 1647 609 1683 accurate
624 1635 646 1682 in
661 1636 768 1684 orationes
784 1636 894 1686 Ciceronis

68 1713 98 1777 ΖΟ
111 1711 203 1770 scripsit.

152 1784 182 1832 At
196 1783 214 1830 si
234 1784 365 1841 'magistrum
388 1796 409 1831 et
433 1783 564 1841 singularem
587 1785 722 1842 magistrum
737 1785 768 1832 in'
783 1785 895 1834 rhetoricis

110 1848 241 1916 quaerimus,
257 1855 319 1904 adest
335 1855 369 1904 lVl.
386 1855 466 1904 Fabius
482 1855 637 1913 Quintilianus.
654 1856 764 1915 Hispanus
781 1856 816 1905 hic
831 1856 894 1906 Cale-

31 1934 34 1939 ‘
97 1930 208 1989 goritano
225 1949 251 1977 ex
268 1928 350 1987 oppido
367 1930 479 1978 oriundus.
497 1929 555 1978 Cum
572 1930 688 1989 imperaret
705 1930 731 1980 C.
753 1931 858 1989 Caligula,
875 1932 893 1979 si

110 2014 208 2059 tempora
216 2013 274 2049 recte
282 2001 390 2055 metimur,
399 2013 462 2048 natus
470 2014 510 2049 est.
518 2001 579 2048 Vidit
586 2002 676 2059 quidem
683 2003 789 2050 Senecam
796 2004 895 2052 Stoicum

68 2077 96 2125 25
112 2090 133 2124 et
149 2096 205 2134 quae
221 2074 281 2133 signa
297 2087 368 2122 essent
384 2074 407 2122 in
423 2094 474 2123 eum
489 2073 534 2123 odii
550 2094 575 2123 ac
591 2068 705 2124 simultatis
722 2075 895 2125 dedit.'Audi¹vit

111 2148 239 2197 Domicium
251 2146 338 2200 Altum,
352 2147 390 2205 qui
404 2159 425 2194 et
438 2159 509 2194 orator
523 2160 578 2194 esset
592 2148 774 2204 prestantissimus
788 2161 809 2196 et
822 2148 895 2197 rhetor

110 2222 133 2270 in
147 2221 258 2270 tradendis
277 2220 396 2278 praeceptis
416 2231 505 2268 cunctos
525 2218 644 2284 excelleret.
664 2219 826 2269 Romam-vero
845 2241 894 2280 per-

111 2295 196 2342 ductus
199 2307 231 2341 est
241 2292 278 2340 illo
287 2313 299 2341 a
308 2292 379 2341 Galba
389 2292 426 2349 qui
436 2311 462 2340 ex
472 2291 577 2340 Hibernia
586 2293 674 2341 veniens
684 2293 809 2342 Neronem
803 2296 895 2353 imperio

111 2367 177 2417 exuit.
193 2367 266 2416 Rebus
280 2378 353 2415 autem
366 2365 440 2414 crebra
453 2364 577 2424 principum
591 2365 710 2415 mutatione
722 2366 821 2422 turbatis,
835 2367 895 2426 quod
951 2400 952 2403 =

68 2441 117 2489 30
112 2440 204 2499 imperio
226 2439 297 2488 Galba
318 2427 436 2492 Neronem,
459 2438 554 2486 Galbam
575 2438 641 2492 Otho,
664 2438 776 2487 Othonem
796 2439 894 2495 Vitelius,

110 2511 215 2559 Vitelium
229 2511 374 2568 Vespasianus
389 2509 481 2562 eiiceret‚
497 2522 562 2567 atque
577 2510 665 2557 deinde
670 2510 712 2572 sub
727 2510 859 2568 Vespasiano
874 2525 895 2559 et

110 2582 163 2632 Tito
173 2584 254 2641 pacatis
265 2581 412 2640 Quintilianus
423 2581 446 2629 in
456 2581 532 2629 litteris
543 2581 571 2629 ad
581 2568 690 2630 docendos
701 2582 789 2631 iuvenes
799 2596 895 2633 versatus

110 2667 149 2703 est.
165 2655 241 2703 Postea
255 2675 307 2704 vero
321 2675 372 2703 cum
386 2655 414 2702 ad
428 2655 584 2703 Domicianum
598 2655 713 2713 imperium
726 2656 856 2711 devenisset,
872 2657 896 2705 id

111 2726 198 2775 honoris
216 2740 327 2776 assecutus
345 2740 377 2775 est
394 2727 455 2785 quod
472 2727 555 2785 primus
573 2727 672 2776 omnium
689 2727 770 2776 Romae
788 2741 809 2776 et
826 2727 895 2778 scolas

72 2848 211 2858 ...——---

92 2925 93 2928 ’
113 2913 142 2959 ll.
157 2914 187 2959 Ex
201 2913 281 2958 Pennus
296 2932 345 2960 corr.
400 2912 433 2959 25.
447 2913 506 2970 cdlii]
520 2920 534 2960 i.
549 2934 575 2965 r.‚·
588 2933 612 2960 ex
625 2913 761 2972 silmultatist)
772 2922 895 2962 statimcorr.

69 2981 102 3027 32.
116 2981 189 3035 pacatis
203 2987 216 3026 ι’.
231 2998 257 3033 r.;
271 2991 314 3026 erat
328 2982 406 3037 quietis.
