2093 3253
144 185 171 229 98
442 197 536 230 srccoms
550 197 668 229 rousurom

157 331 158 334 ’
181 324 224 359 aut
245 331 347 370 magnum
367 311 429 360 illum
449 311 558 359 Romanae
578 311 678 359 historiae
698 324 816 370 parentem,
832 310 860 359 T.
876 311 970 378 Livium,

187 384 314 433 Paduanum
329 398 434 449 nostrum,
450 397 487 433 aut
500 379 567 433 alium
577 380 747 443 quemquam-ex
757 384 799 432 illis
810 385 847 442 qui
858 384 909 432 clari
920 398 970 432 sunt
1020 388 1042 463 ’ζ

187 458 243 505 inter
258 458 373 515 scriptores
390 476 474 514 sequar.
492 457 546 513 Ipsis
562 458 620 504 enim
637 477 650 504 a
661 456 814 504 'fundamentis
829 470 895 514 atque
909 457 969 503 urbis
1028 465 1043 523 {T

187 529 275 585 origine,
286 541 311 576 ut
321 528 405 586 planius
416 546 450 575 res
460 540 531 585 pateat
542 540 563 575 et
575 527 678 575 habeatur
688 524 729 576 sub
738 527 813 582 oculis,
822 523 900 576 ordiar.
909 528 971 582 Quae
1022 517 1044 591 ,

160 602 260 650 5ευῐεηι
275 601 352 650 dicturi
368 620 450 655 sumus,
465 622 496 656 ea,
512 622 539 648 ne
554 599 637 659 digredi
653 599 738 659 longius
749 621 815 659 quam
826 594 887 650 liceat
897 600 970 649 videa-
1035 621 1047 654 5.

141 711 143 714 <
187 693 242 729 mur,
261 674 397 723 absolvemus
418 674 500 731 paucis.
520 672 572 721 Non
590 674 649 722 enim
664 686 723 732 gesta
738 667 969 727 eorumsedlnomen,
1023 681 1047 734 g]

140 773 148 778 „
175 747 410 803 ,originemj'officium
426 765 577 794 memoramus.
624 743 626 745 ¹
687 739 689 741 -
778 744 780 747 ’
821 740 847 744 '⁴
1023 733 1047 810 >J

228 818 293 868 Anno
308 820 373 879 igitur
393 832 442 878 post
462 839 558 868 eversam
578 818 668 868 Troiam
687 817 897 873 CCCCXXXVIH,
920 833 970 867 ante
1028 820 1045 890 J

187 912 238 941 vero
252 906 328 941 natum
347 892 459 958 Christum
467 881 524 941 ‘Vllc
542 892 677 941 Lllurbem
691 892 783 941 Romam
801 888 910 941 conditam
924 912 970 941 esse
1028 891 1046 930 Ϊ

145 968 175 1013 -10
189 967 280 1023 geminis
293 987 306 1013 a
319 966 421 1014 iratribus
435 965 529 1013 Romulo
543 979 564 1013 et
578 965 646 1013 Remo
660 978 751 1013 constat.
765 965 859 1013 Remum
869 963 969 1022 pastorali

147 1066 149 1070 ν
188 1050 256 1085 rostro
272 1037 358 1091 Fabius,
374 1036 419 1085 dux
428 1037 523 1091 Romuli,
533 1036 647 1085 interfecit.
663 1033 978 1085 Romulusautemconditam
1027 1033 1046 1082 :³

187 1109 264 1157 urbem
274 1110 366 1158 Romam
375 1130 415 1157 suo
424 1130 436 1156 e
445 1110 533 1157 nomine
542 1109 664 1168 appellavit.
674 1109 749 1157 Annos
759 1104 809 1157 vero
818 1109 861 1158 Vll
872 1129 897 1158 ac
905 1108 970 1157 XXX

188 1184 290 1240 regnavit.
306 1183 402 1231 Pastores
414 1183 450 1230 illa
461 1183 563 1231 tenebant
574 1183 620 1230 loca
632 1181 672 1230 nec
683 1183 743 1230 allud
753 1183 784 1230 ibi
795 1203 861 1240 quam
873 1183 937 1230 silvae
949 1196 969 1230 et

187 1254 314 1302 solitudines
326 1255 393 1302 erant.
405 1253 603 1301 Summamrerum
614 1254 692 1301 Albani
704 1252 812 1301 habebant
823 1273 891 1311 reges.
902 1254 970 1311 Quic—

149 1326 174 1373 15
190 1326 243 1384 quid
258 1340 302 1375 erat
318 1326 389 1375 Latini
404 1327 497 1374 nominis
512 1326 601 1385 parebat
615 1326 664 1376 illis.
675 1326 781 1376 Romulus
792 1339 864 1376 autem
874 1325 970 1376 Palatino

188 1401 211 1447 in
226 1413 307 1455 monte,
322 1400 383 1458 quod
398 1420 423 1447 eo
439 1400 462 1447 in
478 1399 525 1447 loco
542 1399 618 1448 luisset
633 1399 693 1457 apud
713 1398 821 1457 pastorem
843 1398 970 1449 Faustulum

188 1473 299 1529 educatus,
313 1493 385 1522 arcem
401 1472 460 1521 lecit.
476 1473 555 1531 Atque*
567 1473 624 1531 regia
640 1472 701 1530 prole
717 1485 780 1521 natus
797 1474 968 1531 regiainsignia⁵

187 1546 262 1593 sellam
272 1547 388 1597 currulem,
399 1545 472 1614 togam
483 1544 627 1602 praeteritam(
634 1545 718 1592 lictores
729 1544 783 1599 Xll,
794 1559 819 1593 ut
829 1545 970 1593 venerabilior

188 1617 322 1667 multitudini
338 1613 458 1672 videretur,¹
471 1639 483 1665 e
499 1619 589 1675 vestigio
606 1614 682 1676 regum
698 1613 853 1666 lletruscorum
870 1613 969 1677 sumpsit.
1006 1631 1018 1641 ’“

146 1692 175 1739 20
190 1692 286 1740 Lictores
300 1693 389 1751 quidem
401 1712 413 1739 a
426 1691 512 1749 ligando
526 1691 602 1745 dictos,
616 1691 676 1750 quod
687 1704 741 1739 esset
752 1691 856 1743 carnificis
868 1691 970 1756 officium,

186 1765 289 1821 antiquus
302 1785 327 1812 ac
340 1764 416 1812 doctus
429 1764 546 1811 verborum
558 1765 663 1821 interpres
676 1763 755 1811 Nonus
768 1763 884 1812 Marcellus
897 1765 969 1813 tradit.

142 1875 145 1879 Α
190 1836 215 1884 ld
229 1840 317 1895 quoque
328 1837 419 1886 affirmat
429 1837 456 1885 Α.
472 1836 556 1884 Gellius
567 1837 590 1883 in
601 1834 709 1884 Noctibus
720 1837 804 1890 Atticis,
817 1838 876 1894 quod
887 1857 970 1885 morem

187 1910 245 1959 bunc
260 1910 354 1970 populus
370 1911 480 1959 Romanus
494 1909 588 1965 baberet,
602 1923 627 1959 ut
640 1929 687 1959 reos
700 1910 769 1968 ligatis
783 1910 875 1968 pedibus
888 1923 910 1959 et
923 1931 968 1959 ma·

177 1983 252 2032 ¹nibus
266 1984 403 2032 verberarent
416 1984 489 2042 virgis
504 1984 541 2042 qui
556 2003 607 2032 vero
616 1983 729 2031 satelitum
744 2004 755 2031 e
769 2003 860 2031 numero
875 1984 970 2033 officium
1039 2000 1047 2026 ³³

146 2057 173 2103 25
190 2057 269 2112 ligandi
285 2056 379 2110 baberet,
394 2057 412 2101 is
423 2056 485 2102 lictor
495 2076 507 2101 a
518 2056 604 2112 ligando
615 2054 765 2112 appellaretur.
777 2054 887 2103 Ciceronis
898 2068 970 2103 autern

187 2126 277 2175 libertus
289 2126 343 2174 Tiro
354 2126 440 2175 Tullius
451 2126 553 2184 appellari
565 2125 662 2174 lictorem
674 2125 842 2185 haudquaquam
853 2147 865 2174 a
876 2126 969 2185 ligando,

183 2212 212 2247 ‘ut
226 2200 302 2248 dicunt
316 2200 353 2254 illi„
369 2200 407 2248 sed
421 2219 433 2247 a
447 2200 491 2247 lino
505 2199 538 2247 vel
552 2199 602 2247 licio
616 2219 660 2257 quo
674 2200 789 2256 praecincti
804 2212 864 2247 erant
878 2200 969 2248 ministri

141 2302 143 2306 ι
187 2274 323 2329 magistratus
338 2273 429 2329 scripsit.
446 2272 526 2318 Linum
540 2272 598 2318 enim
612 2271 703 2318 Romani
717 2284 799 2318 veteres
812 2271 886 2319 licium
896 2273 970 2329 appel·
1042 2264 1045 2271 .

141 2372 143 2376 Α
178 2344 266 2393 larunt.
281 2342 379 2393 Numero
390 2356 462 2392 autern
473 2343 517 2392 Xll
529 2342 614 2393 lictores
625 2357 723 2402 sumptos
734 2364 746 2392 a
757 2342 850 2392 Romulo
861 2343 896 2392 alii
906 2365 919 2393 a
929 2366 970 2394 nun

145 2418 174 2466 30
189 2437 249 2467 mero
263 2418 374 2467 vulturum
395 2438 449 2477 quae
470 2437 561 2474 regnum
583 2417 624 2465 sibi
645 2418 798 2475 portenderant
818 2420 914 2476 augurio,
935 2420 970 2467 alii

177 2492 307 2539 >imitatione
321 2511 396 2550 regum
411 2491 572 2543 Aetruscorurn
585 2489 644 2549 quod
654 2490 699 2538 Xll
711 2511 737 2537 eu
747 2491 833 2548 populis
844 2489 915 2539 creato
926 2493 970 2549 regi
1042 2496 1046 2526 3

141 2591 143 2594 ·
186 2564 296 2622 singulum
311 2564 407 2621 singulus
422 2563 516 2621 populus
531 2562 629 2611 lictorem
644 2563 711 2617 daret,
726 2575 810 2621 putant.
831 2562 919 2621 Quippe
934 2584 970 2612 rex

186 2638 276 2694 primus
284 2653 309 2685 ac
323 2635 383 2685 urbis
398 2636 497 2684 conditor
505 2635 611 2683 Romulus
619 2637 653 2685 ius
661 2635 743 2694 populo
751 2656 808 2684 novo
816 2635 877 2685 dixit.
886 2636 969 2686 Munus

187 2723 231 2758 erat
240 2711 265 2758 id
270 2712 356 2768 regium
366 2711 501 2758 nominatim.
512 2709 620 2766 Populum
630 2729 723 2767 nanque,
733 2722 758 2757 ut
768 2722 839 2757 essent
848 2711 885 2766 qui
895 2730 969 2759 causas
1042 2734 1046 2779 ζ

141 2782 173 2830 35
188 2783 282 2830 minores
296 2782 438 2836 absolverent,
455 2783 478 2828 in
494 2783 563 2829 curias
578 2781 644 2829 XXX
660 2781 732 2829 divisit
747 2782 878 2841 easdemque
893 2783 963 2831 curias

193 2972 221 3009 21λ
234 2973 285 3015 Non,
297 2988 313 3015 n·
327 2973 382 3012 alut.
432 2971 595 3010 22.Gell.>(11.3.
611 2973 625 3008 1.
645 2987 646 2990 ’
666 2973 703 3009 -Ζό,
715 2972 759 3012 Gell.
771 2973 808 3011 ΧΗ.
822 2974 861 3009 3.3
