2093 3253
116 147 157 191 uo
402 201 404 204 v
422 159 513 189 srccours
527 159 642 188 rotnnrour

159 276 218 325 enim
233 289 283 325 sunt
296 274 399 337 affinitate
413 275 522 323 coniuncti
537 288 602 333 atque
622 274 706 334 sororii)
720 275 834 334 complecti
849 276 889 325 hoc
903 301 945 333 uno
1008 276 1017 340 l

160 349 215 398 libro
236 350 345 398 constitui.
376 382 378 385 <
1010 403 1018 412 „

203 422 297 470 Primam
311 439 362 470 vero
373 419 408 467 hic
419 420 493 468 sedem
504 420 592 468 habebit
604 420 725 468 Cornellius
737 420 819 479 Nepos.
831 420 945 482 Exemplo.

161 514 210 543 rum
225 494 305 543 librum
318 495 358 542 iste
371 494 504 558 quocunque
517 495 539 541 in
553 511 632 551 genere
645 507 666 541 et
679 494 764 551 virtutis
778 507 799 542 et
812 493 858 542 vitii
871 496 945 548 edidit.

134 569 147 616 5
165 567 241 615 Libros
253 567 305 618 item
315 565 401 625 reliquit
409 566 500 625 scriptos
508 567 535 614 de
544 566 666 614 illustribus
673 565 730 614 Viris
740 586 781 614 nec
788 580 871 623 togatos
884 565 946 618 modo
1011 559 1019 619 3

161 659 185 686 ac
197 640 286 686 Latinos
296 638 335 686 sed
344 635 451 686 bellorum
462 637 604 685 etiamclaros
613 638 679 696 duces
688 637 783 686 Graecos
793 637 947 696 Carthaginen-
1011 644 1020 704 ξ’

161 732 239 770 sesque
253 710 378 770 complexus
396 709 435 758 est.

204 785 256 834 Non
271 784 373 844 equidem
387 784 404 831 is
418 804 467 832 sum
482 784 520 843 qui
533 797 583 833 ante
597 784 649 832 alios
664 785 704 832 hoc
719 805 797 833 munus
811 785 948 843 absolverim,

162 860 201 906 sed
216 859 300 906 dudum
316 859 359 905 iam
376 856 464 905 luerunt
482 857 545 905 multi
561 858 621 915 apud
637 872 718 906 veteres
736 858 855 905 doctissimi
872 858 912 906 viri
928 875 948 908 et

124 932 150 980 ll}
165 930 236 979 Latini
248 943 269 979 et
282 929 359 979 Graeci
371 929 408 987 qui
421 929 476 978 hanc
487 930 551 978 istam
562 930 696 996 provinciam
707 929 832 978 recensendi
843 930 900 979 viros
912 934 947 991 qni

163 1001 254 1052 luissent
265 1002 358 1050 illustres
369 1001 408 1049 suo
419 1002 443 1049 in
454 1021 532 1059 genere
543 1015 692 1060 susceperunt.
704 1003 791 1060 Quippe
803 1018 948 1052 memorantur

164 1096 189 1124 ex
205 1074 293 1123 Graecis
313 1074 435 1130 Antigonus
455 1073 583 1128 Charistius,
604 1075 737 1132 Hermippus
757 1076 910 1132 Peripateticus
929 1091 949 1124 et

164 1148 301 1195 Ᾱῐῖὃῒθὸθῑὶϋὸ
317 1147 419 1200 musicum
435 1161 582 1195 memorantur
602 1167 628 1195 ex
643 1147 725 1195 Latinis
741 1146 862 1196 Cornellius
877 1147 949 1208 Nepos

165 1222 211 1276 iste,
228 1221 261 1269 M.
277 1221 351 1275 Varro,
368 1221 401 1270 M.
418 1222 501 1274 Cicero.
523 1221 639 1269 Suetonius
655 1221 803 1280 Tranquillus,
819 1221 950 1278 Pomponius

126 1296 151 1342 15
167 1293 252 1356 Rullus,
268 1294 394 1358 Franciscus
409 1293 514 1342 Petrarca.
531 1293 681 1342 Memorantur
697 1294 843 1351 Hieronymus
863 1295 950 1350 presby·
1021 1344 1026 1360 ἃ

165 1379 204 1420 ter,
219 1366 326 1425 singulare
333 1365 383 1415 fidei
392 1365 524 1415 lrortodoxae
531 1367 644 1425 speculum
652 1381 717 1426 atque
728 1366 809 1421 lumen,
818 1379 839 1415 et
851 1367 889 1425 qui
902 1388 951 1415 eum

165 1441 233 1488 secuti
247 1453 299 1488 sunt
308 1440 436 1498 Cenandius
446 1454 511 1499 atque
523 1440 627 1494 Isidorus,
638 1441 717 1498 quibus
728 1459 838 1488 recensere
848 1441 951 1497 viros'qui

165 1534 215 1561 suos
230 1512 258 1561 ad
273 1512 318 1561 dies
326 1519 396 1571 usque
405 1511 528 1561 floruissent
536 1513 601 1560 sacris
610 1514 632 1560 in
640 1514 716 1561 litteris
725 1513 812 1571 placuit.

209 1585 253 1632 Sed
267 1585 295 1633 ad
310 1582 419 1642 Nepotem
430 1597 569 1633 revertamur.
581 1585 653 1632 Vitam
664 1606 752 1643 quoque
762 1584 874 1632 Ciceronis
885 1585 951 1641 scrip·

124 1657 153 1706 20
168 1658 195 1704 sit
211 1658 263 1715 ipse.
280 1656 315 1705 Ad
332 1648 459 1706 Sallustium
475 1675 533 1710 vero.
550 1657 610 1715 quod
626 1657 673 1706 eius
689 1657 834 1705 benivolentia
850 1670 952 1711 uteretur,

166 1729 270 1777 Daretem
285 1729 388 1787 Frigium‚
404 1730 442 1787 qui
463 1743 519 1777 esset
535 1730 562 1777 de
577 1730 634 1777 bello
649 1729 745 1777 Troiano
760 1728 817 1776 loliis
833 1729 953 1787 palmarum

167 1802 267 1859 scriptus,
277 1802 300 1848 in
311 1802 414 1849 Latinum
423 1802 495 1849 vertit.
509 1802 613 1855 Amicicia
623 1802 713 1860 quidem
723 1814 744 1849 et
755 1801 865 1850 Ciceronis
876 1813 897 1848 et
907 1800 953 1848 Sal·

167 1873 225 1922 lustii
236 1894 260 1922 ea
269 1872 390 1923 Cornellius
400 1886 432 1921 est
442 1894 493 1922 cum
504 1874 652 1922 moderatione
661 1887 726 1933 atque
736 1873 851 1932 prudentia
860 1894 912 1922 usus
922 1885 952 1927 ut,

168 1968 301 2006 quamquam
310 1947 340 1994 illi
360 1948 440 2003 mutuis
455 1948 511 1995 odiis
526 1962 680 2000 concertarent.
696 1949 742 2006 ipse
756 1949 826 1995 neutri
840 1958 953 2005 suspectus
1004 2001 1005 2004 Ἴ

126 2020 153 2067 25
170 2032 225 2067 esset
240 2020 278 2066 secl
290 2040 341 2068 cum
353 2026 446 2083 utroque
459 2020 505 2066 sine
517 2019 605 2065 alterius
617 2020 695 2066 iniuria
707 2020 775 2066 amice
787 2040 812 2066 ac
824 2018 955 2066 familiariter

169 2104 296 2141 versaretur.
345 2107 365 2136 h

212 2163 277 2213 Hunc
290 2177 376 2214 secutus
387 2177 422 2225 est
434 2164 533 2213 Valerius
548 2164 666 2213 Maximus.
680 2165 751 2213 Vicini
765 2165 855 2223 quidem
867 2184 893 2212 ac
905 2180 955 2221 pro-

169 2239 221 2286 ximi
232 2249 300 2286 aetate
311 2237 406 2286 luerunt.
415 2232 563 2285 'Octavianum
574 2237 629 2286 vidit
640 2251 739 2296 uterque,
751 2238 789 2286 sed
800 2238 885 2294 imperii
911 2236 954 2283 eius
1027 2286 1031 2302 Ι,

170 2310 204 2357 ille
217 2310 355 2367 principium,
370 2309 410 2356 iste
423 2308 490 2356 finem
503 2309 565 2357 vidit.
579 2309 706 2358 Parentibus
721 2309 755 2357 hic
769 2308 879 2357 nobilibus
892 2320 957 2365 atque

128 2382 157 2432 30
172 2381 266 2440 patriciis
276 2394 338 2430 natus
349 2393 387 2436 est,
399 2380 438 2429 hac
447 2401 459 2429 e
469 2379 550 2429 familia
559 2381 597 2440 qui
607 2378 696 2430 luerunt
705 2380 802 2440 primum
811 2380 890 2430 Valesii
899 2376 957 2438 apud
1028 2375 1032 2383 i

169 2456 334 2510 vetustissimos,
349 2468 424 2513 postea
437 2454 516 2503 Valerii
528 2475 554 2503 ac
566 2454 646 2518 deinde
658 2454 694 2503 alii
707 2454 749 2503 alio
762 2466 907 2513 cognomento
919 2451 956 2500 ad·
1029 2514 1032 2524 t

170 2530 216 2578 clito
227 2529 328 2588 appellati
339 2520 397 2577 sunt.
410 2528 512 2576 Familiae
523 2528 588 2576 huius
598 2540 728 2577 vetustatem
739 2529 757 2575 si
769 2528 900 2586 quaerimus,
912 2527 958 2583 ipse

170 2623 221 2650 cum
234 2602 289 2650 'urbe
298 2614 371 2650 certat.
387 2601 478 2658 Origine
487 2601 577 2658 quidem
586 2614 691 2659 perpetua
700 2600 798 2648 Romana
807 2613 846 2649 est.
856 2599 880 2647 Si
889 2598 958 2646 henou

173 2695 205 2723 res
221 2674 348 2734 colligimus,
365 2694 433 2737 quem
450 2687 567 2731 anteponat
585 2674 654 2722 Roma
671 2672 738 2721 lerme
755 2673 840 2722 nullum
857 2670 958 2721 inveniet.

185 2858 204 2900 9.
219 2856 275 2900 multi
289 2863 302 2900 i.
311 2875 333 2906 r.;
348 2836 394 2899 erat
405 2854 504 2909 pluriquc.
560 2855 592 2900 ΖΙ.
607 2857 637 2902 Ex
653 2856 747 2901 Deretem
757 2857 788 2911 (ἓ)
799 2849 847 2902 corr.
858 2856 930 2911 (Dares
940 2858 959 2897 iri

129 2925 210 2979 indice).
