2093 3253
120 600 228 646 Srccorus
244 599 377 647 Poaaurour
394 600 464 647 Luam
480 600 629 648 Scaurorum
647 602 786 649 Imusrruuu

145 682 246 731 Larium
263 683 368 731 Lrucuaa
383 683 451 731 VIIII
468 683 576 732 Examen
592 700 619 732 aa
636 686 725 733 lucina
741 686 762 732 X

235 784 265 815 aa
280 768 424 817 Porruoauu
440 769 527 817 Fruuu
544 770 662 819 Ferreum

124 974 265 1023 Pervenimus
281 974 303 1021 in
319 995 370 1022 eum
381 974 461 1029 locum,
473 974 580 1032 Polydore
596 975 626 1022 mi
642 975 769 1023 suavissime
780 975 818 1028 fili,
830 974 868 1034 qui

83 1048 116 1096 M.
132 1047 232 1096 Tullium
246 1047 383 1098 Ciceronem.
399 1048 461 1096 illum
475 1048 535 1096 urbis
551 1048 633 1096 Romae
646 1049 718 1096 virum
732 1049 868 1097 consularem

82 1138 231 1178 auguremque
242 1140 267 1167 ac
281 1121 371 1168 Latinae
384 1121 522 1177 eloquentiae
534 1121 664 1178 principem,
678 1121 742 1182 nobis
755 1141 781 1167 ex
793 1121 870 1168 ordine

83 1191 249 1239 memorandum
260 1190 331 1239 ollert.
345 1191 424 1249 Ingens
436 1191 528 1250 quidem
539 1211 595 1251 opus
607 1203 628 1240 et
640 1210 705 1247 mare,
717 1182 744 1240 ul
753 1191 795 1240 dici
807 1191 869 1246 solet,

57 1266 69 1313 5
85 1285 189 1322 magnum
204 1286 245 1312 nec
262 1264 316 1312 velis
335 1264 438 1313 omnihus
457 1265 612 1323 navigandum.
629 1264 759 1322 Cogitabam
776 1286 869 1318 mecum,

83 1337 186 1395 equidem
192 1336 268 1390 fateor,
275 1357 320 1385 non
327 1337 448 1391 dissimulo,
456 1357 496 1385 nec
502 1336 578 1395 procul
585 1336 627 1385 luit
633 1336 658 1385 ut
664 1336 782 1385 statuerem
788 1348 870 1395 preter-

85 1410 170 1454 mittere
181 1409 260 1465 ipsum,
272 1421 321 1455 tum
332 1409 392 1466 quod
403 1408 547 1465 intelligerem
558 1409 633 1455 deesse
645 1408 698 1455 mihi
710 1409 776 1455 etiam
787 1408 871 1455 medio·

84 1498 150 1533 crem,
172 1500 199 1527 ne
210 1479 270 1528 illam
281 1480 374 1528 dixerim
384 1480 492 1538 egregiam
505 1500 530 1528 ac
546 1480 684 1539 praeclaram,
696 1480 822 1528 facultatem
838 1480 871 1526 di-

85 1552 155 1605 cendi,
172 1573 238 1610 quam
254 1566 275 1600 et
291 1572 394 1611 cuperem
409 1554 495 1612 assequi
511 1553 609 1611 potuisse
624 1566 645 1601 et
661 1553 748 1606 hahere,
764 1565 872 1611 quantum

48 1627 72 1672 10
86 1625 186 1677 arbitror,
200 1639 310 1682 oporteret
322 1627 360 1682 qui
373 1626 481 1682 explicare
492 1627 560 1672 vitam
568 1625 680 1672 Ciceronis
689 1626 721 1672 uti
730 1642 803 1672 rerum
812 1644 872 1681 mag-

86 1697 164 1745 nitudo
174 1710 195 1744 et
206 1698 246 1745 viri
258 1699 351 1754 dignitas
363 1698 482 1755 postularet
492 1699 620 1756 apte'digno
631 1718 682 1745 curn
698 1711 783 1750 ornatu,
802 1697 871 1754 copia,

86 1770 190 1827 gravitate
206 1769 278 1825 vellet;
295 1783 344 1818 tum
361 1771 422 1829 quod
439 1770 563 1820 dubitarem
579 1770 717 1829 placeremne
734 1769 837 1818 studiosis
848 1789 873 1817 ac

86 1861 171 1891 vererer
182 1861 343 1902 supervacuum
355 1845 450 1902 reputari
462 1845 480 1892 si
489 1843 630 1903 defatigarem
643 1863 678 1891 me
689 1844 711 1891 in
723 1864 747 1891 ea
759 1844 873 1901 presertim

87 1935 109 1962 re
125 1916 266 1974 memoranda
277 1936 333 1973 quae
345 1917 516 1975 haudquaquam
527 1918 599 1964 ieiune
610 1918 649 1964 sed
660 1916 762 1964 delimate
772 1936 798 1963 ac
811 1915 873 1962 lucu-

50 1988 73 2035 15
89 1987 158 2036 lenter
165 2000 187 2036 et
195 2006 265 2045 nuper
272 2007 284 2036 a
292 1988 408 2037 Leonardo
415 1989 514 2043 aretino,
523 1990 570 2038 viro
578 2008 655 2037 eorum
662 2008 674 2036 e
682 2007 774 2037 numero
787 1988 825 2047 qui
835 1987 873 2035 hac

87 2073 161 2109 nostra
167 2061 272 2109 memoria
278 2074 329 2110 sunt
335 2061 420 2120 egregie
427 2061 485 2110 docti
492 2075 514 2111 et
521 2060 572 2110 clari
579 2062 703 2121 scriptores,
710 2073 732 2109 et
738 2073 788 2110 ante
799 2062 872 2119 ipsum

87 2154 99 2180 a
114 2134 214 2191 pluribus
224 2135 299 2192 peritis
308 2155 333 2181 ac
343 2135 486 2182 ornatissimis
496 2135 638 2192 virisscripta
644 2134 720 2182 litteris
732 2133 843 2188 etCrecis
851 2145 873 2179 et
911 2183 913 2185 ,

89 2205 173 2254 Latinis
184 2218 248 2254 esset.
260 2198 346 2265 Nempe
357 2207 398 2254 ista
409 2207 463 2259 mihi
474 2207 547 2254 animo
559 2206 678 2255 revolventi
690 2206 802 2254 honestius
814 2206 874 2253 vide-

89 2278 155 2328 batur
163 2300 188 2327 ac
199 2292 244 2328 erat
255 2278 346 2328 lortasse
356 2293 428 2328 tacere
439 2300 506 2339 quam
516 2279 558 2328 hoc
569 2280 611 2328 isto
622 2293 683 2328 tanto
695 2280 722 2328 de
733 2280 779 2328 viro
790 2299 815 2327 ac
826 2298 874 2344 ora-

37 2388 38 2393 ,
49 2351 76 2398 20
90 2365 137 2400 tore
146 2360 234 2401 summo
243 2353 315 2401 dicere
324 2354 443 2411 quicquam
452 2354 513 2412 quod
522 2353 606 2402 dictum
616 2373 662 2411 esse
676 2366 714 2401 aut
728 2354 801 2400 minus
811 2347 876 2409 digne

54 2433 65 2438 ”
89 2439 125 2472 aut
141 2426 214 2473 minus
221 2426 305 2484 integre
312 2425 430 2473 videretur.
439 2425 566 2474 Sedcontra
574 2417 717 2474 cum'adesset
724 2419 779 2473 mihi
787 2443 875 2483 persua·

90 2518 125 2546 sor
140 2519 165 2546 ac
179 2498 281 2547 stimulus
299 2499 394 2547 Lazarus
411 2498 477 2546 irater
493 2513 552 2554 tuus,
570 2495 671 2547 adessent
687 2500 751 2547 amici
769 2500 834 2546 etiam
851 2519 876 2546 ac

90 2572 182 2620 studiosi
196 2572 287 2631 quidam
301 2573 339 2632 qui
354 2593 381 2621 ne
395 2573 578 2632 pretermitterem
592 2593 667 2621 omnes
682 2593 727 2621 uno
740 2571 821 2626 animo,
833 2592 876 2620 una

90 2665 150 2698 voce,
161 2666 207 2693 uno
217 2645 309 2693 consilio
319 2647 484 2694 exhortarentur
496 2659 517 2693 et
528 2646 651 2699 suaderent,
664 2646 805 2693 memineram
821 2665 877 2702 quo·

51 2714 76 2763 25
92 2738 135 2775 que
150 2731 274 2775 susceptam
286 2738 298 2765 a
311 2738 346 2766 me
358 2718 418 2766 illam
430 2738 477 2766 esse
489 2719 624 2777 provinciam
637 2738 693 2777 quae
710 2718 838 2777 profiteatur
854 2736 877 2765 se

91 2789 177 2848 linguae
193 2790 283 2840 Latinae
293 2791 410 2849 scriptores
421 2790 516 2839 illustres
527 2791 628 2849 quialibi
639 2792 708 2849 sparsi
719 2802 791 2838 essent
803 2790 844 2837 hoc
854 2790 877 2838 in

55 2899 56 2903 ,
92 2863 184 2918 concilio
194 2877 335 2921 congregatos
345 2863 432 2912 hahere.
442 2864 589 2911 Memineram
598 2864 642 2911 iarn
651 2883 697 2910 esse
706 2882 719 2910 a
728 2862 791 2910 nobis
803 2874 877 2919 poetas

64 2967 66 2974 ι
92 2934 213 2990 historicos,
222 2948 251 2990 et,
260 2935 297 2995 qui
307 2935 351 2983 duo
359 2949 410 2984 sunt
418 2935 528 2984 Romanae
537 2935 654 2996 sapientiae
665 2934 755 2992 lumina,
764 2934 798 2985 Μ.
812 2933 878 2984 Crto-
