2093 3253
264 233 394 265 scaurorum
409 234 533 266 ratusrarun
546 247 560 251 —
574 234 632 266 tiam
646 235 673 267 vr.
840 222 881 268 177

96 351 193 402 condidit
204 362 225 401 et
237 341 319 396 Latinis
330 347 408 396 deinde
419 348 536 398 triennium
547 350 650 408 regnavit.
662 349 738 398 Postea
748 368 798 398 vero
811 341 879 398 lulius

96 423 200 475 Ascanius
212 422 292 470 Albam
302 420 344 469 sibi
356 441 435 470 novam
446 420 523 471 urbem
534 442 603 472 annos
615 435 664 482 post
677 421 792 471 Lavimum
803 423 879 472 condi·

95 513 143 549 tum
154 497 182 546 ad
194 495 259 544 XXX
271 495 360 543 deduxit
372 508 393 544 et
404 516 472 544 annos
485 496 580 554 regnavit
593 494 722 545 XXXVIII.
734 494 802 545 Albae
814 495 879 555 igitur

95 572 173 620 deinde
187 580 262 627 regnat
279 588 347 616 annos
365 568 445 616 Silvius
461 568 580 623 XXVIIII,
596 568 680 617 Aeneas
696 569 776 617 Silvius
794 568 879 623 XXXI,

70 648 82 697 5
99 645 188 694 Latinus
206 643 286 692 Silvius
303 642 466 702 quinquaginta,
484 641 540 691 Alba
557 642 686 698 XXXVIII,
703 642 760 692 Attis
778 641 878 698 XXIIII,

97 718 161 776 Capis
176 715 272 769 XXVII,
282 715 378 773 Capetus
388 714 453 770 XIII,
463 714 587 772 Tyberinus
596 715 660 770 VIII,
670 715 767 774 Agrippa
776 715 825 770 XL,
835 715 879 763 Ro-

97 790 167 838 mulus
183 788 263 836 Silvius
279 787 399 842 XXVIIII,
414 787 535 836 Aventinus
551 787 667 843 XXXVII,
683 787 775 836 Proclras
791 787 878 842 XXIII,

96 863 196 911 Amulius
204 861 304 909 XLIIII.
313 860 384 908 Huius
393 879 444 909 vero
452 862 511 919 regni
519 881 577 909 anno
585 860 648 922 XXV
654 861 759 910 Romulus
768 874 789 910 et
797 861 879 909 Remus
911 881 914 889 ‘

96 937 139 985 nati
152 948 209 989 sunt,
227 935 264 994 qui
278 947 299 983 et
311 934 424 983 Amulium
436 953 502 992 regno
514 954 538 982 ac
550 935 593 982 vita
606 935 717 992 privarunt
729 947 750 983 et
762 954 806 993 quo
818 948 879 983 erant

58 1012 84 1059 11)
98 1012 120 1057 in
135 1010 183 1056 loco
197 1007 378 1059 educatiurbem
395 1007 488 1054 Romam
505 1008 656 1055 condiderunt.

138 1081 210 1129 Padua
222 1082 294 1138 igitur,
307 1092 332 1128 ut
344 1092 476 1128 revertamur
487 1080 515 1127 ad
526 1080 670 1137 propositum,
683 1080 700 1126 si
713 1085 789 1136 regum
801 1080 879 1127 horum

96 1168 193 1212 tempora
206 1173 257 1202 sane
270 1155 379 1208 metimur,
393 1153 456 1211 longe
468 1166 518 1201 ante
532 1153 624 1201 Romam
637 1153 723 1201 condita
733 1152 784 1217 gluit.
798 1153 880 1202 Rerum

96 1240 168 1275 autem
181 1247 282 1274 successu
296 1227 348 1274 baec
361 1227 495 1284 opulentiam
508 1227 604 1275 bonitate
617 1228 669 1283 agri,
680 1227 715 1274 illa
726 1219 783 1274 bello
793 1240 880 1284 partum

97 1298 154 1346 orbis
169 1299 286 1357 imperium
299 1297 381 1347 babuit.
395 1297 497 1346 Romanis
510 1311 582 1346 tamen
598 1318 642 1346 non
655 1310 704 1346 ante
719 1298 790 1356 paruit
808 1297 880 1348 Padua

59 1372 83 1420 15
99 1391 164 1431 quam
174 1371 231 1420 bello
241 1371 338 1420 secundo
349 1370 478 1430 Carthagine
486 1372 541 1420 victa
549 1371 590 1420 sibi
601 1372 671 1420 omnis
680 1384 701 1420 et
709 1370 781 1420 Africa
789 1384 811 1421 et
821 1371 879 1421 Italia

97 1444 200 1494 obediret.
206 1445 282 1494 Postea
288 1464 338 1495 vero
345 1465 411 1504 quam
416 1446 462 1494 eius
468 1444 490 1493 in
496 1445 604 1494 dicionem
610 1446 675 1499 venit,
683 1445 805 1493 Romanum
811 1445 880 1503 impe-

97 1517 153 1564 rium
163 1537 247 1566 summa
258 1518 308 1573 fide,
319 1519 445 1572 constantia,
456 1517 527 1565 officio
537 1517 604 1565 coluit
613 1530 679 1576 atque
689 1518 730 1565 sibi
740 1537 880 1566 communem
916 1507 921 1520 ,

97 1589 124 1637 ad
138 1590 236 1645 salutem,
244 1590 372 1645 libertatem,
381 1590 483 1648 quietem,
493 1590 565 1648 quoad
573 1590 640 1644 licuit,
652 1602 732 1648 quanta
740 1591 811 1647 potuit
818 1590 880 1638 adiu-

98 1676 168 1712 menta
181 1663 306 1713 contribuit.
320 1663 389 1713 Caeso
402 1684 488 1724 nanque
503 1662 558 1729 lulio
572 1662 669 1719 Caesare,
686 1664 723 1723 qui
736 1682 846 1713 armorum
859 1665 880 1714 vi

57 1735 85 1782 211
100 1737 170 1784 omnia
184 1738 332 1794 oppressisset,
346 1757 397 1785 cum
410 1737 440 1784 rei
454 1736 553 1794 publicae
566 1749 647 1784 statum
666 1736 716 1801 binc
727 1737 761 1784 M.
771 1737 880 1784 Antonius

97 1819 196 1861 evertere,
210 1809 261 1856 inde
273 1819 359 1856 senatus
376 1808 409 1856 Μ.
426 1808 530 1856 Cicerone
545 1821 632 1856 auctore
648 1808 761 1866 pristinam
775 1809 804 1857 ad
816 1807 880 1856 liber-

97 1891 163 1928 tatem
173 1880 275 1930 reducere
285 1881 395 1936 niteretur,
406 1880 478 1931 ltaliae
488 1902 539 1930 vero
548 1901 597 1941 pars
606 1880 640 1929 M.
648 1881 751 1936 Antonio,
762 1900 810 1940 pars
819 1901 881 1929 sena-

97 1954 128 2000 tui
143 1954 248 2010 obediret,
258 1955 361 2010 Patavini,
371 1967 396 2004 ut
405 1956 480 2004 scribit
490 1955 574 2010 Cicero,
584 1956 661 2003 missos
670 1955 698 2003 ab
713 1955 808 2003 Antonio
824 1954 881 2002 mili-

97 2037 128 2072 tes
140 2026 192 2075 alios
204 2028 320 2083 eiecerunt,
336 2028 389 2076 alios
401 2028 544 2076 excluserunt.
561 2027 634 2076 Duces
650 2040 723 2076 autem
735 2027 772 2086 qui
786 2040 857 2075 essent
869 2048 881 2075 a

56 2097 84 2143 25
99 2112 174 2147 senatu
186 2103 246 2148 missi
259 2122 303 2149 non
316 2103 407 2160 pecunia
420 2102 485 2149 modo
497 2101 536 2150 sed
549 2101 653 2149 militibus
666 2113 731 2159 atque
742 2102 814 2154 armis,
826 2120 881 2159 quae
937 2163 939 2166 y

99 2172 190 2220 maxime
200 2172 242 2222 illis
251 2173 345 2229 deerant,
354 2174 490 2223 adiuiarunt.
502 2173 614 2223 Octaviani
623 2193 711 2231 quoque
719 2172 831 2222 occidendi
842 2193 881 2221 nea

98 2263 140 2300 que
153 2246 239 2294 animus
250 2267 290 2294 nec
300 2246 400 2295 voluntas
411 2246 486 2295 Cassio
497 2244 574 2294 deluit.
585 2246 699 2294 Patavinus
710 2258 755 2294 erat
765 2246 805 2294 iste
816 2257 881 2303 atque

97 2316 186 2372 putabat
201 2317 268 2373 nefas,
281 2319 342 2377 quod
353 2320 386 2367 vir
398 2319 469 2377 magni
481 2317 547 2367 animi
559 2339 584 2366 ac
596 2318 695 2378 publicae
707 2318 810 2366 libertatis
821 2338 881 2366 ama-

98 2401 131 2435 tor
143 2404 205 2446 esset,
218 2393 262 2449 pati
275 2413 326 2441 eum
338 2393 449 2442 hominem
460 2393 532 2442 vivere
542 2393 580 2450 qui
590 2392 702 2451 profligata
713 2392 832 2449 republica
843 2410 882 2449 per

58 2457 86 2505 30
100 2461 144 2508 vim
158 2463 216 2511 solus
226 2465 343 2522 imperium
352 2477 472 2523 usurparet.
482 2464 568 2522 Nempe
584 2464 622 2523 qui
633 2463 755 2512 occiderent
765 2476 881 2521 tyrannum

100 2531 151 2582 olim
166 2536 258 2587 Graecia
268 2536 320 2587 lecit
329 2539 383 2587 tanti
394 2550 418 2586 ut
429 2539 459 2587 eis
469 2558 513 2587 non
524 2537 676 2597 impunitatem
687 2537 752 2602 modo
763 2536 801 2586 sed
812 2536 881 2586 hono-

100 2625 133 2655 res
147 2623 212 2669 atque
224 2611 309 2660 divinos
321 2611 386 2660 etiam
398 2610 489 2660 honores
501 2611 567 2660 daret.
580 2609 658 2670 Neque
670 2629 720 2660 vero
731 2609 820 2660 Asinius
832 2611 881 2660 Pol-

100 2679 128 2727 lio
139 2682 259 2732 domandos
271 2686 299 2732 ad
310 2686 420 2733 Dalmatas
432 2686 474 2733 hoc
484 2687 526 2733 isto
536 2685 565 2732 ab
576 2685 695 2732 Octaviano
707 2686 785 2732 missus
797 2685 882 2732 Patavi-

59 2787 200 2802 ‘N

94 2850 121 2886 23.
134 2853 169 2891 Cic.
182 2857 224 2895 Pari.
238 2857 275 2895 XII.
291 2858 317 2895 10.

59 2943 140 2955 x*

46 3020 51 3027 “
100 3006 131 3053 21.
146 3011 262 3068 eietcerunr)
277 3020 290 3059 ι’.
305 3033 327 3065 r.;
342 3024 385 3060 erar
399 3015 519 3069 eijecerunt?
575 3015 607 3060 30.
621 3023 739 3079 tyrrannum
753 3012 771 3067 (r
785 3014 844 3068 exp).

98 3159 117 3195 12
