2093 3253
137 163 174 209 1114
437 172 529 209 sicconis
542 179 658 210 aoisuroru

178 292 227 341 tatis
241 290 333 348 lucrant,
346 292 374 342 ad
386 292 485 341 consules
498 292 595 342 delatum
606 305 659 342 erat.
673 292 766 342 Creandi
779 311 830 342 vero
847 294 898 341 novi
916 289 962 341 ma·
1018 301 1032 325 r

148 399 150 405 ·
177 365 279 423 gistratus
293 366 357 416 huius
371 365 432 415 dedit
445 386 532 415 causam
546 366 606 425 quod
620 365 682 414 bellis
696 366 823 424 urgentibus
838 386 909 425 neque
922 386 963 425 po-
1034 355 1036 376 ³

179 434 307 497 pulusfsine
324 459 391 488 censu
408 458 455 487 esse
470 459 511 487 nec
526 439 565 497 qui
581 453 652 487 essent
667 439 766 487 consules
782 457 859 487 navare
875 453 963 497 operam

179 509 962 572 commodecensuilaciendopossent.Resquidemparvavisaprimum,

153 585 165 632 5
181 584 243 643 quod
258 584 289 633 nil
303 585 356 633 iuris
371 584 452 634 habere
468 586 490 632 ni
506 584 611 634 censendi
626 584 694 633 modo
708 583 823 643 vpopulum
843 584 962 634 videretur.
1020 584 1039 637 ‘512

179 655 267 715 Quippe
286 656 374 705 illustris
391 657 527 714 magistratus
545 658 580 705 hic
597 657 721 716 multaeque
738 657 848 715 dignitatis
863 677 889 705 ac
903 676 963 706 seve·

179 729 246 777 ritatis
261 728 309 778 luit.
324 728 356 777 Eo
365 749 451 788 nanque
459 729 519 777 venit
527 730 588 787 quod
596 729 766 789 haudquaquam
773 729 802 777 de
810 729 889 788 opibus
897 729 964 778 modo

150 826 152 828 ¹
179 801 218 851 sed
232 802 260 851 de
274 802 371 851 moribus
391 802 456 851 etiam
475 823 500 850 ac
519 803 576 851 vitae
596 803 709 862 disciplina
729 815 833 858 censeret,
853 802 963 861 vectigalia

150 891 152 913 ³
180 888 267 934 augeret
277 877 434 935 minueretque,
446 876 521 924 noxios
533 877 624 925 vero-ita
634 888 718 925 notaret
728 888 753 925 ut
764 878 801 936 qui
813 888 898 925 senator
905 884 965 925 'esset

71 1013 74 1015 ‚
142 950 168 998 111
182 961 318 998 amoveretur
332 960 414 1003 senatu,
429 950 467 1007 qui
476 962 556 1007 eques.
571 969 637 1007 quem
648 949 675 998 de
685 949 774 1008 publico
785 949 873 998 haberet
883 969 965 1006 equum

180 1022 294 1076 amitteret,
306 1022 343 1080 qui
356 1020 459 1081 plebeius,
471 1021 565 1070 aerarius
577 1021 637 1071 fieret
648 1042 688 1071 nec
699 1023 722 1072 in
733 1021 783 1071 albo
794 1042 845 1071 suae
856 1021 965 1071 centuriae

182 1109 307 1145 remaneret.

224 1167 300 1216 Postea
317 1187 368 1216 vero
386 1168 447 1225 quod
464 1167 526 1215 bellis
544 1181 616 1215 essent
634 1169 710 1216 dietim
729 1169 796 1226 magis
814 1181 880 1226 atque
898 1167 966 1224 magis

152 1273 155 1279 ·
182 1238 282 1288 consules
296 1239 402 1300 impediti,
415 1252 524 1299 praetores
537 1241 575 1298 qui
588 1253 609 1290 et
622 1240 682 1289 domi
695 1241 728 1290 ius
741 1240 823 1299 populo
833 1233 932 1288 ¹dicerent
944 1251 966 1287 et

144 1312 170 1362 15
184 1311 237 1360 loris
252 1312 311 1360 datas
327 1312 368 1361 sibi
383 1312 503 1371 provincias
519 1313 663 1371 gubernarent
678 1315 742 1362 creati
757 1327 815 1362 sunt.
832 1312 878 1361 Hos
893 1325 966 1361 autem

184 1398 292 1444 praetores
308 1384 426 1446 appellatos
443 1385 504 1445 quod
520 1386 647 1435 auctoritate
664 1387 771 1445 praeirent
788 1386 870 1445 populo
888 1385 966 1435 Nonus
1045 1406 1047 1410 ’

154 1483 156 1489 ’
184 1457 300 1506 Marcellus
315 1458 397 1507 scribit.
412 1458 536 1507 Numerum
550 1459 634 1507 horum·
643 1459 719 1506 habuit
733 1458 802 1506 Roma
816 1477 856 1516 pro
869 1470 967 1516 tempore

184 1531 274 1579 varium.
289 1530 398 1589 Principio
410 1531 476 1579 creati
489 1544 597 1589 praetores
610 1531 655 1579 duo
668 1543 726 1579 sunt.
741 1530 856 1579 Urbanum
868 1530 967 1585 alterum,

184 1604 322 1663 peregrinum
335 1604 428 1653 alterum
438 1604 583 1663 appellabant,
596 1604 656 1663 quod
667 1605 701 1653 ius
713 1604 766 1653 alter
777 1604 903 1669 peregrinis,
915 1602 968 1652 alter

143 1678 172 1726 20
185 1677 270 1724 civibus
283 1677 371 1725 diceret.
385 1676 472 1725 Deinde
485 1697 536 1726 vero
549 1677 622 1736 plures
635 1678 735 1736 augendo
748 1696 864 1726 numerum
877 1677 905 1725 ad
919 1689 968 1725 octo
1032 1697 1033 1702 ¹

184 1767 254 1807 usque
265 1750 337 1798 creati.
350 1749 394 1807 Qui
406 1767 457 1797 vero
469 1750 492 1798 in
504 1749 594 1799 coloniis
605 1749 752 1804 ius‘dicerent,
764 1749 785 1798 bi
797 1762 847 1798 sunt
859 1743 972 1798 duumviri

184 1821 292 1881 appellati.
307 1821 392 1881 Populo
405 1835 478 1871 autem
493 1823 523 1872 illi
540 1844 592 1872 curn
608 1823 697 1878 baculis,
715 1818 750 1872 isti
768 1823 852 1871 duabus
863 1821 967 1871 cum-las·

185 1894 246 1943 cibus
258 1895 375 1944 anteibant.
392 1895 486 1953 insignia
498 1896 588 1954 quidem
599 1897 691 1954 praetori
702 1897 734 1945 uti
744 1895 835 1948 consuli,
852 1894 903 1942 sella
919 1913 968 1943 cur·
1031 1901 1047 1949 ij

185 1965 237 2015 rulis
248 1980 269 2015 et
279 1980 328 2025 toga
339 1981 447 2027 praetexta
458 1981 479 2016 et
490 1982 615 2028 purpurata,
631 1968 670 2018 sed
680 1969 724 2018 duo
735 1989 787 2017 cum
796 1968 891 2017 fascibus
903 1968 969 2016 modo

144 2041 172 2090 25
187 2039 272 2089 lictores
283 2054 351 2090 erant.
362 2042 451 2090 Honore
461 2044 551 2100 quidem
565 2055 673 2102 praetores
688 2041 757 2091 ferme
769 2061 831 2102 pares
844 2041 970 2091 consulibus

157 2152 159 2158 .
185 2113 326 2163 videbantur>
335 2108 471 2164 Praetoribus
484 2129 557 2165 autem
570 2117 652 2166 iudices
663 2129 787 2165 senatorum
798 2137 810 2164 e
822 2135 920 2170 numero,
932 2114 969 2174 qui
1037 2108 1047 2123 ³

186 2208 232 2235 esse
247 2208 292 2235 non
308 2189 402 2247 suspecti
414 2189 511 2247 partibus
523 2190 654 2244 viderentur,
668 2190 786 2238 audiendas
801 2190 829 2237 ad
843 2208 917 2237 causas
932 2188 970 2236 da·
1035 2183 1044 2249 J‘

153 2299 155 2302 .
186 2258 246 2309 bant.
260 2258 312 2308 Erat
326 2280 414 2320 quoque
433 2261 586 2310 centumvirale
607 2262 719 2310 iudicium.
740 2260 816 2309 Erant
828 2262 912 2309 minuta
929 2259 970 2309 alia

186 2332 265 2382 iudicia
279 2333 353 2382 multa.
368 2334 412 2383 Sed
426 2335 516 2384 niaiores
530 2336 668 2393 impresentia
683 2336 818 2393 magistratus
833 2334 918 2384 omissis
930 2333 971 2394 mi·v
1045 2332 1047 2335 ’

144 2408 173 2455 30
187 2406 277 2454 naribus
296 2426 448 2456 memoramus.
464 2408 598 2456 absolvendi
613 2410 673 2456 enim
683 2409 725 2456 hoc
735 2408 783 2456 loco
793 2407 880 2461 aediles,
891 2426 969 2464 quaes·

152 2502 156 2505 ·
186 2490 250 2531 tores,
263 2479 345 2527 tribuni
358 2493 446 2528 restant.
461 2479 716 2538 Deindepoetarumad
730 2481 791 2534 vitas,
807 2480 840 2527 uti
859 2492 892 2527 est
909 2479 975 2537 prin-'

186 2551 254 2608 cipale
267 2553 410 2609 propositum,
420 2558 451 2600 'ex
465 2554 541 2601 ordine
554 2567 693 2601 revertemur.

228 2623 315 2673 Aediles
330 2626 419 2683 quidem
432 2626 525 2683 publicis
538 2626 595 2674 ludis
608 2647 633 2674 ac
646 2626 736 2674 aedibus
749 2638 868 2684 praeerant.
883 2624 970 2673 Nomen

131 2721 132 2724 ’
153 2689 159 2700 ⁵
187 2703 214 2752 ab
229 2702 319 2753 aedibus
334 2701 384 2751 huic'
399 2700 532 2759 magistratui
549 2700 630 2754 datum.
647 2700 708 2758 quod
723 2699 811 2749 aedium
827 2719 870 2748 non
887 2710 972 2747 tantum
1035 2732 1043 2762 3

145 2777 173 2825 35
189 2773 297 2824 sacrarum
312 2770 500 2832 sed-privatarum
518 2774 583 2822 etiam
601 2792 675 2821 curam
694 2773 797 2821 haberent
815 2772 928 2830 facilisque
945 2770 973 2818 ad

158 2942 160 2949 ''
185 2968 210 3003 16.
224 2967 274 3009 uon.
286 2982 302 3009 p.
316 2966 339 3002 23
352 2966 372 3003 n
