2093 3253
231 183 509 217 scnreronumruausrmun
519 194 533 198 -
547 182 606 214 mem
622 183 652 213 ur.
827 169 854 213 87

114 301 209 351 Edendis
219 313 292 350 autern
302 300 325 349 in
334 299 397 354 libris¹
405 300 504 349 ordinem
513 298 638 358 temporum
647 312 668 347 et
678 297 736 357 gravi
746 310 768 346 et
778 318 855 356 magno

36 418 38 422 .
72 374 162 423 consilio
174 386 261 421 secutus
273 385 305 419 est
318 372 382 420 Maro
394 384 475 420 noster.
487 371 585 419 Primum
597 371 656 418 enim
668 370 768 419 Bucolica
780 370 855 422 edidit,

72 447 131 508 quod
142 446 210 505 primi
221 444 288 494 seculi
299 444 398 494 homines
409 457 506 494 armenta
516 457 616 494 curarent
627 463 667 492 nec
678 443 773 492 delicatis
784 463 857 492 vesce-
902 488 909 498 ,

73 536 147 572 rentur
160 520 215 569 cibis
229 520 268 569 sed
282 519 310 569 ad
324 540 387 569 esum
401 516 439 569 aut
455 518 511 569 feras
526 531 628 579 caperent
643 531 680 568 aut
695 516 778 567 fructus
794 516 857 567 arbo·
881 548 884 550 -

47 599 59 649 5
74 616 130 651 rum,
145 594 253 653 glandem,
263 613 328 652 poma
336 606 358 642 et
367 592 431 642 htrius
441 593 500 641 modi
509 592 592 652 reliqua
601 612 656 651 quae
665 605 720 641 terra
729 592 858 653 produceret

73 670 130 716 ultro
139 667 271 725 colligerent.
282 665 369 715 Deinde
378 664 485 723 Georgica
495 657 587 723 scripsit,
598 664 658 722 quod
667 664 805 722 proscindere
814 677 858 712 ter·

74 761 124 791 ram
130 752 201 789 aratro
212 748 363 799 serereque'ac
374 750 450 798 putare
462 739 530 787 vitem
541 738 647 787 industria
659 737 773 787 hominum
784 750 858 797 postea

74 815 157 864 didicit.
178 813 290 862 Postremo
309 826 382 863 autem
402 812 483 871 cupido
499 812 593 875 habendi
607 830 669 869 agros
689 813 788 861 excitavit
803 811 858 861 bella

75 906 130 944 quae
137 885 202 933 urbes
210 905 235 932 ac
243 903 308 941 regna
316 885 452 932 subvertunt.
461 884 520 931 Hinc
528 885 587 931 enim
592 884 633 930 sihi
642 882 859 943 scribereAeneidam

37 962 61 1011 10
75 960 160 1008 animus
174 957 287 1017 persuasit.
716 953 717 956 ¹
744 1017 746 1021 ι

116 1031 198 1080 Verum
213 1030 322 1079 cremandi
334 1030 405 1089 operis
417 1029 490 1084 huius,
498 1042 523 1078 ut
530 1030 574 1078 vita
584 1030 681 1085 excessit,
690 1050 768 1096 magna
775 1030 860 1088 discep-

74 1104 127 1151 tatio
141 1114 215 1150 exorta
228 1114 268 1150 est.
287 1101 343 1149 Rem
356 1121 443 1159 nanque
457 1102 480 1148 in
494 1101 554 1148 litem
567 1121 592 1148 ac
610 1097 731 1159 pericullrm
744 1102 808 1148 traxit
826 1121 859 1148 re-

2 1167 3 1170 *
76 1174 171 1223 cordatio
180 1173 297 1223 voluntatis
306 1193 364 1229 suae,
374 1173 435 1233 quod
444 1172 583 1233 proficiscens
592 1174 615 1221 in
624 1171 745 1228 Graeciam,
755 1174 816 1233 quasi
825 1172 860 1223 lu-

75 1249 117 1297 turi
131 1248 182 1296 mali
194 1266 307 1306 presagam
320 1243 630 1302 mentemshaheret,'Varrum
643 1247 785 1296 obstrinxerat
797 1265 861 1306 prece
932 1258 933 1261 ’

38 1323 62 1371 15
77 1318 109 1375 ut,
124 1321 142 1368 si
158 1321 212 1378 quid
225 1321 309 1369 adversi
326 1340 392 1378 opere
408 1342 453 1368 non
470 1319 573 1369 delimato
589 1319 702 1374 accideret,
719 1320 750 1374 id,
767 1343 795 1370 ne
812 1321 860 1379 quis

78 1394 150 1442 minus
165 1405 281 1451 purgatum
299 1391 394 1448 haberet,
412 1392 458 1451 igni
476 1390 613 1441 combureret
630 1411 725 1450 prorsus.
744 1391 861 1441 Facturum

76 1478 156 1515 tamen.
171 1485 194 1513 se
216 1465 239 1514 id
261 1478 375 1524 negaverat
395 1464 484 1514 Varrus.
506 1464 684 1514 Contentionem·
697 1465 752 1513 hanc
775 1466 862 1514 diremit
931 1529 933 1532 ι
985 1489 987 1492 ’

77 1539 163 1587 Caesar.
180 1538 264 1587 Servari
281 1558 368 1597 nanque
383 1538 445 1587 iussit
461 1558 517 1596 opus
534 1538 688 1597 emendarique
704 1538 743 1586 hac
759 1537 812 1596 lege,
829 1551 860 1594 ut.

79 1611 116 1674 qui
132 1610 230 1659 Maronis
245 1623 317 1659 essent
332 1609 448 1659 familiares
462 1631 487 1658 ac
497 1620 573 1668 poetae
582 1610 648 1665 docti,
658 1610 738 1659 Varrus
754 1624 775 1659 et
787 1609 862 1659 Tucca

38 1684 66 1732 20
80 1679 133 1732 nihil
144 1683 255 1739 adderent,
265 1683 394 1732 abraderent
404 1676 470 1733 modo
481 1685 498 1732 si
510 1702 609 1743 quaesse
619 1683 728 1742 superflua
735 1684 863 1733 iudicarent.

78 1757 125 1806 Hac
139 1758 167 1806 de
178 1777 202 1806 re
210 1755 307 1816 Sulpicii,
319 1757 494 1815 Carthaginensis
504 1771 587 1816 poetae,
598 1770 649 1806 sunt
659 1778 733 1807 versus
743 1758 786 1807 isti:
799 1776 808 1800 <r
815 1758 863 1807 lus·

79 1828 201 1880 serathaec
216 1830 296 1889 rapidis
311 1830 392 1879 aboleri
407 1831 502 1880 carmina
517 1830 610 1880 flammis
620 1830 729 1890 Virgilius,
745 1830 864 1892 Phrygium

80 1924 135 1961 quae
149 1903 246 1951 cecinere
255 1903 341 1952 ducem.
351 1903 426 1953 Tucca
435 1917 492 1951 vetat
502 1903 626 1962 Varrusque
635 1904 707 1953 simul.
717 1903 761 1958 Tu,
772 1905 864 1953 maxime

80 1972 165 2032 Caesar,
180 1996 224 2024 non
239 1976 291 2023 sinis
310 1990 332 2024 et
352 1976 425 2024 Latiae
445 1975 540 2024 consulis
560 1975 667 2025 historiae.
686 1975 762 2025 Infelix
777 1977 864 2035 gemino

40 2048 66 2097 25
82 2049 159 2097 cecidit
174 2068 242 2107 prope
255 2047 374 2106 Pergamon
388 2049 439 2106 igni,
454 2062 475 2097 et
488 2067 556 2107 prope
575 2061 607 2097 est
625 2048 667 2097 alio
687 2048 753 2097 Troia
772 2062 864 2099 cremata
927 2069 929 2072 ’

80 2135 159 2178 rogo»
172 2121 231 2169 Facti
243 2139 331 2178 quoque
342 2120 450 2168 aNasone
461 2122 498 2179 qui
510 2120 616 2168 habentur
627 2121 728 2182 nonnulli*
736 2134 802 2180 atque
817 2122 865 2179 ipso

81 2193 108 2243 ah
123 2192 222 2252 Augusto
233 2213 289 2242 unus
301 2192 329 2242 de
340 2192 415 2251 viginti
427 2191 528 2242 feruntur
538 2212 619 2242 versus.—
631 2191 746 2242 Servatum
756 2193 822 2253 igitur
832 2206 866 2243 est

71 2262 136 2325 'opus
152 2268 262 2325 egregium
278 2287 401 2325 magnoque
417 2266 512 2324 periculo
528 2287 553 2315 ac
562 2262 616 2325 ipso
631 2267 731 2316 incendio
743 2267 865 2318 liberatum.

83 2340 190 2388 Additum
204 2357 255 2387 vero
269 2339 323 2387 nihil
336 2352 368 2387 est
381 2358 475 2397 usquam
488 2359 533 2394 nec
542 2339 631 2398 quidem
644 2340 682 2398 qui
695 2339 801 2387 dimidiati
814 2353 866 2388 sunt
885 2389 886 2392 ,

42 2410 70 2458 30
84 2431 158 2460 versus
167 2410 196 2459 ab
206 2411 239 2459 his
249 2411 287 2470 qui
298 2411 444 2467 emendarent,
455 2410 529 2460 Tucca
539 2405 866 2470 avano,*complatDempti

82 2505 133 2534 vero
148 2506 160 2534 e
174 2485 281 2544 principio
296 2484 425 2543 libriprimi
440 2498 542 2544 quattuor
556 2486 591 2533 isti
606 2504 686 2540 versus,
702 2502 711 2526 <t
721 2484 759 2533 Ille
773 2506 813 2545 ego
828 2486 866 2545 qui

84 2558 195 2616 quondam
210 2558 281 2616 gracili
294 2552 417 2606 modulatus
428 2578 495 2606 avena
507 2577 593 2606 carmen
605 2570 625 2605 et
637 2577 733 2616 egressus
745 2557 803 2607 silvis
814 2559 867 2607 vici-

80 2845 107 2881 21.
121 2844 182 2880 Donat.
196 2845 229 2881 Vir.
243 2844 290 2887 Verg.
303 2826 318 2879 v.
335 2843 406 2880 14ῗιΒῐ.
456 2844 484 2879 26.
496 2844 584 2886 Baehrens,
598 2846 617 2881 P.
634 2846 653 2883 L.
665 2846 692 2881 M.
711 2845 739 2888 lV,
756 2861 771 2882 c.
791 2846 822 2883 185
840 2847 869 2891 (ct.
920 2849 922 2852 ’

44 2901 137 2947 Sahbadini‚
150 2919 177 2948 op.
190 2905 223 2947 cit.¹
236 2920 253 2948 p.
266 2903 314 2948 260).
364 2903 392 2939 27.
405 2903 493 2945 Baehrens,
506 2905 525 2941 P.
539 2905 558 2942 L.
571 2905 598 2941 M.
612 2905 639 2942 lV.
653 2922 667 2942 c.
682 2906 714 2944 ld3
731 2906 760 2951 (cl.
773 2906 869 2946 Sabbadini.

44 2961 90 3010 ibid.)
