2093 3253
465 176 561 209 srcconrs
578 154 696 207 commoni

254 292 299 341 Sed
313 292 412 352 quisquis
426 290 491 339 luerit
506 309 579 339 rerum
594 287 701 348 spectator
718 285 810 348 primus,
826 287 947 340 ittudssatis
964 303 996 339 est

213 364 275 414 lacile
289 365 380 419 creditu,
393 365 453 423 quod
465 365 509 413 veri
522 364 577 412 banc
590 365 728 422 perquirendi
741 366 805 418 viam,
818 365 863 413 sive
874 365 939 412 unius
951 365 996 411 sive

214 438 310 497 plurium
324 437 396 487 studio
411 450 432 485 et
447 436 557 494 diligentia
568 435 704 495 patefactam,
716 437 751 486 alii
763 449 838 494 postea
848 440 914 494 atque
925 436 960 484 alii
971 455 997 483 ac

189 586 200 633 5
217 585 289 632 minus
303 584 385 642 integre
399 582 538 641 accepissent,
555 601 579 630 ea
594 593 670 640 suapte
685 583 772 641 ingenio
788 594 810 631 et
824 593 905 641 quanta
920 594 999 641 potue·
1039 623 1047 641 Α

215 670 266 706 runt
280 657 369 711 ratione,
383 654 508 710 subtilitate,
522 654 595 704 studio
607 655 739 714 ampliarunt
751 667 876 714 certamque
889 655 917 704 ad
930 669 998 705 artem

216 741 237 777 et
251 729 362 776 scientiam
377 727 508 784 redigerunt.
519 727 592 785 Atque
603 747 631 774 ne
642 727 737 785 perirent
748 725 857 775 oblivione
867 746 923 784 quae
933 729 998 776 tantis
1018 746 1020 750 ’

216 813 288 849 essent
302 821 314 849 a
328 800 378 850 viris
397 812 500 859 tantaque
519 818 570 848 cum
585 799 700 859 vigilantia,
717 798 796 856 labore,
811 799 884 849 studio
899 800 999 858 cogitata,

217 895 242 923 ea
255 875 390 924 tradiderunt
403 873 486 928 litteris,
500 893 555 931 quae
567 873 675 927 inventae,
688 886 713 922 ut
725 873 778 929 dixi,
791 873 907 923 memoriae
919 876 1000 933 praesi-

179 948 205 997 lss
220 948 256 996 dio
271 960 292 996 et
306 947 416 996 custodiae
430 966 494 994 causa
505 958 583 994 essent.
594 945 678 994 Eodem
689 966 777 1005 quoque
788 947 879 1004 vestigio
889 967 943 1005 quas
955 967 1001 996 me·
1046 964 1047 996 1

147 1060 149 1063 ,
219 1019 299 1068 moravi
315 1017 412 1068 liberales
426 1031 483 1066 artes
497 1030 563 1077 atque
578 1017 695 1073 doctrinae,
710 1018 771 1076 quasi
786 1018 910 1067 adiumenta
924 1019 953 1067 ad
968 1039 1001 1068 res
1045 1051 1046 1054 =

219 1094 269 1141 istas
284 1091 433 1151 percipiendas
457 1090 641 1150 exornandasque,
665 1090 752 1140 additae
775 1110 800 1140 ac
824 1092 904 1141 sensim
927 1106 1002 1152 postea

220 1166 339 1214 multorum
353 1165 447 1223 ingenio,
458 1182 516 1218 cura,
528 1163 608 1218 studio,
620 1165 652 1212 uti
663 1176 714 1212 sunt
725 1164 870 1223 impressam,
881 1164 1003 1217 delimatae.

219 1238 369 1286 Admiratione
375 1237 441 1296 igitur
447 1237 507 1294 apud
514 1248 588 1294 gentes
595 1237 693 1293 primum
699 1248 732 1283 est
739 1235 885 1294 philosophari
893 1250 1003 1296 coeptum.

182 1311 207 1361 15
223 1309 283 1369 quod
297 1321 373 1359 natura
387 1305 480 1375 hominis
495 1320 582 1366 appetat
600 1309 654 1356 scire
672 1320 738 1367 atque
756 1321 804 1356 turn
821 1311 934 1368 presertim
953 1331 1004 1361 curn

221 1395 253 1431 est
267 1403 334 1431 vacua
348 1382 405 1431 curis
421 1381 537 1430 meditetur
556 1400 581 1429 ac
601 1381 716 1438 investiget
734 1382 839 1439 undique,
858 1393 884 1430 ut
902 1404 958 1441 quae
977 1385 1005 1433 sit

222 1474 272 1504 vera
286 1473 349 1503 causa
363 1466 472 1501 tantarum
483 1471 557 1501 rerum
568 1452 670 1507 inveniat,
682 1453 926 1510 cognoscat‚‘sciat.=sed
934 1455 1005 1503 inves·

223 1528 289 1586 tigare
311 1545 366 1586 quae
385 1525 427 1576 alta
438 1537 489 1574 sunt
499 1525 591 1573 nimium
602 1544 653 1573 curn
664 1524 783 1575 niterentur
793 1524 879 1582 frustra,
891 1540 912 1576 et
923 1528 957 1577 alii
968 1548 1006 1578 ve-

224 1621 273 1650 rurn
288 1620 334 1650 esse
348 1599 406 1649 aliud
421 1600 572 1654 coniectarent,
591 1620 617 1647 eo
636 1598 696 1648 ducti
715 1612 766 1648 sunt
785 1600 924 1658 opinionibus
942 1603 1006 1651 variis

182 1676 212 1724 20
226 1694 251 1723 ac
264 1694 327 1731 saepe
339 1674 399 1722 vanis
412 1685 437 1720 ut
450 1672 573 1720 aberrarent
585 1670 696 1720 interdum
709 1673 808 1720 maximis
820 1673 843 1720 in
857 1672 929 1728 rebus,
941 1686 1008 1733 atque

225 1749 254 1793 ita
268 1746 391 1793 aberrarent
398 1757 430 1798 ut,
438 1764 490 1791 cum
497 1763 573 1792 verum
581 1744 678 1792 invenire
685 1745 745 1792 omni
754 1744 894 1792 meditatione
900 1758 1008 1802 curarent,

226 1820 352 1871 niterentur,
366 1815 485 1871 studerent,
502 1828 550 1864 tum
567 1814 621 1865 nihil
638 1817 710 1865 minus
727 1831 794 1874 'quarn
810 1834 860 1865 vere
876 1818 937 1876 quod
953 1832 1009 1881 esset

213 1896 214 1899 ’
226 1911 309 1945 verum,
317 1891 349 1938 uti
358 1901 492 1948 quaererent,
503 1889 631 1938 invenirent.
642 1888 736 1938 Proinde
746 1889 854 1938 mundum
864 1889 930 1950 aliqui
940 1903 1009 1941 aeter¹

228 1984 281 2011 num
295 1983 348 2016 esse,
364 1962 453 2020 quidam
467 1973 517 2019 post
531 1961 622 2018 longum
632 1961 697 2009 chaos
708 1961 742 2010 dei
756 1980 822 2010 manu
833 1962 915 2010 lactum
925 1974 1010 2022 putant.

186 2036 214 2086 25
230 2035 303 2085 Solem
313 2053 362 2095 pars
372 2046 457 2084 tantum
467 2055 514 2083 esse
524 2032 590 2083 modo
601 2047 694 2093 quantus
705 2034 791 2083 videtur
800 2036 882 2093 opinati
892 2049 951 2091 sunt,
961 2056 1011 2096 pars

230 2109 303 2157 multis
314 2129 365 2157 eum
376 2107 473 2167 partibus
485 2107 588 2156 maiorem
599 2127 666 2167 quam
677 2108 705 2156 sit
716 2107 769 2156 haec
779 2109 850 2157 omnis
861 2120 917 2158 terra
928 2110 1012 2159 dicunt.

231 2183 274 2231 Hic
288 2182 362 2232 lunam
376 2181 488 2240 globosam
502 2201 556 2235 esse,
573 2201 689 2229 concavam
705 2181 741 2229 ille
756 2182 867 2230 iudicavit.
884 2182 960 2232 Stellas
976 2184 1013 2233 isti

231 2255 289 2304 caelo
303 2253 418 2304 adhaerere
427 2266 492 2313 atque
501 2254 577 2302 infixas
587 2274 640 2308 esse,
651 2254 673 2303 hi
683 2272 747 2303 eursu
757 2254 825 2303 libero
834 2254 885 2303 ferri
894 2274 933 2315 per
942 2274 1014 2306 aerem

232 2330 388 2377 coniectamnt.
404 2326 496 2375 Caelum
506 2325 567 2375 alteri
583 2328 683 2385 quietum
693 2346 739 2376 esse
749 2339 815 2385 atque
824 2327 943 2384 immobile,
954 2329 1014 2378 alteri

190 2402 219 2451 30
234 2401 341 2450 celeritate
351 2398 472 2448 incredibili
483 2398 539 2447 volvi
550 2399 649 2448 credunt.
660 2399 783 2447 Hominum
792 2413 866 2448 autern
876 2401 1015 2450 morientium

232 2475 315 2522 animas
332 2473 421 2532 quidam
437 2472 524 2520 interire
541 2492 592 2521 cum
608 2490 705 2530 corpore,
722 2471 789 2531 aliqui
805 2493 841 2521 eas
857 2475 929 2522 vivere
945 2476 1016 2533 posito

232 2547 299 2596 etiam
310 2564 400 2605 corpore
411 2543 516 2593 scribunt.
529 2544 718 2604 Horumquoque'
727 2550 801 2594 exutas
813 2546 903 2605 corpore
913 2546 949 2596 alii
961 2546 1017 2596 Tar-

201 2664 203 2666 .
234 2633 281 2669 taro
292 2619 391 2677 immergi
403 2637 498 2678 prorsus;
510 2618 607 2676 quidam,
619 2619 636 2665 si
648 2630 706 2666 recte
717 2619 829 2673 vixissent,
839 2617 889 2667 lerri
900 2620 923 2667 in
934 2620 1018 2669 caelum

235 2693 263 2740 ad
277 2692 337 2740 sidus
347 2712 418 2756 suum,
429 2691 462 2739 sin
472 2690 530 2749 turpi
541 2703 612 2739 essent
621 2690 665 2739 vita
674 2692 715 2746 usi,
725 2704 763 2739 aut
772 2691 851 2740 deferri
860 2691 888 2740 ad
898 2712 972 2743 manes
981 2706 1019 2743 aut

194 2766 222 2816 35
237 2786 303 2814 novas
313 2765 336 2813 in
347 2764 427 2814 formas
437 2764 563 2813 animalium
573 2763 625 2822 (heu
636 2765 742 2813 sententia
752 2764 835 2822 stultal)
846 2765 923 2814 mutari
934 2780 1020 2825 putant.

196 2882 338 2890 .-....--—--·-—

236 2948 269 2994 32.
282 2946 314 2992 alii
329 2953 346 2995 i,
357 2964 381 2997 r.;
396 2955 438 2990 erat
452 2945 551 2999 plurique.
