2093 3253
122 148 149 195 94
421 161 514 193 sicconis
529 161 648 192 roaauronr

165 275 280 330 frueretur,
296 275 384 323 donavit
399 274 502 322 Mecenas
514 274 602 333 praedio
614 274 637 322 iu
649 273 743 323 Sabinis.
756 274 887 325 Octavianus
900 296 951 325 vero

166 350 246 408 ipsum,
262 370 313 398 cum
328 347 424 397 Antonio
440 346 521 396 interea
537 360 623 397 mortuo
639 347 754 406 imperaret
769 348 827 397 solus
843 370 869 398 ac
884 350 951 399 libera

166 423 274 472 frueretur
288 442 347 480 pace,
362 438 409 470 una
424 432 490 479 atque
509 419 575 469 altera
595 420 722 468 liberalitate
743 421 826 470 ditavit.
848 422 951 471 Mecenas

158 495 257 553 'quidem
270 495 330 553 apud
345 494 466 548 Caesarem
481 492 588 549 Horatius·
597 512 648 542 vero
661 493 721 552 apud
734 493 872 543 Mecenatem
885 496 951 554 gratia

140 570 154 617 5
169 581 191 617 et
205 568 349 616 benivolentia
364 587 454 626 magnus
469 579 521 616 eran
537 567 609 622 Quam
623 579 704 615 amaret
718 566 834 615 Horatium
849 567 952 617 Mecenas

167 640 288 698 scriptaad
303 660 354 689 eum
375 638 465 696 epistola
486 639 519 686 his
540 637 642 696 patefecit
662 638 741 686 verbis:
763 656 772 679 r<
780 638 810 686 Ni
825 652 847 687 te
856 656 866 680 J>
881 641 953 699 inquit

168 712 271 762 Mecenas
283 711 418 762 «visceribus
430 712 491 767 meis,
504 710 587 766 Horati,
600 711 649 771 plus
660 712 734 771 diligo,
746 724 770 761 tu
781 724 845 761 tuum
856 713 952 763 sodalem
1020 706 1047 787 ’ᾗ

168 787 236 836 nimio
253 786 326 835 videas
344 785 518 843 strigosiorem.»
536 783 642 833 Extremis
660 798 733 833 autem
750 784 836 834 iudiciis
853 784 953 844 Augusto

145 879 146 882 ¹
169 860 262 908 moriens
273 857 434 908 commendavit
444 857 478 906 his
488 857 566 907 verbis:
575 857 680 910 «Horatii
690 858 768 913 Flacci,
779 857 864 913 Caesar,
874 871 899 908 ut
910 860 952 908 mei

130 935 155 981 10
170 945 217 980 esto
233 947 343 980 memor.»
360 931 491 979 Octavianus
508 949 559 978 vero
576 942 663 989 poetam
679 930 738 977 hunc
754 931 821 979 istum
833 930 954 980 'Horatium

168 1006 254 1065 saepius
268 1025 281 1054 a
296 1004 411 1054 Mecenate
418 1003 460 1052 sibi
468 1024 493 1052 ac
501 1004 635 1052 strictissime
643 1003 827 1059 commendatum,
836 1018 861 1053 ut
868 1006 953 1064 cognita

169 1078 211 1127 sibi
222 1078 317 1127 nominis
328 1078 361 1126 sui
373 1077 430 1127 lama
441 1090 462 1125 et
473 1078 541 1125 virtus
552 1075 600 1131 luit,
612 1077 635 1124 in
645 1078 766 1124 amicorum
776 1096 867 1126 numero
879 1077 954 1129 habuit

169 1172 209 1198 nec
217 1152 344 1199 'amiciciam
353 1170 415 1198 suam
424 1149 474 1196 tulit
483 1149 550 1197 modo
559 1140 598 1196 scil
606 1148 715 1196 affectavit
729 1149 794 1196 etiam
802 1169 828 1196 ac
841 1152 953 1208 quaesivit,

169 1223 290 1278 solicitavit,
305 1223 395 1272 curavit.
410 1221 447 1270 Ad
461 1241 509 1270 eam
523 1239 570 1270 rem
584 1234 720 1270 commotum
735 1220 850 1272 Caesarem
863 1221 900 1272 alii
914 1223 954 1272 alia

130 1298 156 1346 15
170 1315 235 1345 causa
244 1297 325 1354 opinati
335 1308 393 1345 sunt.
403 1294 505 1344 Evenisse
514 1295 537 1343 id
546 1294 653 1343 creditum
662 1308 694 1343 est
702 1315 715 1343 a
724 1294 798 1344 multis
807 1308 852 1344 arte
861 1297 955 1355 quadam

169 1369 295 1417 blandiendi
310 1381 393 1427 poetae,
402 1369 463 1425 quod
470 1369 615 1430 suspicaretur
622 1368 735 1425 Augustus
743 1367 875 1426 scripturum
882 1369 956 1426 ipsum

103 1455 105 1458 ’
170 1442 197 1490 de
212 1462 235 1490 se
249 1442 368 1500 quicquam
379 1441 440 1498 quod
450 1452 507 1488 esset
516 1440 576 1498 apud
587 1452 684 1498 posteros
695 1451 760 1498 turpe
770 1453 919 1501 perpetuoque
930 1462 955 1489 ac

170 1528 279 1565 aeternam
288 1515 334 1565 eius
343 1514 371 1564 ad
380 1512 492 1564 infamiam
500 1515 589 1563 viveret.
599 1512 648 1562 Hoc
657 1513 716 1562 enim
721 1513 792 1562 dicere
797 1513 914 1573 aliquando
919 1535 955 1563 so·

171 1588 235 1643 lebet,
247 1588 336 1636 cum'de
347 1588 418 1646 poetis
429 1601 450 1635 et
461 1587 602 1645 scriptoribus
613 1587 672 1646 apud
682 1587 764 1635 amicos
775 1587 900 1646 loqueretur
909 1588 956 1638 Au-

62 1671 64 1674 ’
129 1664 158 1712 20
169 1674 255 1720 gustus.
271 1674 345 1719 poetas
356 1674 378 1710 et
389 1661 504 1719 scriptores
516 1659 685 1722 haudquaquam
694 1671 742 1708 'esse
754 1660 889 1717 lacessendos
899 1662 958 1709 iniu-¹
999 1696 1001 1698 ·
1034 1667 1046 1703 ¹

171 1734 208 1782 riis
219 1734 258 1782 sed
269 1734 342 1792 gretia,
354 1733 443 1787 bonore,
455 1733 560 1782 beneficio
571 1731 599 1781 ad
610 1732 778 1780 benivolentiam
789 1734 918 1790 invitandos,
930 1753 958 1783 ne
1002 1762 1004 1765 >
1035 1739 1037 1748 ³

171 1807 225 1867 quid
240 1806 334 1862 obscuri,
345 1806 463 1861 criminosi,
475 1804 576 1854 infamiae
587 1805 615 1855 ad
626 1818 724 1864 posteros
735 1818 864 1855 memorent.'
875 1805 958 1856 Eorum
1038 1810 1042 1817 ⁴

171 1880 262 1938 quidem
276 1880 299 1927 in
314 1899 380 1926 manu
392 1897 460 1937 quam
473 1879 573 1936 princeps
591 1878 680 1925 liaberet
697 1879 790 1937 quisque
807 1878 867 1937 apud
883 1892 957 1938 poste-

172 1971 207 2001 ros
222 1965 244 2000 et
258 1951 339 2001 bonam
356 1964 377 2001 et
394 1950 473 2000 malam
490 1949 570 1999 lamam
587 1972 634 1999 esse
651 1950 744 2000 dicebat.
763 1950 850 2000 Metum
867 1972 955 2012 quoque

131 2026 159 2075 25
174 2025 266 2084 augebat
280 2025 379 2084 Augusto
400 2045 455 2083 quae
475 2025 538 2073 insita
559 2024 694 2083 principibus
714 2024 769 2072 solet
789 2045 835 2073 esse
855 2026 965 2084 auspicia·

173 2097 233 2155 quod
248 2116 294 2144 esse
308 2095 407 2145 factionis
418 2095 520 2161 adversae
530 2116 555 2144 ac
566 2096 668 2159 inimicus
679 2095 778 2145 Caesarei
790 2097 886 2146 nominis
895 2110 958 2156 puta*

172 2182 239 2218 retur.
248 2169 363 2217 Adversas
378 2167 527 2227 quidemerat
542 2165 643 2217 factionis
657 2168 768 2217 Horatius.
783 2167 842 2217 Nam
861 2181 884 2217 et'
896 2169 957 2229 Bruti

172 2242 243 2290 tuerat
257 2242 339 2289 amicus
351 2254 373 2289 et
384 2241 442 2289 bello
454 2241 587 2299 Philippensi
599 2254 670 2300 partes
682 2241 739 2290 illius
752 2255 840 2299 secutus>
850 2255 902 2291 erat.
915 2242 959 2290 Ur·

173 2314 236 2372 gebat
246 2315 303 2363 item
318 2312 433 2362 Caesarem
442 2313 503 2372 quod
512 2313 639 2371 intelligeret
648 2326 735 2372 poetam
745 2314 803 2363 bunc
812 2315 959 2363 inscribendo

131 2387 161 2435 30
175 2400 272 2445 satyrum
285 2407 311 2434 ac
325 2387 457 2434 virulentum
472 2405 525 2435 esse.
541 2385 630 2445 Quippe
644 2399 728 2444 satyrus
744 2400 796 2442 erat;
811 2388 883 2436 verbis
897 2406 961 2446 asper

173 2472 227 2515 erat;
246 2460 350 2509 vitiorum
366 2459 434 2508 durus
451 2459 593 2517 reprehensor
609 2472 654 2508 erat
671 2458 782 2508 Horatius.
801 2459 865 2509 ‚Haec
881 2474 961 2520 negant

174 2532 264 2592 quidam
278 2532 317 2581 sed
331 2532 402 2582 verius
418 2551 465 2596 esse
479 2532 607 2580 coniecturis
623 2545 701 2591 putant
716 2533 837 2592 principem
847 2533 960 2593 haudqua-

174 2607 311 2664 quammala
323 2606 446 2665 suspicione
460 2605 504 2654 ulla
517 2606 555 2654 sed
568 2625 611 2664 qua
626 2607 772 2656 consuevisset
788 2607 811 2654 in
826 2620 920 2655 caeteros
936 2629 961 2655 ac

169 2778 185 2814 6.
198 2775 247 2820 Apud
260 2778 305 2815 Suet.
319 2778 353 2815 Vr't.
365 2780 423 2817 Horat.
473 2778 488 2814 9.
502 2777 544 2815 ibid,

176 2932 205 2978 l5.
221 2932 288 2979 multis
302 2941 315 2978 ι’.
330 2953 352 2984 ν.;
367 2942 410 2979 erat
424 2931 527 2986 plurisque
540 2938 581 2977 sine
595 2932 658 2977 dubio.
714 2932 746 2977 25.
759 2934 851 2988 Augusto
864 2952 910 2980 sscr.
