2093 3253
259 99 388 131 SCRIPTOIIUM
403 99 529 130 ILLUSTIIIUM
543 108 556 117 “·
570 99 628 130 LIBER
642 99 687 130 XIII.
836 87 882 132 367

99 238 126 265 ne
141 217 173 264 vis
187 216 305 271 ficretulli‚
320 217 425 273 praesidia
434 215 559 269 collocaret.
574 216 668 264 Causam
679 216 721 273 egit
732 229 757 263 ut
768 215 884 264 Millonem

99 288 224 348 detenderet
237 289 297 346 apud
311 289 393 336 iudices
406 288 491 336 Cicero.
504 289 621 337 Enimvero
633 288 740 338 fatebatur
752 289 833 337 crimen
845 289 884 336 sed

98 363 127 410 ita
142 360 279 420 retorquebat
295 360 355 420 quod
369 361 416 409 iure
431 361 513 409 occisus
528 360 619 411 Clodius
634 361 750 410 videretur.
767 359 838 409 Huius
853 361 883 408 rei

100 458 166 497 quam
181 435 267 494 reliquit
278 437 380 494 scriptam
391 435 459 483 oratio
470 452 478 474 t(
487 435 532 484 Etsi
544 455 617 484 vereor
628 453 636 476 >³
647 436 708 493 testis
719 449 783 484 extat.
794 434 823 482 At
833 454 884 482 vero

73 507 165 559 §Mitto
190 508 304 561 damnatus
328 508 416 554 tandem
443 507 563 555 Massiliam
583 509 606 555 in
628 501 716 556 exilium
741 507 801 561 abiit;
828 506 883 553 bona

99 581 145 628 eius
160 580 188 628 ob
203 599 226 627 es
243 579 338 628 alienum
352 579 490 628 venumdata.
511 580 582 628 Clodii
602 600 681 639 corpus
700 580 763 638 plebs
774 579 885 642 ,cremavit

100 655 203 717 incuria.

143 726 242 774 Ciceroni
257 739 330 774 autem
345 727 423 774 deinde
436 738 457 774 et
471 728 538 774 tutior
551 727 579 774 ab
593 728 685 776 inimicis
700 740 720 774 et
734 727 827 785 quietior
840 727 884 774 vita

101 798 149 848 luit.
165 798 253 858 Quippe
264 812 372 848 certamen
383 819 453 847 unum
464 799 530 847 modo
541 798 607 858 idque
618 798 688 848 verbis
700 799 773 858 potius
784 818 851 857 quam
861 817 884 846 re

63 876 88 924 10
104 892 207 929 magnum
221 891 272 920 cum
286 871 363 920 Pisone
376 885 397 920 et
409 871 504 921 Gabinio
517 872 598 921 habuit.
612 872 698 921 Horum
710 892 796 931 nanque
808 870 884 919 Cicero

102 945 124 991 in
139 964 163 992 se
175 944 330 997 crudelitatem,
340 945 470 1001 superbiam,
479 945 593 991 avariciam
605 958 627 991 et
639 946 662 992 in
675 946 771 992 oratione
784 960 792 982 ί(
801 944 824 991 Si
836 944 884 1001 quis

102 1028 204 1070 vestrum,
215 1031 224 1054 r>
236 1036 302 1073 quam
314 1017 337 1063 in
349 1029 424 1073 senatu
437 1015 464 1062 de
476 1015 590 1063 sortiendis
602 1015 725 1073 provinciis,
738 1028 762 1063 ut
775 1015 827 1068 dixi,
839 1014 884 1062 Gn.

103 1087 196 1136 Lentulo
211 1100 232 1135 et
248 1087 273 1136 L.
285 1087 386 1147 Philippo
396 1086 522 1136 consulibus
533 1086 615 1143 habuit,
627 1102 650 1136 et
659 1087 710 1136 alias
721 1108 784 1147 saepe
794 1108 820 1135 ac
830 1109 885 1147 quo-

102 1162 157 1208 tiens
166 1174 203 1209 aut
213 1162 236 1208 in
245 1175 321 1209 senatu
330 1174 367 1209 aut
376 1162 399 1208 in
408 1161 512 1209 concione
521 1161 562 1209 sibi
573 1161 658 1209 dicendi
676 1161 704 1214 de
713 1161 754 1208 iIIis
764 1173 786 1208 et
795 1160 854 1208 Iocus
864 1174 885 1208 et

64 1234 88 1282 15
104 1245 190 1290 tempus
205 1230 246 1280 luit
260 1232 377 1291 asperrime
392 1232 505 1288 accusavit,
520 1232 579 1291 quod
595 1224 691 1280 scelerali
706 1231 804 1285 consules
820 1252 886 1290 quem

103 1319 124 1353 et
138 1306 194 1354 tueri
209 1305 334 1354 debuissent
345 1318 366 1353 et
377 1306 467 1354 liberare
478 1306 598 1363 potuissent
610 1328 654 1354 non
666 1306 809 1354 deseruissent
820 1306 886 1353 modo

104 1377 142 1424 sed
156 1377 268 1431 voluntati,
284 1377 380 1431 arbitrio,
397 1376 464 1425 furori
481 1377 552 1425 Clodii
569 1378 695 1426 violandum
711 1371 776 1426 etiam
792 1376 885 1425 lacerari·

63 1504 64 1507 Ἴ
104 1449 200 1507 dumque
210 1449 326 1498 dedissent.
336 1449 406 1507 Aegre
416 1449 505 1509 quidem
514 1448 596 1497 ferebat
606 1449 683 1498 Cicero
693 1450 820 1498 memoriam
828 1448 885 1496 exilii
906 1474 908 1479 ·

104 1534 125 1569 et
139 1521 265 1570 calamitatis
279 1543 336 1576 suae,
352 1522 465 1581 presertim
479 1523 539 1581 quod
553 1521 635 1571 videret
650 1521 697 1571 illos
711 1535 784 1571 tenere
798 1521 886 1580 provin-

63 1595 91 1642 20
105 1595 148 1642 cias
163 1614 216 1653 quas
232 1594 353 1653 depellendi
362 1595 408 1644 eius
416 1596 482 1654 gratia
490 1596 522 1644 uti
530 1596 638 1654 premium
646 1617 659 1644 a
667 1595 746 1644 Clodio
754 1594 886 1650 habuissent.

103 1667 225 1716 Provincias
233 1686 283 1716 vero
291 1670 320 1717 ita
328 1681 388 1716 erant
396 1669 426 1716 iIIi
434 1669 506 1726 partiti
514 1669 575 1727 quod
582 1668 729 1726 proconsulari
737 1668 827 1726 imperio
836 1668 885 1715 Ma·

104 1739 217 1787 cedoniam
230 1739 287 1794 Piso,
303 1740 388 1797 Syriam
413 1740 521 1788 Gabinius
547 1740 666 1789 obtinebat.
692 1740 794 1798 Denique
819 1740 886 1788 tacuit

104 1832 223 1871 nunquam,
239 1811 320 1871 quievit
331 1832 444 1871 nunquam
455 1811 531 1861 Cicero
542 1813 615 1870 quoad
625 1812 655 1861 illi
667 1831 705 1870 per
711 1833 819 1861 summam
824 1813 885 1870 igno·

104 1884 193 1933 miniam
208 1884 259 1943 ipsis
272 1905 284 1933 e
297 1884 412 1944 provinciis
425 1898 475 1933 ante
487 1897 573 1944 tempus
586 1886 678 1935 revocati
691 1898 713 1934 et
726 1886 851 1944 magistratu
864 1906 886 1933 se

64 1956 89 2003 25
105 1955 205 2005 abdicare
217 1957 286 2005 coacti
300 1970 359 2005 sunt.
819 1972 820 1975 ’

128 2050 129 2053 “
146 2029 206 2076 Prior
220 2041 293 2077 autem
307 2030 406 2083 Romam,
419 2030 479 2087 quod
492 2030 564 2077 Italiae
576 2030 705 2078 Macedonia
718 2031 745 2077 sit
756 2030 886 2088 propinqua,

104 2100 163 2148 venit
177 2100 233 2148 Piso.
248 2100 268 2148 Is
280 2101 383 2159 Pompeio
396 2114 416 2148 et
429 2100 507 2148 Crasso
518 2100 644 2158 consulibus
662 2101 783 2150 detractum
799 2121 822 2149 se
838 2114 887 2148 ante

104 2185 190 2232 tempus
205 2193 269 2222 suae
284 2174 394 2233 provincia
412 2188 477 2232 atque
496 2175 523 2223 de
542 2174 648 2223 Cicerone
666 2176 727 2233 quod
745 2196 797 2224 eum
814 2176 887 2223 crimi-

105 2248 177 2294 nando
191 2260 302 2307 tantopere
315 2249 455 2295 insectaretur
467 2248 606 2295 vehementer
619 2250 642 2295 in
647 2262 731 2296 :senatu
743 2256 887 2305 conquaestus

63 2316 92 2365 30
106 2332 145 2367 est.
161 2318 310 2369 Contumeliae
325 2319 415 2378 quidem
429 2318 530 2369 ferendae
546 2320 660 2379 impatiens
672 2333 721 2377 'erat
732 2321 794 2373 Piso.
813 2320 888 2379 Ipsum

105 2412 192 2451 quoque
206 2391 303 2441 Caesaris
317 2391 414 2448 felicitas,
430 2393 490 2452 quod
504 2393 561 2441 illius
576 2413 636 2441 socer
650 2407 713 2448 esset,
728 2394 817 2443 inflabat
831 2393 888 2442 mul-

104 2476 159 2511 tum.
174 2463 242 2513 Nullo
251 2464 309 2513 enim
319 2477 382 2524 pacto
392 2465 446 2513 hanc
456 2485 519 2523 posse
528 2465 573 2523 pati
583 2466 684 2514 iniuriam
693 2466 814 2515 videbatur.
824 2465 887 2514 Cice-

101 2553 180 2594 ronem
194 2548 267 2584 autem
281 2556 308 2584 ne
332 2537 471 2594 responderet
495 2557 566 2595 neque
590 2536 687 2584 Caesaris
711 2537 829 2586 reverentia
849 2557 889 2584 nec

104 2605 187 2654 Pisonis
202 2608 309 2665 presentia
317 2608 394 2655 tenuit.
403 2608 487 2655 Acerbe
495 2608 585 2667 quidem
593 2609 616 2655 in
625 2628 676 2662 eum
684 2628 724 2656 nec
732 2609 804 2656 minus
812 2609 889 2656 acerbe

63 2676 91 2726 35
106 2677 129 2726 in
143 2692 266 2737 presentem
281 2680 357 2730 Cicero
371 2701 438 2739 quam
452 2680 474 2729 in
488 2680 600 2730 absentem
614 2681 711 2730 invectus
725 2695 765 2730 est.
780 2682 889 2730 Memorat

65 2794 207 2804 Ἢ

103 2859 136 2904 21.
152 2860 178 2905 iIIi
193 2861 237 2906 sscr.
