2093 3253
249 177 378 210 sculptorum
392 177 515 209 ILLUSTRIUM
528 190 542 195 -
556 177 614 208 LIBER
627 159 680 208 xlm.
834 163 873 208 387

90 308 157 343 tatem
171 294 204 342 vel
219 293 309 351 arripuit
324 293 357 341 vel
372 294 496 351 assumpsit.
511 293 543 341 Ex
557 293 612 341 urbe
626 306 699 340 autem
719 291 828 348 rescripsit
847 292 875 339 ad

90 366 219 416 Ciceronem
233 385 256 414 se
270 378 291 415 et
307 365 412 425 optimam
426 365 448 414 in
464 379 547 425 partem
556 365 658 425 ‘accipere
672 377 694 414 et
708 364 749 413 sibi
765 363 875 422 ignoscere

91 440 151 499 quod
165 460 239 489 secum
250 440 343 489 Romam
353 461 397 489 non
408 440 488 488 ivisset.
500 440 591 489 Litteras
603 459 691 498 quoque
701 440 729 488 ad
740 459 791 488 eum
801 452 875 499 postea

91 513 149 560 misit
164 513 244 570 quibus
258 526 382 570 pergratum
395 512 436 560 sibi
450 532 496 574 esse
509 525 533 560 ut
547 524 602 560 esset
615 513 638 559 in
651 512 700 559 ocio
713 511 876 569 quiesceretque

51 579 74 636 5Ἰ
92 597 157 642 atque
172 585 204 632 uti
221 597 321 642 coeperat
334 596 482 642 perseveraret
500 584 592 642 scripsit.
661 603 662 606 ¹

133 657 326 711 Ciceroniautem,
338 657 376 704 ubi
389 656 516 714 Pompeium
528 656 600 704 relicta
614 656 674 704 ltalia
685 656 793 704 traiecisse
805 656 875 714 Dyra-

92 730 166 778 chium
176 731 250 784 sensit,
263 749 329 788 quam
340 729 401 779 illum
413 730 435 777 in
447 729 505 777 diem
515 742 612 778 tenuerat
624 729 714 787 etpacis
726 729 843 778 firmandae
854 742 875 778 et

91 803 196 860 triumphi
208 803 302 851 habendi
315 824 364 861 spes
378 802 448 850 omnis
461 803 554 850 evanuit.
565 803 640 860 Ipsum
653 802 719 857 enim,
730 824 785 861 quae
798 803 875 851 soleret

94 895 224 934 quacunque
241 875 263 923 in
280 894 303 924 re
320 875 427 929 obeunda,
444 875 545 933 cogitatio
570 886 590 923 et
615 893 665 923 cura
682 875 775 929 incessit,
793 888 817 924 ut
835 875 876 924 hoc

54 950 79 999 10
94 949 207 1007 presertim
217 962 322 1007 tempore,
333 950 394 1007 quod
404 948 491 996 difficile
501 968 525 995 ac
536 947 682 1006 periculosum
692 968 738 996 esse
749 949 876 1007 perciperet,

92 1022 121 1068 ita
133 1021 254 1069 consuleret
267 1021 307 1068 sibi
320 1034 344 1069 ut
357 1021 410 1069 nihil
423 1020 501 1068 faceret
514 1022 574 1078 quod
585 1019 668 1068 lactum
680 1022 769 1069 iudicari
781 1034 818 1069 aut
830 1034 876 1069 tur-

92 1092 148 1151 piter
161 1105 199 1141 aut
213 1105 294 1142 temere
309 1092 353 1142 ullo
369 1092 427 1152 gravi
442 1091 470 1141 ab
485 1092 573 1141 homine
588 1104 609 1140 et
624 1092 670 1141 viro
686 1092 782 1151 sapiente
797 1102 876 1152 posset.

93 1164 181 1224 Quippe
196 1165 325 1214 consultatio
339 1166 390 1215 haec
403 1165 471 1214 lacilis
485 1166 654 1224 haudquaquam
667 1179 718 1237 erat,
733 1165 793 1224 quod
807 1180 877 1215 essent

92 1251 225 1294 argumenta,
237 1238 380 1293 coniecturae,
393 1239 486 1287 rationes
497 1239 607 1297 utrinque,
619 1258 675 1296 quae
683 1238 737 1286 'hinc
756 1250 780 1285 ut
792 1236 877 1298 ¹prope-

55 1309 79 1360 l5
95 1322 150 1358 raret
164 1310 193 1358 ad
207 1310 343 1368 Pompeium,
358 1311 409 1359 inde
422 1323 446 1359 ut
460 1324 579 1359 remaneret
592 1310 615 1358 in
625 1309 690 1358 'Italia
705 1310 840 1359 hortarentur
852 1312 877 1359 ac

93 1383 215 1431 suaderent.
233 1383 422 1442 Circumspicienti
439 1384 529 1442 quidem
546 1383 618 1432 omnia
635 1383 734 1432 veniebat
746 1384 793 1431 'sub
809 1384 877 1433 oculis

93 1455 147 1503 nihil
157 1476 202 1514 quo
211 1455 339 1514 intelligeret
349 1477 372 1505 se
382 1469 419 1506 aut
434 1456 562 1515 Pompeium
577 1456 638 1515 sequi
649 1455 692 1504 ulla
702 1476 753 1505 cum
762 1476 801 1514 spe
810 1456 878 1505 victo·

94 1527 137 1575 riae
151 1540 188 1576 aut
203 1533 313 1577 remanere
326 1531 348 1577 in
363 1530 423 1577 ltalia
435 1529 479 1577 ulla
491 1550 542 1577 cum
554 1530 666 1577 honestate
678 1549 749 1587 posse.
762 1528 878 1578 Enimvero

83 1600 112 1646 'si
127 1600 224 1659 Pompeii
238 1602 362 1650 recensebat
375 1603 438 1656 vires,
452 1603 556 1656 animum,
570 1601 626 1649 lacta
640 1602 681 1649 hoc
694 1602 735 1649 isto
749 1601 771 1648 in
784 1601 842 1650 bello
855 1603 878 1650 in

53 1673 81 1720 20
96 1692 141 1730 quo
155 1674 188 1721 s'ui
204 1675 298 1722 nominis
307 1674 380 1732 gloria,
390 1676 413 1723 in
422 1695 466 1733 quo
475 1675 535 1723 urbis
544 1675 625 1722 Romae
634 1674 698 1729 salus,
708 1675 731 1722 in
740 1675 784 1732 quo
792 1681 879 1723 senatus

94 1744 194 1801 dignitas,
204 1746 227 1793 in
237 1766 281 1803 quo
290 1747 320 1793 rei
330 1746 429 1804 publicae
438 1759 513 1800 status,
523 1747 599 1805 inquo
608 1746 667 1793 orbis
676 1746 738 1804 quies
746 1766 771 1793 ac
780 1747 879 1795 omnium

94 1815 182 1866 libertas
198 1818 304 1874 existeret,
320 1819 407 1868 videbat
423 1840 494 1879 neque
510 1819 593 1868 dictum
609 1840 649 1868 nec
664 1817 747 1868 lactum
762 1819 880 1884 quicquam

95 1890 142 1947 ipso
156 1911 169 1939 a
183 1892 287 1950 Pompeio
297 1893 338 1940 hoc
347 1905 394 1941 toto
403 1906 507 1951 tempore,
518 1913 569 1940 cum
578 1891 629 1939 belli
638 1912 710 1940 annus
720 1894 763 1940 iarn
772 1894 880 1942 secundus

95 1976 157 2017 esset,
173 1964 235 2021 quod
248 1976 286 2010 aut
297 1963 388 2021 dignum
400 1964 487 2011 nomine
498 1965 552 2011 tanti
563 1963 699 2020 imperatoris
709 1968 747 2011 aut
758 1962 881 2021 profectum

54 2033 81 2082 25
96 2034 141 2082 ullo
156 2056 168 2083 a
184 2035 239 2083 duce
254 2034 305 2083 lorti
320 2049 341 2083 et
357 2050 445 2084 strenuo
460 2036 528 2083 videri
543 2048 623 2094 posset;
639 2036 726 2083 videbat
742 2037 800 2084 hunc
815 2037 880 2085 istum

95 2106 225 2166 Pompeium
233 2108 271 2167 qui
281 2108 375 2166 Magnus
385 2129 470 2157 summa
478 2128 518 2167 pro
526 2108 638 2167 dignitate,
647 2108 718 2163 laude,
727 2108 809 2157 honore
817 2130 880 2157 voca-

96 2194 161 2236 retur,
167 2181 205 2241 qui
216 2179 266 2231 belli
277 2181 365 2240 gerendi
374 2196 426 2237 arte,
437 2180 706 2237 felicitate'virtutalama
715 2180 781 2231 duces
791 2196 881 2232 cunctos

96 2253 199 2302 excellere
211 2266 330 2312 putaretur,
344 2255 382 2312 qui
395 2266 416 2302 et
430 2255 528 2305 maximis
541 2254 568 2303 de
581 2254 667 2311 regibus
680 2267 702 2315 et
715 2253 788 2302 multis
801 2254 828 2302 de
841 2275 880 2312 po-

96 2325 153 2383 pulis
170 2345 195 2373 ac
212 2325 312 2385 gentibus
329 2326 490 2385 triumphasset,
508 2326 545 2385 qui
562 2325 590 2374 ad
612 2324 772 2374 defendendam
794 2346 880 2375 conser-

54 2398 83 2446 30
97 2399 233 2458 vandamque
246 2418 292 2447 rem
305 2399 415 2458 publicam
427 2400 543 2458 imperator
556 2411 630 2448 contra
644 2398 757 2448 Caesarem
775 2420 882 2449 consensu

97 2472 203 2526 omnium,
215 2473 307 2519 maxima
318 2486 363 2529 spe,
374 2473 500 2520 auctoritate
511 2485 597 2520 senatus
606 2472 688 2531 electus
698 2484 761 2525 esset,
772 2472 826 2519 adeo
836 2493 881 2530 spe,

96 2543 194 2599 consilio,
208 2544 281 2592 animo
295 2544 415 2593 concidisse
429 2557 454 2592 ut
468 2558 558 2604 repente·
570 2545 618 2603 ipso
632 2544 697 2592 etiam
711 2542 761 2593 belli
776 2545 883 2604 principio

76 2625 77 2629 ’
97 2616 142 2664 sola
155 2618 260 2665 venientis
274 2618 356 2665 inimici
366 2617 424 2666 tama
435 2618 548 2666 deterritus
559 2618 620 2666 nullo
630 2619 676 2666 viso
689 2618 793 2676 nulloque
806 2638 883 2676 expec-

92 2697 143 2735 tato
151 2688 220 2743 hoste,
230 2689 291 2747 quasi
300 2690 409 2747 gregarius
418 2689 479 2737 miles
487 2710 512 2737 ac
520 2682 637 2737 formidine
653 2689 784 2747 plenus‚per
798 2704 884 2738 noctem

58 2759 85 2807 35
99 2760 211 2818 effugisset
227 2761 281 2809 urbe
296 2774 317 2809 et
333 2782 399 2820 quam
415 2760 530 2810 defendere
546 2782 624 2819 magno
639 2762 719 2816 animo,
735 2762 836 2810 omnibus
852 2763 884 2811 vi-

61 2870 202 2878 κὴ...-

112 2935 131 2980 4.
146 2937 313 2992 (quiesceret)que
327 2955 372 2982 sscr.
