2093 3253
147 151 186 197 240
450 165 541 196 sicconis
556 166 670 196 eouuuroui

189 291 210 326 et
223 277 325 327 facundia
340 276 466 332 suadebant,
482 278 499 325 si
514 278 580 327 modo
594 297 617 327 se
631 278 653 326 in
667 278 744 327 urbem
758 278 880 327 traduceret
894 291 915 327 et
929 279 976 331 lon·
1039 267 1046 342 ,ζ’

189 373 266 411 gevam
277 351 318 401 sibi
330 352 398 402 vitam
410 350 439 400 dii
451 349 543 410 propicii
554 371 579 400 ae
591 353 647 401 bene
658 353 754 401 faventes
766 354 849 401 darent.
926 347 928 349 .

232 425 292 474 Haec
303 425 369 483 vulgo
381 424 409 472 de
421 423 505 472 Catone
517 425 575 472 dicta
586 426 702 473 incitarunt
714 426 740 474 L.
752 426 863 473 Valerium
875 427 976 477 Flaccum
1041 429 1042 432 ¹

189 511 213 546 ut
228 499 301 557 ipsum
314 510 335 545 et
348 495 495 555 alloqueretur
508 496 587 546 blande
600 510 621 546 et
634 498 662 546 ad
674 517 750 546 cenam
762 497 873 546 interdurn
885 496 975 548 familia·
1041 501 1047 552 J

163 571 175 619 5
191 571 242 618 riter
252 571 358 618 invitaret.
369 569 420 617 Erat
430 569 519 618 Flaccus
529 570 612 619 iuvenis
623 570 720 619 Romana
734 592 746 618 e
760 569 872 618 nobilitate
881 571 975 629 prudens

190 657 210 691 et
230 643 253 691 in
274 662 341 701 quarn
360 641 417 690 forte
437 643 553 691 advenerat
572 643 666 692 vicinam
685 643 763 692 Catoni
783 642 857 692 villam
877 642 975 694 habebat.
1039 635 1040 638 Ἴ

191 716 269 774 Neque
279 734 330 764 vero
340 718 362 763 in
373 736 398 763 eo
409 716 482 763 minus
492 736 558 774 quarn
567 717 678 765 audiverat
689 735 735 764 esse
745 717 873 774 comperuit.
884 716 976 766 Proinde

192 789 284 836 Romam
299 789 407 836 adducere
423 789 495 845 ipsum
511 800 532 835 et
547 788 570 836 in
585 788 663 836 urbem
678 789 739 848 quasi
754 787 848 837 fertilem
864 789 886 836 in
897 807 976 846 'agrum
1040 798 1046 820 ¹

190 859 306 909 transferre
321 860 426 919 optimam
441 859 537 918 plantam
552 860 618 909 sterili
633 882 645 909 e
659 862 707 909 loco
721 861 840 916 constituit,
855 875 903 909 tum
917 864 977 919 quod
1040 867 1047 892 's

152 934 177 982 10
193 933 271 982 multas
286 934 314 982 ob
328 927 418 983 virtutes
432 946 513 982 amaret
527 954 585 993 eum,
600 947 648 982 turn
662 934 723 992 quod
737 934 816 983 babere
829 934 899 983 civem
912 934 977 983 talem

192 1008 222 1054 rei
236 1007 337 1064 publicae
350 1006 454 1053 interesse
465 1006 554 1054 videret.
564 1006 661 1054 Consilio
675 1008 721 1055 eius
735 1006 797 1054 facile
810 1007 901 1055 assensit
915 1006 976 1064 Cato,

192 1080 253 1137 quod
266 1081 338 1127 virum
352 1097 375 1125 se
386 1079 408 1125 in
422 1079 476 1127 urbe
487 1099 591 1136 magnum
600 1079 654 1133 fieri,
666 1100 710 1127 non
721 1080 743 1127 in
754 1078 804 1127 villa
814 1100 878 1138 posse
888 1099 978 1137 cognos-
1042 1137 1045 1139 .

193 1165 257 1200 ceret.
276 1152 347 1199 Flacci
364 1151 430 1208 igitur
447 1153 609 1209 persuasionem
627 1165 713 1199 secutus
731 1152 786 1199 Cato
808 1164 923 1211 paternum
945 1171 978 1200 re-

193 1224 257 1282 liquit
266 1242 343 1281 agrurn
352 1235 373 1270 et
383 1235 495 1281 potentem
504 1224 596 1282 imperio
605 1224 649 1271 iam
658 1224 686 1272 ad
695 1223 773 1272 urbem
782 1243 805 1271 se
815 1243 897 1282 suaque
907 1226 978 1274 omnia

154 1297 178 1346 l5
194 1290 293 1345 contulit.
310 1295 438 1344 Amiciciam
454 1314 505 1344 vero
522 1316 573 1344 cum
590 1296 667 1345 Flacco
683 1308 811 1355 perpetuam
826 1296 897 1344 tenuit
914 1309 935 1344 et
951 1297 978 1345 ab

193 1391 225 1424 eo,
242 1370 303 1428 quod
318 1381 374 1417 esset
390 1369 492 1426 patricius
508 1368 631 1427 opibusque
646 1382 668 1417 et
683 1369 786 1418 affinitate
802 1389 899 1427 magnus,
916 1389 979 1428 saepe

193 1463 218 1489 ac
229 1443 334 1500 <quotiens
349 1440 391 1488 luit
406 1441 489 1488 occasio
505 1441 549 1489 ullo
564 1443 586 1489 in
602 1460 691 1490 munere
705 1443 840 1499 assequendo
855 1453 877 1489 et
891 1441 979 1489 consilia

194 1528 215 1563 et
239 1513 364 1563 adiumenta
386 1514 488 1572 suscepit.
510 1513 558 1563 Nec
580 1513 655 1569 Roma,
678 1534 811 1573 quamquam
829 1514 880 1563 viris
896 1515 978 1573 magnis

194 1601 220 1655 et
229 1586 348 1637 illustribus
363 1585 427 1644 plena
441 1600 503 1642 esset,
520 1587 631 1635 hominem
645 1588 718 1645 ipsum
732 1580 979 1645 novumeducatumque

152 1662 180 1709 20
194 1681 219 1709 ac
231 1674 306 1708 natum
318 1661 340 1708 in
353 1659 434 1717 oppido
445 1673 558 1718 aspernata
570 1672 608 1713 est,
621 1673 669 1707 tum
681 1661 741 1718 quod
753 1659 839 1708 Sabinis
851 1661 894 1707 iam
905 1660 978 1708 civitas
1043 1671 1045 1674 ’

195 1734 244 1783 data
260 1746 322 1789 esset,
339 1747 388 1782 tum
404 1731 465 1791 quod
481 1731 550 1781 Roma
566 1752 614 1782 earn
630 1732 768 1803 prudentiam
783 1752 808 1781 ac
825 1731 979 1790 benignitatem
1044 1729 1046 1731 ’

181 1807 282 1856 ¹liaberet
297 1805 357 1866 quod
372 1805 481 1854 neminem
496 1818 606 1864 sperneret
621 1806 659 1854 sed
674 1806 747 1855 volens
762 1826 787 1854 ac
801 1805 871 1854 libens
885 1805 914 1854 ad
927 1806 979 1853 civi·
1046 1820 1047 1823 ’

194 1894 268 1935 tatem,
281 1881 310 1928 ad
322 1880 422 1933 honores,
435 1879 464 1927 ad
477 1879 613 1937 magistratus
625 1880 748 1927 admitteret
762 1899 837 1927 omnes
850 1879 888 1937 qui
901 1879 980 1927 virtute
1045 1923 1046 1926 ,

195 1953 266 2011 aliqua
277 1953 355 2010 prediti
367 1964 438 1999 essent
449 1965 470 1999 et
481 1951 549 2000 futuri
560 1952 612 2000 boni
624 1953 681 2000 cives
692 1952 754 2009 signo
764 1943 838 2010 aliquo
848 1951 980 1999 viderentur.

154 2027 181 2076 25
240 2024 362 2074 Gerebatur
375 2024 417 2072 hoc
429 2037 528 2083 tempore
541 2024 624 2073 bellum
637 2024 758 2074 secundum
771 2024 878 2073 Punicum
891 2036 912 2073 et
926 2022 980 2072 male

195 2101 239 2147 iarn
251 2116 407 2157 saepenumero
419 2111 540 2156 pugnatum
553 2110 604 2146 erat.
617 2098 693 2146 Annos
705 2117 756 2146 vero
769 2098 825 2145 Cato
837 2110 911 2145 noster
923 2097 981 2145 haud

196 2172 268 2228 plures
282 2171 326 2219 Vll
340 2190 365 2219 ac
378 2170 400 2217 X
413 2182 476 2218 natus
490 2171 569 2218 meruit
587 2172 684 2227 primum
697 2170 738 2217 sub
752 2169 780 2225 Q.
795 2169 862 2217 Fabio
876 2164 980 2220 Maximo,

196 2243 234 2304 qui
254 2243 306 2292 vitio
325 2263 350 2292 ac
369 2242 490 2291 temeritate
510 2242 608 2301 priorum
627 2242 709 2292 ducum
728 2241 851 2304 prolapsam
869 2262 895 2291 ac
914 2260 981 2300 prope
1046 2245 1047 2248 ’

197 2336 292 2366 eversam
305 2334 351 2364 rem
363 2315 473 2374 publicam
486 2316 595 2364 cuntando
608 2315 826 2371 restituit.Militavit
838 2315 929 2374 quidem
940 2314 981 2362 sub

154 2392 183 2438 30
198 2411 223 2438 eo
237 2410 289 2437 cum
303 2388 338 2436 ille
353 2401 455 2446 quartum
469 2401 525 2436 esset
539 2388 615 2436 consul
629 2402 650 2436 et
665 2388 771 2446 Capuam.
786 2407 841 2445 quae
855 2388 883 2435 ad
898 2386 981 2436 Hanni-

197 2462 268 2511 balem
285 2461 349 2511 rebus
367 2460 461 2510 adversis
479 2458 593 2515 defecerat,
611 2459 727 2509 obsideret.
745 2460 774 2509 Se
790 2473 863 2509 autern
881 2459 936 2509 Cato
953 2459 982 2507 ita

194 2536 337 2586 ¹obedientem
351 2532 494 2595 paratumque
507 2535 535 2582 ad
549 2535 621 2582 omnia
634 2554 659 2583 ac
672 2546 799 2593 promptum
812 2534 909 2583 exhibuit
923 2532 982 2592 quod

198 2606 297 2657 sit'mbx
317 2600 378 2657 Fabii
398 2627 463 2666 opera
483 2607 584 2656 tribunus
604 2606 698 2656 militum
717 2608 740 2655 in
760 2606 832 2655 Sicilia
852 2607 982 2664 designatus.

201 2681 255 2729 lnde
271 2694 345 2729 autern
362 2697 460 2727 reversus
477 2691 547 2727 castra
563 2692 650 2727 secutus
667 2678 691 2726 P.
709 2678 802 2726 Claudio
820 2677 902 2727 Neroni
925 2675 983 2727 baud

157 2753 185 2804 35
201 2754 260 2813 parvi
280 2753 384 2802 momenti
403 2750 444 2801 luit
462 2772 514 2801 curn
531 2752 590 2811 apud
609 2751 736 2802 Metaurum
754 2751 836 2801 flumen
851 2749 982 2802 Hasdrubal.

198 2937 230 2981 20,
246 2937 284 2979 iarn
298 2954 343 2979 sscr.
398 2935 430 2979 29.
445 2934 475 2980 Ex
491 2935 594 2979 cuneando
608 2953 656 2979 corr.
711 2933 744 2979 34.
758 2933 780 2979 P.
794 2939 808 2978 i.
822 2952 845 2984 r.;
860 2942 902 2978 erut
916 2943 952 2977 est.
990 2977 992 2983 f
