2093 3253
257 153 388 185 scaurorum
403 153 533 185 recusantum
546 164 560 169 -
575 153 633 184 arran
647 153 675 183 iv.
845 139 886 188 1192

4 292 6 324 ζ
68 323 69 326 ,
99 273 150 321 cuit,
161 270 204 318 Hic
214 268 304 328 quidem
314 269 349 318 hic
358 282 391 318 est
401 269 438 328 qui
449 281 470 317 et
479 269 572 328 tragicus
582 268 624 317 luit
633 279 697 326 poeta
706 281 728 316 et
737 267 884 325 ulciscendam

99 345 126 394 ad
139 343 240 392 iniuriam
258 362 311 401 quas
330 341 374 410 dixi
392 340 512 399 tragoedias
529 342 552 391 in
566 354 677 390 mortuum
692 339 803 389 Neronem
818 360 884 399 quam

100 419 195 476 primum
205 417 277 474 potuit
287 415 353 462 libere
360 435 385 462 ac
394 428 440 463 tute
448 416 540 472 scripsit.
552 416 628 472 lpsum
635 435 722 472 nanque
730 427 751 461 et
759 434 820 462 sevos
828 414 885 462 inter

2 542 3 545 ,
99 505 208 548 tyramnos
223 500 350 536 annumerat
368 499 390 535 et
404 486 578 536 crudelissimum
593 487 692 547 omnium
707 484 773 535 luisse
789 505 885 534 comme-

2 559 3 563 *
74 567 87 616 5
103 574 178 612 morat.
188 561 274 609 Poetico
283 563 342 609 enim
350 561 440 609 artificio
448 574 511 619 poeta
520 561 555 609 hic
564 581 615 609 usus
624 573 646 609 et
653 561 804 618 Agrippinam,
813 558 885 608 Nero

100 637 133 684 nis
148 647 246 688 matrem,
267 634 424 691 imprecantem
443 633 488 682 filio
507 647 595 691 turpem
614 633 688 691 fugam
708 634 841 691 dignamque
859 652 885 680 ac

101 697 303 755 meritammortem
314 718 335 753 et
346 724 436 754 uxorem
447 704 560 754 Octaviam
570 704 658 753 exilium
669 724 734 753 suurn
744 725 769 753 ac
780 705 885 753 miseran·

101 781 151 828 dam
164 798 241 827 necem
254 778 283 827 ita
297 777 414 827 deflentem
427 777 511 827 inducit
524 790 549 827 ut
563 797 618 836 quae
632 778 675 827 iam
689 790 749 827 erant
763 777 884 836 praeterita,

101 872 125 900 ea
139 851 212 900 lutura
224 851 345 909 legentibus
358 852 478 900 videantur.
492 850 529 899 Sic
541 851 599 899 enim
612 849 713 908 Virgilius
726 864 884 899 memoraturus

63 929 88 975 ll)
103 926 140 982 qui
158 925 202 972 iam
220 924 312 975 Romani
330 924 438 981 principes
456 923 582 971 claruissent
599 922 717 985 Anchisem
735 923 827 977 induxit,
846 924 885 982 qui

101 998 197 1044 Aeneam
211 1015 298 1054 unaque
314 995 419 1053 Sibyllam
435 1009 553 1043 conventus
569 995 634 1043 trahit
649 996 672 1043 in
688 996 771 1043 medios
787 996 886 1044 turbam-

102 1090 144 1127 que
155 1081 267 1116 sonantem
278 1081 300 1116 et
310 1068 420 1116 tumulum
431 1069 488 1127 capit
499 1068 557 1117 unde
568 1088 643 1117 omnes
655 1068 719 1126 longo
730 1068 806 1136 qrdine
817 1069 885 1127 possit
923 1092 925 1096 ·

101 1142 201 1189 adversos
216 1142 286 1200 legere
297 1155 318 1189 et
328 1142 455 1189 venientum
465 1141 547 1189 discere
558 1142 638 1190 vultus.
651 1141 708 1190 Illud
718 1140 791 1190 autem
801 1143 886 1200 perspi·
942 1184 945 1186 ,

101 1234 167 1261 cuum
182 1234 228 1261 esse
242 1214 304 1262 novit
319 1214 395 1262 doctus
410 1215 503 1273 quisque
517 1215 624 1275 rationem¹
636 1214 735 1282 aliamet
749 1214 850 1278 narrandi
864 1227 886 1262 et

64 1288 88 1337 15
104 1287 325 1346 disponendipoetas‚
337 1288 401 1336 aliam
412 1288 549 1337 historiarum
560 1288 674 1345 scriptores
686 1286 772 1342 habere,
784 1287 844 1354 quod
854 1287 886 1337 al·

102 1362 141 1408 teri
157 1361 204 1409 sul]v
214 1360 299 1410 tabulae
315 1362 386 1419 specie
401 1374 482 1419 puncta
498 1361 563 1410 modo
579 1373 600 1410 et
616 1357 686 1428 capita
701 1379 774 1410 rerum
788 1374 885 1428 tangant,

101 1434 161 1481 alteri
176 1447 235 1491 gesta
251 1435 282 1482 uti
300 1453 349 1482 vere
365 1440 420 1482 sunt·
433 1447 492 1491 gesta
508 1426 584 1488 ordine
600 1433 691 1482 naturali
713 1435 760 1481 sine
781 1430 885 1491 figmento

102 1518 195 1554 narrent.
280 1501 282 1503 .
820 1497 821 1502 Ἰ

140 1577 252 1637 ,Equidem
267 1579 307 1627 ista
322 1579 350 1627 de
365 1598 394 1634 re,
410 1579 471 1638 quod
486 1600 533 1627 eam
547 1578 676 1638 patefactam
691 1579 742 1627 satis
757 1579 885 1632 existimem,

63 1652 90 1697 20
104 1650 165 1707 plura
180 1671 224 1698 non
243 1650 345 1699 iaciemus
364 1651 435 1705 verba,
454 1652 472 1699 si
491 1651 557 1699 modo
575 1652 751 1708 explicaverimus
770 1650 809 1708 (sic
827 1652 885 1701 enim
930 1665 931 1668 ’

103 1722 178 1779 placet,
189 1743 216 1770 ne
231 1723 394 1780 pretermissum
409 1725 527 1782 quicquam
536 1724 596 1781 quod
605 1723 633 1775 ad
643 1742 688 1771 rem
698 1725 803 1781 pertineat
813 1724 885 1772 videa-

102 1795 147 1853 tur)
161 1795 220 1844 unde
228 1796 272 1843 sint
281 1796 379 1844 homines
388 1798 453 1845 etiam
462 1796 520 1845 docti
529 1796 588 1845 hunc
596 1797 619 1845 in
627 1815 722 1845 errorem
730 1795 784 1855 lapsi
793 1809 818 1845 ut
826 1796 885 1855 quod

103 1890 115 1915 a
129 1863 183 1917 fili&
189 1868 271 1918 lactum
286 1889 341 1928 opus
357 1869 531 1928 manifestissime
546 1882 624 1928 pateat,
640 1869 663 1918 id
678 1870 783 1929 scriptum
798 1890 811 1918 a
826 1883 886 1928 patre

103 1962 157 1989 vana
172 1943 274 1999 opinione
288 1942 383 1998 credant,
399 1942 513 1998 fateantur,
528 1943 608 1991 dicant.
624 1942 712 2001 Quippe
725 1941 783 1991 filius
798 1942 833 1990 hic
848 1944 886 2002 qui

64 2014 90 2062 25
105 2015 197 2072 tragicus
209 2028 272 2074 poeta
283 2028 345 2071 esset,
356 2029 381 2065 ut
392 2036 455 2074 saepe
465 2015 497 2072 fit,
508 2037 521 2065 e
531 2015 597 2074 patris
608 2014 698 2074 vestigio
709 2014 735 2064 L.
746 2015 836 2065 Anneus
847 2015 886 2065 Se-

104 2108 155 2136 neca
167 2088 286 2146 appellatus
299 2102 338 2138 est.
351 2088 410 2137 Hinc
422 2089 513 2148 posteris
526 2103 585 2138 ortus
598 2108 656 2138 error
668 2103 693 2138 ut
705 2088 808 2137 moralem
820 2090 886 2138 nescii

102 2161 204 2209 ,habuisse
215 2162 271 2209 filios
282 2162 402 2219 tragoedias
414 2163 524 2220 scripsisse
536 2175 620 2219 putent.
634 2163 660 2210 ld
671 2163 729 2210 enim
740 2162 818 2210 accidit
829 2163 886 2217 mul-

104 2233 141 2286 tis‚=
149 2245 174 2281 ut
184 2234 248 2281 rebus
259 2234 292 2282 vel
303 2234 435 2291 gravioribus
446 2234 479 2283 vel
490 2235 618 2291 gratioribus
629 2235 727 2286 delectati
738 2236 797 2292 parvi
808 2234 887 2283 iaciant

104 2307 143 2360 ista
158 2320 228 2365 atque
240 2308 334 2356 Senecae
351 2308 495 2366 appellatione
512 2309 607 2358 contenti
626 2328 666 2357 nec
683 2329 738 2367 quae
756 2308 807 2364 dixi,
825 2310 886 2368 quasi

64 2378 92 2425 30
107 2380 199 2427 nimium
213 2381 297 2428 minuta
312 2401 337 2429 ac
353 2380 437 2438 plebeia
452 2380 595 2435 considerent,
612 2402 652 2429 nec
668 2394 741 2430 utrum
757 2382 785 2430 sit
801 2380 887 2430 Stoicus

103 2464 140 2500 aut
154 2452 269 2510 tragoedus
283 2453 317 2502 vel
331 2454 385 2502 alius
399 2453 535 2512 investigent.
643 2462 644 2465 ’

148 2523 214 2574 Hunc
228 2538 352 2585 temporum
367 2526 443 2575 ordine
458 2527 556 2586 sequitur
571 2526 652 2576 Statius
667 2525 769 2585 Papinius
784 2526 888 2576 Sursulus
928 2591 929 2596 1
1000 2532 1006 2535 ’

85 2644 87 2647 ,
105 2597 234 2652 Tolosanus.
245 2598 282 2647 Sic
292 2600 350 2652 enim
360 2601 446 2648 animus
456 2601 578 2658 persuadet,
589 2620 640 2649 nam
650 2613 672 2649 et
681 2613 779 2659 tempore
789 2601 888 2664 aequales

105 2683 126 2717 et
141 2672 209 2728 patria
222 2673 286 2719 vicini
300 2685 358 2720 sunt.
373 2672 490 2731 Hispaniae
503 2673 593 2731 quidem
607 2686 638 2721 est
652 2673 743 2733 finitima
757 2673 835 2728 Gallia.
851 2673 889 2723 llle

65 2761 206 2772 ἪΜ

112 2803 128 2838 9,
140 2803 189 2848 Verg.
202 2806 243 2843 Aen.
255 2804 284 2842 Vl.
294 2778 328 2841 732
341 2820 376 2849 sqq.

65 2875 207 2886 *Qum—.-

118 2912 150 2956 27.
165 2912 232 2957 multis
247 2920 260 2957 i.
271 2933 287 2957 r.
296 2913 316 2958 O
326 2914 376 2966 (erut
394 2914 504 2968 plurisque)
520 2933 557 2959 om.
567 2916 594 2960 H.
