2093 3253
277 196 405 227 scaurorum
420 197 543 228 naus‘rmura
557 206 569 213 -
583 196 641 227 irisan
652 196 671 227 x.
847 182 886 225 277

104 311 225 359 Molonem.
240 310 347 360 Omnium
361 312 401 359 iste
415 312 453 370 qui
466 325 504 360 aut
518 312 590 360 Rhodi
603 325 641 360 aut
655 331 748 376 usquam
761 312 784 359 in
795 310 886 359 Graecia

101 383 135 440 vel
145 384 197 432 Asia
208 384 294 433 dicendi
305 397 350 433 arte
361 384 462 443 florerent
472 385 573 444 princeps
584 397 605 433 et
616 384 736 433 habebatur
747 396 768 432 et
778 396 830 433 erat.
842 383 886 431 Ro-

101 477 159 505 mam
174 475 225 506 vero
246 457 328 516 legatus
351 457 487 506 Rhodiorum
508 457 567 517 Sylla
588 458 631 507 iam
653 458 757 506 dictatore
778 456 886 515 petiturus

101 530 183 589 premia
197 543 291 580 venerat.
308 531 334 579 ld
346 544 420 580 autem
434 531 522 579 honoris
536 544 568 579 est
582 545 603 579 et
617 532 697 591 §latiae
710 543 821 578 assecutus
844 530 886 578 iste

74 601 87 651 5
103 602 163 660 quod
178 603 276 661 gentium
291 616 412 659 exterarum
427 604 526 651 omniurn
541 604 624 661 primus
639 603 705 667 fuerit
720 606 787 661 quem
802 601 886 650 Graece

102 674 268 722 dicentem'sine
278 675 395 733 interprete
406 673 493 723 senatus
503 675 594 723 audiret.
607 674 707 723 Latinam
718 674 776 722 enirn
791 673 820 722 ad
834 692 885 731 pro-

101 746 223 805 pagandam
230 746 328 805 linguam
335 746 433 796 Romana
441 748 565 797 institutum
573 759 618 796 erat
626 747 672 806 lege
680 767 707 796 ne
715 747 764 806 quis
773 746 885 805 magistra-

102 833 137 869 tus
153 819 264 869 Romanus
275 821 346 870 autin
357 821 412 871 urbe
421 834 459 871 aut
470 834 529 870 extra
540 821 617 870 urbem
628 821 671 870 ulla
682 821 704 869 in
715 820 826 879 provincia
837 821 884 868 cui-

101 913 167 952 quam
181 893 222 941 alia
234 893 308 952 lingua
320 914 386 953 quarn
399 893 476 942 Latina
488 894 568 942 dicenti
581 886 729 953 responderet.

63 966 88 1019 10
145 964 253 1024 Denique
262 984 322 1014 veras
331 986 394 1024 agere
402 987 477 1015 causas
487 967 509 1015 in
518 965 566 1015 loro
572 966 603 1014 ad
612 966 694 1029 iudices
703 965 780 1015 Cicero
788 965 885 1024 primum

100 1037 172 1096 coepit
188 1038 221 1086 M.
237 1037 311 1086 Tullio
325 1052 347 1086 et
361 1038 406 1088 Cn.
421 1038 531 1088 Cornellio
545 1038 660 1087 Dolobella
674 1037 807 1087 consulibus.
822 1037 883 1094 Quo-

99 1111 155 1158 tenis
163 1130 214 1159 vero
221 1124 269 1159 turn
277 1124 333 1173 esset
341 1111 418 1160 Cicero
424 1125 483 1160 tanta
489 1125 521 1160 est
526 1112 607 1170 peritos
612 1132 637 1159 ac
643 1124 725 1159 veteres
731 1112 787 1183 inter
792 1111 884 1168 scripto-

80 1204 81 1207 ’
100 1201 133 1230 res
147 1184 258 1242 contentio
271 1197 296 1232 ut
310 1184 368 1233 credi
382 1186 455 1243 potius
469 1185 518 1243 quis
532 1185 603 1232 verius
617 1184 696 1233 sentiat
709 1184 776 1242 qlrarn
790 1183 883 1232 discerni

100 1268 158 1305 certa
180 1256 262 1305 ratione
283 1256 359 1316 possit.
381 1256 510 1306 Ciceronem
532 1256 622 1316 quidem
642 1257 739 1316 primurn
760 1255 884 1305 defendisse

61 1328 85 1377 l5
101 1328 224 1386 Quintium,
235 1351 380 1390 annumvero
390 1344 465 1390 postea
476 1329 591 1380 defensum
601 1351 648 1380 esse
658 1331 685 1380 ab
697 1351 722 1379 eo
738 1330 840 1379 Rossium
850 1329 883 1378 fa-

98 1414 172 1458 tentur
187 1403 257 1451 multi.
269 1403 314 1450 Sed
324 1422 393 1451 annos
403 1422 466 1461 agere
477 1404 662 1451 Ciceronemtres-
670 1416 692 1451 et
702 1403 752 1457 XX,
764 1423 815 1451 cum
826 1403 882 1450 Ros-

98 1474 156 1522 sium
165 1472 270 1529 defendit,
280 1473 391 1525 familiaris
401 1476 447 1525 eius
454 1474 576 1525 Cornellius
585 1475 660 1535 Nepos
669 1475 751 1525 scribit.
761 1473 882 1524 Fenestella

98 1566 155 1601 vero,
168 1542 306 1597 historiarum
317 1549 416 1608 scriptor,
426 1570 452 1598 ac
463 1548 618 1606 Quintilianus
628 1548 881 1598 oratoriaeinstitutionis

99 1619 206 1676 magister,
219 1619 347 1668 Ciceronem
357 1642 426 1669 annos
437 1634 485 1669 turn
495 1640 557 1678 agere
568 1621 599 1669 Vl
610 1642 635 1669 ac
645 1621 689 1669 XX
705 1621 795 1669 malunt.
811 1619 880 1667 Euse-

57 1690 85 1737 20
99 1691 148 1739 bius
160 1704 234 1740 autem
246 1705 267 1740 et
279 1712 330 1740 cum
342 1712 368 1741 eo
380 1694 407 1742 Α,
420 1693 505 1742 Cellius
518 1692 632 1741 defensum
644 1713 691 1742 esse
703 1692 820 1749 Quintium
830 1710 881 1740 cum

96 1783 164 1812 annos
179 1777 251 1823 ageret
261 1764 338 1813 Cicero
347 1765 378 1814 Vl
388 1786 413 1816 ac
422 1766 472 1821 XX,
482 1786 564 1814 annum
573 1784 624 1814 vero
633 1779 709 1825 postea
718 1765 820 1814 Rossium
834 1785 881 1813 esse

96 1834 329 1906 defensumscribunt.
342 1837 374 1887 Ex
386 1838 420 1888 his
432 1852 592 1898 quoquesunt.
597 1839 687 1897 quidam
699 1839 728 1888 ita
740 1837 807 1888 locuti
819 1838 881 1897 quod

95 1908 158 1958 istam
172 1910 201 1961 ad
215 1919 262 1959 rem
273 1931 381 1970 nusquam
392 1913 505 1960 nominent
516 1911 640 1969 Quintium,
652 1912 690 1961 sed
701 1931 772 1960 orasse
783 1912 879 1970 primurn

94 2000 134 2040 pro
150 1981 227 2032 Rossio
241 1982 319 2032 Cicero
332 1983 438 2034 videatur.
453 1983 531 2034 Cicero
544 1997 618 2034 autem
631 2006 703 2045 neque
716 1998 785 2045 quoto
803 1984 879 2034 aetatis

54 2051 81 2100 25
97 2074 148 2112 suae
162 2075 220 2104 anno
229 2057 297 2105 oravit
307 2057 403 2115 primum
412 2058 465 2106 dicit
475 2078 514 2106 nec
524 2057 640 2116 Quintium
650 2071 762 2107 memorat.
772 2057 801 2106 Se
812 2057 879 2107 modo

94 2145 133 2182 per
140 2128 308 2191 adolescentiam
316 2128 439 2178 defendisse
447 2130 549 2178 Rossium
557 2143 578 2178 et
586 2131 633 2188 ipsa
640 2131 663 2178 in
671 2131 767 2179 oratione
775 2149 815 2189 pro
823 2130 879 2177 Ros-

94 2199 127 2261 sio
141 2213 162 2248 et
177 2200 200 2248 in
215 2200 283 2249 Bruto
295 2214 316 2249 et
329 2203 425 2251 secundo
442 2204 465 2251 in
485 2202 541 2251 libro
561 2203 588 2251 de
607 2201 691 2252 Officiis
711 2203 793 2252 scribit.
806 2202 879 2260 Quam

94 2290 145 2320 vero
153 2291 193 2331 pro
201 2272 793 2335 QuintioadGallumAquiliumhabemusorationem
802 2275 879 2335 «Quae
933 2287 934 2290 ’

43 2400 44 2404 ¹
94 2362 127 2393 res
143 2345 165 2394 in
180 2346 281 2401 civitate,
292 2363 301 2387 r>
312 2345 372 2397 illam
383 2369 429 2398 esse
440 2370 507 2409 quam
518 2347 595 2398 Cicero
607 2348 682 2399 habuit
693 2350 787 2409 primam
797 2360 876 2408 negant

52 2413 80 2462 30
94 2417 161 2481 aliqui
171 2418 212 2466 hoc
222 2419 282 2467 ducti
291 2434 427 2477 argumento,
437 2422 498 2480 quod
506 2422 529 2470 in
538 2441 563 2469 ea
572 2421 650 2471 Cicero
658 2422 722 2471 dicat:
732 2421 814 2479 «Quod
823 2421 877 2469 mihi

92 2491 205 2539 consuevit
220 2491 243 2539 in
258 2492 346 2540 caeteris
362 2494 432 2542 causis
448 2514 494 2542 esse
509 2489 643 2549 adiumento,
659 2495 683 2543 id
697 2515 786 2554 quoque
801 2494 841 2543 hac
852 2495 875 2543 in

91 2581 155 2610 causa
165 2563 245 2612 deficit.
255 2580 264 2603 ³)
275 2563 333 2612 Hinc
342 2567 401 2614 enirn
410 2565 527 2625 Quintium
535 2579 573 2615 aut
582 2566 616 2614 bis
626 2566 740 2615 defensum
750 2587 796 2616 esse
810 2587 822 2616 a
836 2566 875 2616 Ci-
938 2585 940 2587 ’

88 2706 113 2744 17.
132 2708 176 2752 Nep.
188 2708 232 2752 apud
245 2708 287 2746 Gelli
300 2712 337 2749 XV.
351 2712 373 2748 28
395 2713 409 2749 l.
460 2714 486 2750 17.
498 2713 548 2756 Apud
560 2713 604 2751 Gell.
617 2715 654 2753 XV.
667 2715 696 2751 28.
710 2715 726 2751 4.
778 2715 804 2751 18.
815 2714 872 2759 Quint.

49 2763 87 2802 last.
103 2769 129 2806 12.
142 2770 184 2808 6.4
241 2771 267 2810 19.
280 2772 349 2810 Hieron.
357 2774 416 2813 chron.
424 2774 498 2814 01175.
506 2777 522 2814 2.
572 2775 693 2815 20.Gell.XV.
701 2778 729 2814 28.
737 2777 753 2813 3.
802 2776 873 2814 Zacic.

48 2823 92 2863 Rea
105 2830 142 2869 Am.
156 2830 172 2867 3.
221 2832 410 2872 27.cie.ssrac.312.
460 2836 488 2874 27.
501 2836 536 2874 Cic.
549 2836 613 2882 01111.
623 2837 651 2875 51.
701 2836 874 2880 30.Cic,Quinct.4.

91 2940 121 3010 ll.¹
135 2966 173 3010 Pro
188 2966 306 3020 Quotennis.
365 2968 394 3013 16,
409 2968 466 3014 multi
480 2977 494 3015 i.
509 2990 524 3014 r.
