2093 3253
259 134 391 188 scnnronuu
405 156 533 189 rmusnuun
545 169 560 174 -
573 157 632 189 unm
646 158 661 189 n
848 145 875 191 57

134 270 209 330 Ipsum
224 283 297 319 autem
310 267 393 329 Nigidii
406 291 431 320 ex
444 269 519 320 ordine
532 270 636 327 Licinius,
651 269 760 319 Licinium
771 268 875 326 amilius,

90 344 197 395 athilium
212 343 236 393 P.
251 343 370 392 Terentiusv
381 343 434 392 Ater
445 357 530 392 secutus
542 357 581 393 est.
593 342 665 393 Huius
679 343 706 391 de
719 357 817 402 tempore
831 344 875 392 dis-

91 418 184 476 ceptatio
198 416 267 464 audiri
277 417 333 464 inter
342 416 450 464 studiosos
459 437 536 474 magna
545 417 606 464 solet.
621 416 681 464 Bello
696 417 785 473 quidem
800 436 875 477 omnes

91 490 173 539 Punico
187 490 268 548 ipsum,
284 482 401 548 sedaliqui
415 490 517 544 secundo,
531 489 620 549 quidam
633 490 697 538 tertio
710 501 798 548 captum
810 501 877 547 atque

65 568 77 616 5
94 566 190 613 Romam,
200 563 291 611 ductum
306 575 391 620 putant.
405 563 498 611 Proinde
515 581 547 611 res
564 558 738 621 carthaginensis
754 562 818 611 altius
834 562 876 610 hoc

91 638 139 685 loco
154 636 270 693 repetenda
279 648 319 684 est.
334 634 412 693 Neque
421 655 472 683 vero
481 635 619 701 impresentia
629 634 695 684 modo
703 634 825 683 tollendum
834 634 876 682 hoc

92 710 119 757 ad
135 708 227 757 dubium
242 708 281 756 sed
295 707 346 756 alias
361 727 424 766 saepe
438 728 462 757 ac
477 708 550 773 multis
564 709 586 756 in
601 707 652 756 locis
667 706 821 766 percommoda
835 707 877 756 erit

90 784 131 831 ista
146 781 247 840 cognitio.

134 854 288 912 Carthaginem
302 854 368 912 igitur
384 855 407 901 in
421 854 494 902 Africa
511 854 588 902 urbem
605 854 721 919 maximam
738 853 877 912 opulentissi-

54 931 80 978 lO
94 938 196 986 mamque
210 938 276 985 atque
292 926 430 991 imperiosam
447 926 513 975 tuisse
530 926 664 985 eandemque
681 926 790 974 conditam
807 945 819 974 a
835 925 877 973 Di-

93 999 156 1055 done,
172 998 245 1058 pudici
261 1011 283 1047 et
298 999 369 1057 magni
386 998 452 1046 animi
469 996 556 1054 femina,
573 1010 595 1046 et
611 1017 666 1058 quae
682 996 828 1057 vulgatissima
844 1010 876 1046 est

93 1071 150 1120 lama
166 1069 257 1119 diciret
273 1071 397 1119 testimonio
414 1071 533 1119 multorum
548 1083 639 1119 constat.
653 1070 728 1127 Alanos
744 1070 831 1132 condita
844 1083 877 1118 est

93 1144 201 1202 Carthago
215 1157 265 1192 ante
287 1144 380 1192 Romam
401 1144 511 1196 conditam
532 1144 586 1192 duos
608 1156 629 1192 et
651 1143 721 1192 LXX.
736 1143 789 1191 Eam
805 1145 876 1201 primo

93 1211 190 1273 Byrsam,
205 1216 284 1264 deinde
294 1215 448 1274 Carthaginem
457 1216 585 1274 appellatam
594 1215 674 1264 lerunt.
691 1216 808 1274 Impetrato
817 1217 876 1265 enim

54 1291 79 1341 15
95 1289 155 1338 urhis
170 1289 296 1338 condendae
310 1289 356 1338 solo
380 1302 486 1352 quantum
509 1288 570 1339 bovis
594 1290 677 1348 corium
700 1301 792 1349 caperet,
816 1289 876 1337 Dido

94 1363 263 1421 haudquaquam
277 1361 373 1410 femineo
387 1383 426 1410 usa
440 1362 530 1411 consilio
544 1362 681 1410 tenuissimas
695 1362 718 1410 in
733 1375 803 1420 partes
818 1363 878 1410 corio

83 1435 208 1494 ¹diligenter
221 1448 279 1483 secto
293 1434 356 1495 longe
370 1435 439 1483 maius
452 1455 519 1495 quam
531 1435 654 1484 crederetur
667 1434 708 1483 loci
721 1435 818 1494 spacium
831 1456 877 1484 arn-

94 1509 155 1568 plexa
170 1522 209 1557 est.
225 1508 286 1557 Gens
297 1509 396 1557 universa
407 1509 474 1557 modo
484 1508 544 1557 urbis
554 1529 581 1557 ex
591 1509 679 1557 nomine
690 1508 877 1566 Carthaginenses,

94 1583 159 1631 modo
178 1583 244 1631 Poeni
263 1595 361 1632 veterum
380 1578 513 1631 Phoenicum
531 1583 604 1641 lingua
622 1582 722 1647 appellati
741 1595 799 1631 sunt.
814 1583 877 1631 Brevi

52 1656 80 1704 20
95 1675 182 1714 nanque
190 1655 243 1703 urbs
252 1655 311 1710 haec,
321 1675 377 1713 quae
385 1675 441 1703 nova
450 1667 506 1704 esset
515 1668 536 1704 et
544 1656 600 1704 inter
608 1654 674 1704 Afros
683 1655 730 1710 sita,
739 1674 790 1703 cum
799 1656 878 1703 virtute

93 1741 140 1777 tum
155 1728 241 1778 lortuna
256 1729 323 1778 crevit
338 1729 418 1777 mirum
432 1729 455 1777 in
470 1727 561 1777 modum
574 1728 672 1787 adeoque
687 1727 776 1784 viribus,
791 1727 878 1787 opibus,

93 1801 175 1865 populo
190 1814 252 1850 aucta
263 1814 295 1850 est
306 1802 366 1860 quod
376 1822 420 1849 non
431 1802 513 1850 vicinos
524 1800 590 1850 modo
600 1820 662 1859 agros
673 1799 712 1848 sed
721 1799 786 1848 urbes
796 1812 878 1848 veteres
918 1843 919 1846 ,

94 1864 159 1921 etiam
173 1887 239 1931 atque
252 1894 340 1931 magnas
354 1895 378 1922 ac
391 1894 447 1932 pene
461 1874 566 1932 quicquid
579 1872 652 1920 Africa
665 1874 785 1920 contineret
798 1874 819 1919 vi
833 1892 879 1920 me-

93 1958 161 2005 tuque
176 1946 269 2005 subegit.
284 1946 348 1995 Adde
368 1946 428 2005 quod
447 1967 492 1995 non
511 1958 612 1994 contenta
631 1944 730 1994 litoribus
749 1944 835 1993 Africae
854 1946 877 1993 in

51 2018 79 2067 25
95 2019 191 2068 Siciliam
205 2020 297 2068 transiit.
312 2019 375 2068 Mare
386 2020 442 2068 inter
452 2031 574 2079 utramque,
586 2018 624 2068 ubi
636 2031 668 2068 est
678 2019 797 2077 angustius,
809 2018 879 2068 haud·

93 2113 203 2152 quaquam
218 2094 313 2143 multum
335 2113 400 2153 supra
423 2094 530 2143 CXXVII
545 2094 604 2142 milia
626 2113 730 2153 passuum
752 2093 877 2142 interfluens

93 2166 207 2224 utriusque
229 2166 291 2214 litora
313 2166 402 2215 dirimit.
418 2165 476 2215 Hinc
504 2166 606 2215 Romanis
629 2166 680 2214 belli
703 2166 791 2223 gerendi
814 2185 877 2214 causa

94 2238 190 2296 primum
205 2260 256 2287 cum
270 2238 348 2287 Poenis
363 2251 417 2288 orta.
432 2239 493 2288 Nihil
500 2251 548 2288 tum
555 2251 614 2287 extra
623 2238 706 2288 ltaliam
712 2260 753 2287 nec
760 2238 877 2298 quicquam

95 2311 142 2369 ipsa
151 2312 174 2359 in
188 2311 248 2360 Italia
258 2313 314 2360 inter
330 2311 413 2361 Padum
426 2312 508 2361 flumen
521 2325 542 2361 et
554 2312 621 2371 Alpes
633 2312 720 2360 tenebat
735 2312 811 2360 Roma.
827 2311 877 2360 Bel-

54 2383 83 2432 30
98 2383 144 2433 lum
154 2397 227 2434 autem
241 2385 320 2433 indixit
334 2385 419 2441 Poenis,
434 2385 495 2445 quod
504 2384 535 2434 illi
546 2397 607 2445 capta
618 2385 691 2434 Sicilia
701 2385 791 2433 transire
801 2385 824 2433 in
836 2384 879 2433 lta-

95 2455 146 2503 liam
161 2457 288 2515 cogitarent,
303 2456 325 2504 hi
342 2478 370 2506 ne
386 2458 501 2511 transirent
517 2456 632 2516 prohibere
648 2457 707 2505 omni
728 2457 801 2505 studio
821 2458 878 2505 nite»

96 2540 178 2579 rentur.
191 2528 264 2579 ltaliae
278 2529 369 2590 quidem
384 2529 457 2579 Sicilia
472 2530 500 2579 ad
515 2550 590 2589 passus
606 2528 663 2595 MVc
677 2530 747 2579 vicina
758 2541 797 2579 est.
812 2529 878 2579 Anno

94 2603 160 2660 igitur
175 2603 202 2652 ab
216 2603 271 2652 urbe
287 2604 375 2653 condita
391 2615 467 2653 octavo
483 2616 504 2652 et
520 2605 679 2663 septuagesimo
695 2622 760 2663 supra
776 2600 880 2662 quadrin-

96 2687 172 2732 gentos
187 2687 260 2723 ortum
275 2695 321 2740 esse
336 2676 417 2724 bellum
432 2676 527 2735 primum
544 2676 651 2724 Punicum
668 2675 702 2735 T,
715 2676 790 2725 Livius
808 2676 880 2725 refert.

53 2745 80 2794 35
97 2746 203 2796 Consules
218 2767 269 2797 vero
280 2760 334 2797 tunc
346 2768 392 2797 esse
403 2747 446 2808 Ap.
459 2747 584 2805 Claudium,
596 2747 662 2809 Appii
675 2747 739 2797 Caeci
752 2747 880 2812 fratrem,{et

51 2868 194 2880 Ἢ

87 2935 115 2972 34:
128 2937 165 2975 Liv.
178 2935 242 2976 XXXI.
258 2937 272 2974 l,
284 2937 302 2974 4.
