2093 3253
160 176 202 223 276
464 190 555 221 srccours
570 190 685 223 rotnuronr

202 308 296 357 maximo
304 308 458 356 cumexercitu
466 307 585 357 minaretur
593 307 697 358 Graeciae
705 302 985 369 Athenasquehaudrnulto

201 394 343 440 posteaquam
357 379 459 435 abissent,
468 380 489 428 vi
498 381 598 438 cepisset.
608 381 685 430 Cicero
693 383 760 440 igitur
767 402 822 442 quos
830 384 903 442 potuit
910 404 985 434 ornnes

201 456 245 513 qui·
256 468 329 503 essent·
344 453 413 502 Rome
431 455 644 512 magistrosaudivit
655 457 811 514 «intactumque
827 455 915 515 reliquit
932 458 985 506 nihil

200 527 261 586 quod
271 548 322 576 eum
332 546 441 574 summam
451 522 480 575 ad
490 527 626 586 eloquentiae
637 527 785 586 cognitionem
795 541 816 576 et
822 527 909 577 culmen
915 529 985 579 addu-

171 601 185 649 5
202 613 266 649 ceret.
279 599 395 649 Enimvero
408 619 541 658 quamquam
554 593 643 666 diversis
657 600 679 648 in
691 600 769 648 studiis
782 621 805 648 se
818 602 917 650 misceret
929 613 951 651 et
963 604 984 652 in

200 672 356 732 amplectendis
370 670 412 719 illis
426 690 507 729 ponere
521 672 616 720 multum
630 691 693 720 curae
707 686 728 720 et
742 674 808 720 animi
822 674 940 728 videretur,
951 694 984 723 res

199 757 272 793 tamen
287 742 380 792 oratoria
389 741 426 790 illa
434 755 479 791 erat
489 763 544 802 quae
553 743 613 801 apud
622 763 673 791 eum
682 757 844 801 perseveranter
851 758 902 794 ante
911 748 984 796 omnia

200 818 307 868 militaret.
323 816 434 868 Eruditior
444 830 518 866 autem
528 816 598 867 lactus
610 818 690 875 ingenii
702 818 826 877 experiendi
837 840 901 869 causa
912 822 983 879 quoti·
1017 874 1020 878 ,

200 892 235 941 die
252 891 392 941 declamitans
409 890 597 939 commentabatur
613 891 739 950 quicquam.
756 890 787 940 Ea
803 912 890 952 nanque
913 893 983 943 decla·
1016 930 1018 934 -

158 965 185 1013 to
201 963 274 1013 mandi
287 964 341 1012 ratio
353 963 450 1021 primum
460 962 520 1021 apud
527 961 630 1018 Graecos,
640 964 827 1021 quemadmodum
837 978 920 1014 caetera
928 986 982 1025 quae

199 1039 220 1085 in
236 1036 381 1096 percipiendis
394 1036 498 1085 doctrinis
511 1035 625 1091 habentur,
638 1048 660 1083 et
672 1030 759 1084 inventa
772 1050 793 1085 et
805 1037 918 1087 observata
930 1054 980 1095 erat,

198 1123 222 1159 ut
237 1111 277 1159 liae
285 1111 437 1160 exercitatione
444 1108 580 1158 studentium
587 1122 715 1158 acuerentur
722 1111 809 1168 ,ingenia
817 1131 842 1159 ac
850 1113 982 1169 experiretur

200 1184 293 1242 quisque
302 1181 362 1241 apud
370 1181 470 1240 aequales
479 1192 501 1229 et
510 1182 605 1239 privatos
614 1182 695 1245 amicos
705 1181 761 1230 fictis
770 1184 793 1231 in
802 1185 872 1232 causis
887 1178 981 1243 quantus

198 1256 261 1310 toret,
277 1257 294 1303 si
305 1254 402 1314 prodiret
413 1255 435 1301 in
446 1253 519 1301 forum
530 1266 551 1301 et
562 1253 644 1312 populo
655 1253 757 1303 audiente
768 1275 842 1304 causas
853 1275 914 1304 veras
924 1257 981 1315 pub-

158 1331 184 1380 15
200 1330 242 1379 lico
252 1330 276 1378 in
286 1328 367 1379 iudicio
377 1327 437 1388 apud
447 1326 530 1376 iudices
540 1339 619 1386 ageret.
633 1326 659 1375 ld
669 1325 753 1376 Graece
764 1347 927 1388 saepenumero,
939 1330 981 1379 La·

196 1403 242 1451 tine
254 1420 341 1460 perraro
354 1399 445 1449 iaciebat
458 1400 543 1454 Cicero,
555 1414 604 1448 tum
616 1401 676 1458 quod
689 1400 773 1449 Graeca
785 1402 858 1459 lingua
870 1423 917 1451 esse
927 1404 980 1452 ube·

197 1474 240 1524 rior
254 1473 283 1524 ad
297 1485 423 1522 ornamenta
435 1471 546 1520 videretur
557 1472 782 1532 consuetudinemque
795 1473 873 1522 Latine
883 1474 982 1524 similiter
1046 1509 1047 1513 =

197 1546 283 1596 dicendi
295 1546 388 1600 afferret,
401 1558 450 1594 tum
462 1545 529 1604 quod,
547 1545 565 1593 si
582 1559 681 1603 peccaret
700 1566 800 1605 usquam,
813 1547 891 1606 corrigi
904 1547 980 1598 melius

197 1620 225 1668 ab
240 1620 273 1668 his
289 1620 327 1679 qui
341 1618 441 1667 adessent
460 1618 559 1666 doctores
578 1616 657 1666 Graeci
675 1631 756 1676 posset.
774 1619 857 1668 Amicis
876 1640 927 1669 vero
941 1622 978 1680 qui

153 1694 184 1741 20
198 1713 249 1741 eum
263 1693 364 1741 audirent
374 1692 476 1749 civesque
486 1690 579 1739 Romani
591 1702 612 1739 et
622 1691 663 1739 viri
674 1691 732 1740 docti
744 1705 822 1747 essent,
834 1712 900 1751 supra
910 1707 979 1743 caete·
1043 1750 1046 1753 ,

198 1785 232 1814 ros
248 1765 282 1815 M.
297 1765 375 1814 Pisone
383 1777 404 1813 et
412 1762 440 1820 Q.
448 1763 553 1822 Pompeio
560 1783 613 1812 usus
621 1775 660 1812 est.
671 1763 696 1812 ln
704 1762 777 1813 lorum
785 1776 858 1813 autem
866 1765 978 1825 haudqua-
1043 1790 1047 1808 π

197 1859 263 1898 quarn
276 1853 358 1888 temere
371 1856 448 1887 causae
461 1837 557 1895 agendae
570 1836 638 1895 gratia
651 1855 727 1886 verum
741 1850 765 1885 ut
778 1834 863 1886 audiret
882 1838 977 1898 primunr

172 1974 177 1977 ἡ
197 1913 234 1970 qui
241 1932 315 1961 causas
321 1923 408 1969 agerent
415 1910 479 1958 docte
485 1923 579 1958 oratores
586 1909 652 1958 venit.
659 1909 750 1959 Audivit
756 1911 815 1958 enim
826 1910 849 1959 P.
857 1911 979 1970 Sulpicium
1043 1917 1045 1954 ἶ

197 2006 260 2046 saepe
267 1998 383 2044 totumque
390 1982 448 2032 illius
456 1983 542 2032 dicendi
550 2004 618 2042 genus
627 1982 734 2042 (quotidie
742 1983 832 2042 quidem
844 1985 885 2031 iste
892 1985 978 2032 concio·
1041 1982 1046 2002 ³

153 2061 182 2109 25
199 2060 290 2109 nubatur
301 2060 323 2107 in
333 2057 455 2116 tribunatu)
466 2058 574 2116 cognovit.
936 2100 937 2105 ,

239 2132 280 2180 His
295 2133 349 2180 dum
364 2143 450 2179 navaret
463 2147 551 2187 operam
564 2130 647 2184 Cicero,
661 2131 789 2179 intestinum
801 2142 833 2179 est
845 2130 929 2179 bellum
936 2129 976 2179 du·
1044 2184 1046 2186 ,

198 2204 259 2253 cibus
268 2203 340 2252 Mario
348 2214 369 2250 et
377 2200 436 2260 Sylla
443 2213 523 2249 ortum.
531 2200 592 2249 Tum
599 2201 689 2260 quidem
697 2213 718 2249 et
733 2202 854 2250 intermissa
862 2202 942 2250 iudicia
954 2214 974 2249 et

198 2277 270 2324 omnia
284 2275 415 2334 perturbata,
430 2285 478 2322 tum
492 2286 602 2322 oratorum
616 2273 732 2331 collegium
745 2274 799 2321 adeo
813 2274 943 2332 dissipatum
953 2287 977 2322 ut

196 2350 233 2409 qui
249 2368 296 2397 esse
309 2349 331 2396 in
346 2347 394 2395 loro
408 2345 481 2406 plures
495 2366 613 2405 causasque
628 2346 731 2394 maximas
744 2365 807 2404 agere
820 2367 845 2395 ac
858 2347 974 2405 principari
1045 2403 1047 2405 r

148 2421 181 2479 30
196 2421 296 2476 solerent,
308 2420 330 2469 hi
341 2419 542 2468 rebusturbatisin
552 2420 607 2468 urbe
617 2420 720 2468 rarissimi
726 2417 869 2475 laberentur,
886 2421 947 2480 quod
957 2419 977 2467 vi
1041 2430 1042 2434 ’

194 2494 251 2552 pulsi
263 2493 330 2553 aliqui
342 2492 460 2547 exularent,
473 2491 572 2540 nonnulli
585 2492 649 2540 occisi
662 2504 740 2546 essent,
754 2493 844 2550 quidam
854 2493 914 2541 domi
925 2492 976 2540 late·
1041 2485 1044 2529 ss

194 2581 249 2622 rent,
263 2566 298 2615 alii
313 2565 381 2615 alium
395 2564 447 2613 belli
463 2565 541 2613 ducem
557 2577 594 2613 aut
610 2577 669 2613 metu
685 2576 722 2613 aut
738 2565 884 2614 benivolentia
899 2561 981 2624 seque-¹
1039 2583 1047 2629 j,>

194 2653 275 2688 rentur.

235 2711 295 2760 Bello
310 2724 383 2760 autem
398 2709 479 2765 sedato,
493 2730 626 2770 quamquam
638 2711 798 2770 propemodum
810 2711 908 2760 eruditus
921 2721 977 2759 esset
1036 2715 1045 2770 J

151 2784 180 2836 35
195 2805 220 2834 ac
234 2785 311 2835 doctus
324 2784 423 2833 omnium
434 2783 515 2833 iudicio
527 2783 643 2838 videretur,
656 2782 739 2832 audivit
750 2795 823 2832 tamen
835 2782 976 2843 Apollonium

190 2964 224 3011 24.
238 2964 274 3010 iste
288 2971 301 3011 i.
316 2984 340 3011 m.
355 2963 400 3009 add.
