2093 3253
244 179 373 210 scalmorum
387 179 512 211 ILLUSTRIUM
525 190 539 194 “
553 179 610 209 LIBER
625 179 669 209 vlu.
738 175 740 178 ’
833 156 872 210 223

85 311 106 347 et
121 314 177 355 quae
192 293 271 342 deinde
286 291 377 350 singulis
390 313 403 340 a
417 291 546 358 Caesaribus
560 304 620 350 gesta
634 304 705 340 essent
719 304 756 339 aut
770 311 823 348 pace
836 303 873 337 aut

85 368 143 421 bello
157 384 330 416 commemorans
345 365 373 414 ad
387 365 536 416 Iustinianum
549 385 621 425 usque
634 382 762 425 progressus
777 376 816 413 est.

127 442 237 500 Tempore
247 439 331 489 medius
341 440 397 488 inter
406 443 525 499 utrumque
534 439 627 489 Orosius
636 439 750 498 presbyter
759 450 823 487 natus
832 451 872 486 est.

86 516 197 574 Hispanus
212 512 248 561 hic
261 511 303 561 luit
316 512 397 571 patriae
407 512 440 560 vir
453 525 526 561 autem
541 512 639 561 eruditus
653 512 676 560 in
690 511 767 559 litteris
781 511 820 559 sed
833 530 872 558 no-

60 586 188 643 5minatim
206 586 230 635 in
250 584 406 643 cognoscendis
426 583 521 634 historiis
546 584 667 644 plurimum
687 584 813 646 obversatus
833 596 873 632 est.

86 662 153 712 Vetus
168 672 213 707 erat
227 671 280 707 tunc
295 678 320 706 ac
332 657 397 716 vulgo
409 657 491 706 credita
502 659 563 716 apud
576 658 656 707 multos
675 657 750 716 opinio
763 656 792 704 ob
804 657 872 705 intro·

87 736 176 784 ductam
190 731 267 789 optimi
282 730 331 779 Iesu
344 729 426 778 Christi
438 748 512 779 veram
525 744 546 778 et
559 731 719 779 sanctissimam
736 730 810 783 fidem,
823 728 873 776 reli-

86 806 179 865 gionem,
195 801 279 852 cultum
295 822 350 861 quos
361 802 455 852 solerent
466 802 518 851 deos
529 802 600 851 colere
611 803 676 850 iratos
683 821 729 851 esse
740 801 873 858 eosdemque

87 878 115 927 ob
130 897 178 925 eam
192 895 239 924 rem
253 874 317 933 longe
331 874 416 934 saepius
430 874 539 934 longeque
552 875 652 924 acerbius
666 874 730 924 solito
745 888 766 924 et
780 874 873 924 Romam

50 955 74 1000 10
89 964 110 998 et
125 950 250 996 Romanum
268 948 386 1005 imperium
405 947 504 995 cladibus
524 947 673 1005 multiplicatis
688 947 795 1005 affligere.
811 942 875 993 Hanc

87 1022 167 1070 lamam
182 1020 314 1078 permaxime
329 1019 438 1067 nutriebat
454 1019 550 1078 perfidia
570 1018 696 1078 aliquorum
716 1038 772 1078 quos
792 1019 873 1077 impre-

87 1095 155 1145 sentia
167 1113 262 1152 paganos
274 1112 313 1142 seu
325 1092 415 1152 gentiles
428 1095 508 1142 usitato
521 1094 565 1142 iam
577 1094 667 1142 nomine
679 1091 823 1152 appellamus.
839 1091 873 1147 ,Hi

87 1167 181 1219 nominis
197 1166 315 1216 Christiani
330 1166 413 1215 inimici
425 1179 486 1216 erant
498 1187 523 1215 ac
536 1167 587 1216 deos
600 1179 622 1215 et
635 1178 707 1215 mutos
719 1166 741 1218 et
753 1164 818 1214 falsos
830 1166 874 1214 ritu

87 1242 177 1300 antiquo
192 1232 300 1288 obstinate
315 1239 422 1288 colebant.
433 1235 530 1288 Maxima
539 1258 591 1288 vero
600 1259 651 1288 cum
660 1239 739 1288 astutia
748 1239 801 1287 haec
809 1251 875 1297 atque

50 1315 74 1364 l5
88 1313 129 1363 alia
144 1312 260 1361 delendam
273 1312 302 1360 ad
315 1313 365 1361 Iesu
377 1312 467 1367 Christi,
480 1314 515 1361 dei
527 1314 605 1371 optimi
617 1333 642 1360 ac
650 1313 703 1367 veri,
711 1312 779 1361 fidem
790 1313 813 1360 in
825 1331 874 1359 nas-

88 1399 173 1433 centem
193 1384 305 1433 ecclesiam
331 1384 467 1450 seminabant
489 1384 610 1444 eademque
631 1385 766 1442 argumentis
787 1384 874 1442 quantis

89 1470 188 1517 poterant
203 1456 253 1505 rudi
267 1476 292 1504 ac
307 1456 407 1505 credulae
420 1456 555 1505 multitudini
568 1456 712 1505 affirmabant.
727 1457 773 1504 Iam
785 1455 875 1515 quidem

90 1530 182 1579 nimium
196 1543 262 1590 atque
277 1530 370 1578 nimium
381 1530 403 1579 in
415 1529 517 1589 opinione
528 1529 645 1579 hominum
655 1542 678 1579 et
689 1530 771 1579 Romae
782 1541 804 1579 et
814 1529 874 1579 omni

90 1603 112 1652 in
126 1616 182 1652 terra
200 1602 260 1653 Italia
272 1603 325 1652 haec
337 1601 394 1652 lama
406 1615 547 1662 percreverat.
557 1602 650 1652 Vivebat
657 1615 711 1652 tunc
718 1602 820 1652 Aurelius
828 1601 875 1651 Au-

50 1678 77 1724 20
91 1677 198 1734 gustinus,
213 1676 246 1724 vir
259 1695 345 1725 summa
359 1676 469 1734 religione,
484 1695 569 1724 summa
582 1675 704 1724 litterarum
717 1687 739 1723 et
752 1668 876 1724 divinarum

89 1760 110 1798 et
125 1747 270 1798 humanarum
285 1748 381 1804 scientia,
397 1769 483 1798 summa
498 1749 612 1798 sanctitate
628 1748 734 1808 preditus.
750 1748 875 1798 Commovit

90 1821 162 1880 ipsum
168 1841 202 1870 res
208 1823 249 1871 ista
255 1836 280 1871 ut
285 1822 368 1871 viribus
375 1822 477 1872 omnibus
488 1823 530 1872 hoc
536 1822 564 1871 ad
570 1821 697 1872 incendium
704 1821 876 1882 extinguendum

90 1908 218 1943 occurreret.
229 1895 308 1953 Neque
319 1913 374 1942 vero<
381 1895 503 1954 spernenda
513 1914 547 1942 res
559 1908 604 1943 erat
616 1915 657 1944 nec
668 1913 747 1953 parum
758 1896 802 1943 iam
818 1894 875 1943 mul·

90 1965 189 2014 titudinis
202 1966 286 2015 animos
298 1967 442 2026 perturbarat.
456 1967 487 2016 Ut
499 1967 566 2027 igitur
578 1987 602 2016 ea
615 1966 708 2017 dilueret
725 1987 781 2027 quae
793 1967 816 2016 in
828 1986 876 2015 eam

50 2039 76 2087 25
92 2040 222 2088 sententiam
236 2040 367 2095 dicerentur,
383 2041 514 2100 doceretque
529 2054 551 2089 et
566 2040 639 2100 plures
654 2054 676 2089 et
691 2040 811 2090 acerbiores
826 2054 876 2089 ante

91 2132 157 2169 quam
171 2115 221 2170 post
240 2126 316 2161 natum
336 2113 408 2161 Iesum
427 2113 541 2161 Christum
560 2108 639 2171 pestes,
660 2113 723 2167 bella,
743 2113 875 2161 calamitates

91 2204 158 2241 genus
174 2185 289 2234 hominum
303 2186 416 2240 cruciasse,
431 2185 498 2234 libros
513 2186 551 2246 qui
565 2186 674 2235 hahentur
686 2187 713 2234 de
728 2185 822 2236 Civitate
832 2185 875 2234 Dei

92 2256 146 2307 duos
161 2271 182 2307 et
197 2258 273 2318 viginti
288 2259 381 2319 scripsit.

133 2330 212 2379 Oresio
220 2345 300 2386 autem,
309 2331 410 2381 familiari
422 2346 442 2381 et
453 2333 547 2381 auditori
559 2354 606 2388 suo,
618 2334 656 2393 qui
667 2334 727 2392 apud
738 2353 789 2382 eum
800 2334 875 2381 Chris¹

51 2400 79 2448 30
93 2402 163 2452 tianae
177 2404 228 2453 fidei
247 2404 332 2453 cultum
349 2425 374 2452 ac
392 2405 473 2463 ingenii
492 2406 624 2464 percepisset
642 2405 818 2465 singularemque
831 2406 875 2453 his-

92 2476 159 2524 toriae
169 2497 193 2525 ae
204 2478 316 2526 vetustatis
328 2478 475 2537 cognitionem
486 2479 582 2535 haberet
593 2479 649 2528 hanc
665 2480 729 2528 istam
741 2479 876 2538 provinciam

93 2547 219 2606 designavit,
227 2563 252 2598 ut
260 2551 302 2598 hoc
309 2552 337 2599 ad
345 2552 471 2600 institutum
478 2552 577 2610 exempla
589 2554 740 2601 convenientia
748 2552 875 2607 cumularet,
943 2582 945 2584 ·

92 2632 116 2668 ut
131 2620 297 2672 commonefacti
309 2624 397 2672 credere
409 2624 534 2673 desinerent
547 2625 669 2674 humanum
681 2646 749 2684 genus
762 2626 876 2684 ipsamque

92 2694 169 2743 urbem
184 2696 277 2746 Romam
293 2717 318 2745 ac
335 2696 459 2747 Romanum
476 2699 593 2758 imperium
610 2699 638 2747 ob
656 2698 738 2747 Christi
755 2697 877 2747 cultumet

53 2762 79 2811 35
94 2768 178 2825 saepius
194 2782 215 2817 et
230 2771 299 2818 acrius
314 2790 381 2828 quam
394 2770 472 2819 soleret
486 2771 556 2825 bellis,
570 2772 635 2826 lame,
651 2785 712 2829 peste
725 2773 804 2820 vexari.
819 2771 876 2819 Oro-

55 2877 192 2894 x·-

109 2947 137 2993 l8.
151 2961 211 3005 atque
225 2952 315 2996 nimium:
331 2953 378 2996 nii.
393 2972 418 2997 m.
473 2954 505 2998 20.
520 2965 539 2997 et
553 2954 682 3011 (divinarum)
697 2962 710 3000 ι’.
725 2974 740 3000 r.
