2093 3253
126 159 163 204 136
425 169 516 204 srccoi'us
529 173 649 205 rotan'rour
663 181 666 187 ¹

154 286 314 342 incantatores,
327 282 408 345 magios
420 308 467 336 esse
478 300 585 346 putarent.
598 287 678 346 Neque
690 306 741 335 vero
753 286 850 335 Petrarca
862 288 885 335 id
897 308 948 345 pur·

165 357 222 417 gavit
232 359 301 409 facile.
313 360 345 408 Re
354 373 427 408 autern
438 361 460 409 in
471 360 542 409 lucem
553 360 618 409 ducta
628 360 657 408 ad
667 359 691 408 id
701 360 780 419 gratiae
791 373 812 408 et
823 358 949 410 benivolen-

139 458 143 463 ¹
164 432 206 481 tiae
220 434 279 483 venit
286 433 346 493 quod
353 433 372 482 ei
380 453 435 492 papa
443 453 483 483 suo
490 447 551 483 motu
559 434 651 483 honores
659 446 680 482 et
688 453 777 491 magnos
784 432 877 482 honores
883 446 949 492 atque
1017 453 1034 500 :33

139 542 140 546 ,
164 505 319 554 cardinalatum
334 504 428 554 offerret.
444 505 489 555 Sed
503 518 567 573 poeta
582 506 623 554 ocii
639 505 712 565 potius
727 518 749 554 et
764 504 868 554 libertatis
883 526 950 565 quam

138 579 152 626 5
169 579 276 627 honorum
290 593 311 628 et
325 579 434 636 dignitatis
448 591 531 627 amator
545 580 622 637 gratias
636 578 798 637 pontilici'egit,
812 576 896 626 oblatos
910 599 948 627 au-

165 663 210 698 tem
224 651 316 699 honores
331 653 423 709 accipire
439 653 551 699 recusavit.

140 758 141 761 =
207 723 353 773 Aretini'vero
365 724 418 773 tanti
431 724 528 773 lecerunt
539 725 612 783 ipsum
624 724 683 783 apud
695 746 731 773 eos
743 737 819 773 natum
831 746 877 773 esse
889 726 949 784 quod

166 797 281 846 immortali
292 817 332 857 pro
343 799 446 847 memoria
457 818 482 846 ac
493 798 584 846 civitatis
595 811 723 847 ornamento
734 800 847 847 statuerint
858 799 949 846 domum

166 869 188 915 in
199 890 242 927 qua
253 883 315 917 natus
326 883 382 918 esset
393 869 475 926 (vicum
485 870 598 927 appellant-
605 870 695 927 Ortum)
705 883 727 917 et
738 870 848 918 Petrarcae
858 870 950 917 domum

128 940 154 988 l0
168 954 273 1000 perpetuo
282 941 384 1001 appellari
394 955 416 991 et
425 962 469 1001 quo
479 955 524 991 erat
534 943 556 990 in
566 955 622 991 statu
632 960 718 1000 semper
727 943 755 991 de
765 941 853 1001 publico
862 961 949 992 conser-

166 1015 218 1063 vari.
233 1015 280 1063 Nec
290 1016 308 1063 F
308 1015 397 1063 lorentia
406 1017 475 1063 civem
484 1017 565 1072 sprevit
574 1035 646 1064 suum.
656 1016 704 1063 Sibi
713 1017 772 1063 enim
781 1015 804 1062 id
813 1035 858 1062 non
867 1016 948 1073 petenti

166 1107 237 1146 neque
249 1088 343 1146 speranti
356 1101 378 1135 et
391 1088 495 1137 redeundi
508 1089 536 1136 ad
548 1090 640 1146 patriam
653 1089 704 1136 lecit
717 1101 847 1146 potestatem
859 1101 881 1136 et
894 1109 948 1146 quae

166 1159 230 1208 fiscus
246 1160 339 1208 habebat
354 1161 427 1208 omnia
442 1161 507 1217 patris
523 1161 580 1209 bona
596 1161 697 1228 restituit.

209 1231 324 1282 Caeterum
339 1234 362 1282 in
371 1234 419 1291 ipso
429 1234 555 1282 venerabilis
565 1235 656 1293 quidam
665 1247 765 1292 aspectus
775 1247 840 1292 atque
851 1235 948 1281 maiestas

128 1306 153 1354 l5
168 1318 213 1354 erat
227 1326 283 1364 quae
295 1307 367 1365 ipsum
379 1306 476 1354 videntes
489 1307 600 1370 induceret
612 1320 637 1354 ut
649 1308 687 1365 qui
699 1308 764 1354 etiarn
776 1327 821 1355 non
833 1327 949 1363 cognosce·

167 1391 221 1432 rent,
233 1378 279 1426 solo
289 1392 361 1427 tamen
371 1392 460 1437 aspectu
470 1378 541 1427 virum
552 1399 597 1427 esse
608 1380 751 1428 reverendum
761 1378 823 1428 illum
833 1391 855 1428 et
865 1379 949 1437 sapien·

167 1449 275 1499 tissimum
290 1452 415 1500 iudicarent.
435 1451 552 1501 Proceritas
568 1471 619 1500 vero
637 1452 748 1500 communi
767 1465 848 1501 statura
862 1451 950 1510 pluscu¹

139 1547 145 1551 ··
167 1525 213 1572 lum
228 1525 303 1579 maior,
317 1524 388 1573 vultus
402 1536 457 1572 teres
470 1545 495 1573 ac
508 1525 602 1583 pinguis,
616 1546 658 1573 vox
671 1525 742 1573 suavis
756 1538 777 1573 et
791 1524 865 1579 virilis,
879 1544 950 1572 sermo

167 1597 235 1645 comis
242 1610 265 1646 et
272 1599 341 1655 gravis
349 1617 374 1646 ac
381 1599 441 1647 omni
450 1598 513 1645 sorde
521 1598 607 1656 penitus
615 1617 703 1652 vacuus,
711 1597 845 1646 conversatio
853 1596 950 1645 modesta

126 1671 155 1720 20
169 1682 234 1729 atque
248 1671 277 1720 ita
282 1670 396 1732 'familiaris
405 1684 426 1720 et
436 1672 529 1720 iocunda
538 1684 563 1719 ut
572 1684 667 1719 moestus
676 1671 704 1719 ab
713 1692 739 1718 eo
749 1691 814 1718 nemo
823 1670 949 1724 discederet,

167 1742 223 1793 oculi
238 1764 282 1792 non
296 1741 404 1793 deformes
418 1745 457 1793 sed
471 1746 554 1793 vivaces
568 1757 589 1793 et
604 1745 683 1802 magni,
698 1744 756 1793 visus
770 1744 825 1792 adeo
839 1742 915 1792 firmus
929 1756 950 1791 et

166 1834 216 1864 acer
225 1829 249 1864 ut
260 1817 407 1874 sexagenarius
418 1817 498 1865 litteras
509 1817 738 1865 etiam'minutissimas
749 1816 821 1874 legens
830 1815 890 1865 nullo
898 1837 950 1864 ocu·

167 1888 244 1938 larium
255 1887 361 1947 praesidio
373 1902 475 1939 uteretur.
489 1888 575 1938 luvenis
585 1889 664 1937 virium
675 1910 719 1937 non
732 1888 849 1937 multarum
860 1887 902 1937 luit
912 1888 951 1937 sed

167 1962 230 2010 vivax
240 1974 261 2010 et
271 1962 369 2021 agilitatis
379 1974 451 2010 tantae
463 1975 488 2010 ut
498 1982 573 2010 omnes
583 1961 747 2011 admirarentur.
761 1961 847 2020 Corpus
857 1963 880 2010 in
889 1963 950 2010 senio

126 2035 154 2082 25
170 2035 257 2092 pingue,
265 2035 304 2082 sed
311 2035 371 2082 omni
378 2047 446 2081 aetate
454 2035 591 2082 sanissimum
599 2034 682 2082 habuit.
689 2033 806 2093 apoplesia
814 2034 880 2082 modo
887 2055 951 2082 vexa·

168 2106 231 2155 batur
245 2107 361 2161 interdum,
368 2107 433 2165 atque
438 2100 469 2173 ob
476 2126 524 2156 earn
531 2125 577 2156 rem
584 2109 621 2166 qui
630 2106 705 2156 lamuli
713 2120 773 2156 erant
780 2108 873 2157 liberum
880 2129 949 2166 quan-

168 2180 285 2240 docunque
299 2181 327 2230 ad
339 2200 390 2229 eum
399 2200 509 2229 accessum
519 2180 634 2230 habebant.
646 2180 741 2230 Consilia
752 2181 887 2230 medicorum
896 2182 950 2231 adeo

169 2273 208 2312 pro
223 2255 285 2312 nugis
297 2254 372 2302 habuit
382 2274 406 2302 ac
417 2256 498 2312 sprevit
508 2273 593 2313 semper
604 2267 628 2302 ut
640 2269 755 2313 nunquam
763 2273 839 2302 eorum
850 2256 950 2303 remediis

156 2339 271 2375 uteretur.
284 2326 310 2376 ld
320 2327 378 2375 enim
389 2327 440 2375 iussi
452 2328 489 2385 qui
500 2328 588 2377 aderant
599 2348 674 2377 omnes
685 2341 706 2377 et
716 2327 779 2376 amici
793 2341 815 2376 et
825 2327 900 2377 lamuli
911 2328 951 2376 ob-

127 2400 156 2448 30
170 2397 290 2455 servabant,
298 2421 326 2449 ne
333 2400 442 2459 languenti
449 2400 509 2449 fieret
515 2402 632 2460 quicquam
639 2401 700 2460 quod
706 2402 763 2450 ullus
771 2402 868 2450 medicus
874 2422 952 2460 quam·

168 2473 199 2520 vis
213 2473 310 2530 egregius
323 2471 438 2521 ordinaret.
451 2473 557 2522 Naturam
565 2472 606 2521 sibi
617 2494 663 2521 esse
675 2474 805 2531 magistram,
817 2475 952 2522 medicorum

167 2558 240 2595 autem
254 2545 342 2594 consilia
355 2565 402 2594 esse
415 2566 470 2594 vana
484 2546 576 2594 dicebat.

209 2617 288 2667 Aditus
299 2638 350 2666 vero
361 2618 389 2665 ad
400 2638 450 2666 eum
461 2638 512 2666 cum
523 2619 579 2667 bene
590 2619 670 2667 valeret
681 2618 734 2667 nulli
747 2618 847 2674 difficilis,
859 2619 951 2668 nullam

168 2712 194 2740 eo
209 2690 316 2749 superbia.
327 2690 385 2740 nulla
395 2710 482 2748 pompa.
496 2691 629 2740 Irascebatur
639 2692 749 2740 interdum
759 2692 798 2740 sed
808 2692 862 2740 iram
872 2692 952 2740 damno

127 2806 268 2817 —--.-...

180 2874 199 2920 5,
213 2874 310 2921 oblatos...
319 2875 408 2928 accipere
415 2881 428 2919 ι’.
436 2894 451 2920 ν.
509 2875 538 2921 14.
547 2875 577 2922 Ex
584 2887 673 2920 ceterum
682 2895 730 2920 corr.
791 2874 823 2921 25.
835 2876 951 2932 (apople)sia

127 2948 144 2986 ι’(
155 2961 171 2986 r.
226 2941 258 2986 33.
272 2942 325 2986 bene
337 2947 404 2985 stetim
419 2959 441 2986 ex
457 2940 560 2996 vaterem)
574 2960 624 2986 corr.

1017 409 1034 452 ts:
