2093 3253
168 224 210 268 ’476
384 252 385 255 =
468 237 563 269 siccours
577 238 696 269 nocauronr

212 371 298 415 nanque
312 351 432 410 antiquitus
444 350 532 400 Cinthia
543 350 589 410 lege
600 364 645 400 erat
656 372 684 401 ne
695 352 744 410 quis
756 351 859 401 orandam
871 351 899 401 ob
910 346 998 402 causam

213 424 327 481 pecuniam
343 425 452 471 donumve
475 425 588 482 acciperet.
613 424 660 473 Nec
683 439 755 473 tamen
779 426 867 473 deerant
891 426 997 474 maiorum

212 495 310 554 exempla
321 496 360 554 qui
371 496 467 554 provecti
479 496 507 545 ad
519 516 604 545 summa
615 509 686 546 essent
698 497 822 556 incorrupta
834 498 877 547 vita
889 510 910 546 et
922 495 997 545 lacun-

212 570 255 619 dia.
265 569 385 618 Accusatus
395 581 469 618 autem
479 568 546 618 Sillus
557 571 617 629 quod
628 583 744 629 patronum
755 591 777 618 se
788 569 841 619 nulli
853 570 875 619 ni
887 571 937 619 dato
948 589 997 629 pre·

186 645 198 691 5
213 644 247 690 cio
262 643 379 695 exhiberet,
396 643 502 689 sententia
518 642 604 690 Claudii
617 641 732 690 absolutus
748 656 788 690 est.
805 642 892 690 Cinthie
908 662 997 700 quoque

190 748 191 752 ,
212 714 264 773 legis
280 715 415 762 severitatem
431 714 461 762 ita
476 713 582 763 Claudius
598 715 732 772 temperavit:
750 732 758 755 1(
767 715 877 771 Quoniam
893 714 997 772 eloquen-

212 788 265 836 tiam
274 803 283 826 >t
296 786 367 844 inquit
379 802 388 826 t(
397 807 441 835 non
453 787 578 844 contingere
590 787 683 845 gratuito
696 800 779 837 constat
792 800 813 836 et
826 786 896 836 studia
909 786 998 846 premiis

212 858 302 909 sublatis
319 872 407 917 pereant
424 858 515 907 modum
531 859 609 917 preciis
630 859 761 918 accipiendis
778 859 806 907 ad
822 859 877 907 dena
899 859 998 907 sextertia

212 931 368 981 adhibemus.»
389 932 491 989 Egressos
512 945 585 981 autem
606 933 775 990 repetundarum
796 932 864 981 teneri
886 931 962 991 placet.

174 1007 200 1056 10
257 1001 305 1053 Nec
320 1002 424 1053 Claudius
438 1004 513 1066 minus
522 1004 646 1054 inconstans
659 1018 680 1054 et
693 1005 763 1053 varius
776 1004 921 1065 quamSillus
933 1022 998 1063 rapax

212 1091 234 1126 et
248 1089 347 1125 versutus
362 1089 414 1125 erat.
432 1077 516 1125 Patrem
533 1078 605 1125 amisit
622 1077 726 1127 Claudius
744 1077 815 1126 iulans
832 1098 857 1126 ac
879 1096 917 1135 per
934 1096 999 1126 omne

213 1150 258 1199 lere
273 1150 380 1207 puericiae
394 1162 460 1208 atque
479 1150 635 1199 adolescentiae
655 1164 741 1209 tempus
761 1151 825 1199 variis
845 1164 866 1199 et
886 1150 999 1199 tenacibus

214 1222 295 1270 morbis
310 1235 342 1269 est
356 1223 410 1269 adeo
425 1222 560 1270 conflictatus
571 1224 631 1281 quod
641 1225 714 1271 animo
724 1224 789 1272 simul
800 1236 821 1270 et
831 1241 921 1280 corpore
931 1222 997 1270 hebe-

213 1308 258 1344 tato
272 1307 338 1353 atque
349 1313 460 1353 progressa
472 1295 561 1353 quidem
572 1308 640 1344 aetate
652 1296 689 1344 ulli
701 1295 789 1354 publico
806 1296 933 1354 privatoque
949 1315 997 1342 mu·

175 1369 200 1418 15
216 1367 261 1417 neri
276 1365 353 1415 habilis
367 1387 439 1427 neque
452 1366 561 1415 videretur
575 1387 615 1416 nec
629 1381 691 1416 esset.
708 1365 827 1428 Imperator
841 1381 914 1416 autem
928 1386 999 1425 neque

214 1443 293 1489 virtute
306 1460 345 1487 nec
358 1459 423 1498 opera
435 1460 473 1489 sua
486 1460 562 1489 verum
574 1443 654 1490 invitus
667 1463 692 1490 ac
704 1442 789 1501 lugiens
802 1441 871 1491 lactus
884 1455 923 1491 est.
937 1440 1003 1490 Mili:

213 1513 264 1561 taris
279 1512 338 1559 enim
350 1511 411 1559 lavor
423 1513 540 1570 imperinm
552 1514 593 1561 sibi
606 1535 657 1562 cum
670 1513 756 1563 senatus
769 1515 820 1562 odio
832 1528 880 1562 tum
892 1513 998 1561 beneficio

213 1607 238 1635 ac
253 1584 401 1634 recordatione
416 1585 522 1635 maiorum
541 1585 608 1636 dedit.
629 1587 678 1646 lpse
697 1587 787 1646 quidem
805 1588 828 1635 in
847 1584 998 1646 cognoscendo

213 1681 238 1708 ac
247 1658 383 1707 decernendo
392 1659 463 1707 varius
474 1660 546 1707 animo
557 1660 637 1708 mirum
647 1661 669 1708 in
680 1661 771 1709 modum
780 1657 829 1711 luit,
838 1657 899 1716 quod
906 1656 999 1704 circum-

173 1734 202 1781 20
216 1742 302 1790 spectus
313 1730 422 1779 interdum
432 1744 454 1779 et
463 1751 533 1788 sagax,
544 1732 661 1790 aliquando
670 1728 805 1781 inconsultus
816 1744 837 1778 et
847 1748 943 1788 preceps.
955 1748 999 1776 non

215 1823 328 1861 nunquam
342 1801 432 1852 lrivolus
446 1824 470 1852 ac
485 1803 561 1853 similis
575 1805 655 1854 amenti
670 1818 733 1854 esset.
917 1804 918 1807 ¹

256 1875 311 1925 Exul
326 1888 399 1925 autem
414 1876 502 1931 Seneca,
515 1878 546 1926 uti
559 1890 603 1926 erat
614 1877 687 1927 animo
699 1878 849 1930 constitutum,
861 1873 949 1923 exilium
960 1892 998 1932 pa-

214 1951 293 1998 tienter
306 1968 331 1995 ac
347 1945 456 1997 moderate
470 1949 527 1997 tulit.
547 1949 599 1998 Non
619 1950 683 1998 rebus
703 1948 744 1998 illis
764 1949 820 2008 quae
839 1949 910 1996 tristes
929 1945 1001 1994 solent

215 2021 288 2070 exules
299 2020 368 2069 lacere
379 2021 483 2069 tristiores
495 2023 599 2071 miserum
610 2044 632 2071 se
644 2023 734 2080 putavit,
746 2022 785 2070 sed
795 2034 820 2069 ut
831 2021 1000 2076 virumgravem

173 2094 201 2142 25
217 2106 238 2141 et
252 2092 371 2149 sapientem
386 2093 455 2147 decet,
464 2106 560 2142 mentem
568 2096 597 2143 ita
605 2094 728 2152 composuit
735 2095 764 2142 ad
772 2094 875 2152 quietem,
883 2092 912 2140 ad
920 2091 999 2143 ocium,

214 2167 242 2215 ad
257 2165 355 2214 studium
369 2167 448 2214 artium
465 2167 597 2223 optimarum
613 2168 674 2225 quod
691 2167 769 2225 opibus
786 2179 807 2213 et
828 2165 883 2213 urbe
904 2163 1001 2222 privatus

216 2239 385 2297 haudquaquam
399 2239 464 2299 latere
479 2239 534 2288 inter
549 2258 614 2298 rupes
629 2238 711 2289 Corsici
727 2239 791 2289 maris
806 2259 852 2286 nec¹
861 2257 913 2296 opes
927 2234 1000 2295 perdi-

215 2313 272 2361 disse
287 2331 363 2360 verum
377 2311 533 2375 impedimenta
549 2312 647 2372 posuisse
663 2334 688 2361 ac
705 2333 751 2361 esse
768 2312 822 2360 liber
838 2331 876 2359 sua
893 2311 916 2359 in
932 2308 1000 2367 patria

216 2384 331 2433 videretur.
348 2384 396 2433 Hoc
410 2397 509 2444 tempore
519 2386 610 2445 scriptos
620 2386 648 2434 ab
659 2406 685 2434 eo
695 2385 762 2434 libros
773 2385 810 2444 qui
822 2384 849 2431 de
859 2381 1001 2431 Naturalibus

174 2461 202 2509 30
217 2457 373 2516 Questionibus
387 2458 534 2506 inscribuntur
548 2458 630 2518 opinati
643 2459 733 2518 quidam
746 2472 804 2507 sunt.

257 2531 297 2579 Per
312 2531 358 2578 dies
372 2544 446 2579 autem
459 2533 511 2579 istos
525 2533 583 2589 ipsos
597 2532 677 2590 quibus
691 2533 713 2579 in
727 2532 816 2580 Corsica
829 2530 923 2579 exularet
937 2529 1002 2577 Vale-

216 2604 269 2651 riam
285 2602 425 2651 Messalinam
443 2604 471 2651 ob
488 2617 586 2661 patentes
603 2605 697 2652 incestus
714 2617 735 2651 et
753 2603 880 2661 multiplicia
896 2601 1000 2650 adulteria

216 2674 321 2725 Claudius
336 2675 443 2742 supplicio
457 2676 536 2726 affecit.
554 2675 602 2726 Nec
620 2675 689 2726 multo
707 2689 756 2735 post
774 2677 797 2724 in
814 2674 910 2724 Valeriae
928 2674 1001 2723 locum

216 2748 278 2797 duxit
298 2767 388 2796 uxorem
403 2748 553 2807 Agrippinam,
572 2748 665 2797 Neronis
682 2761 780 2797 matrem.
799 2748 858 2795 Haec
874 2767 941 2806 quam
955 2748 1001 2805 pri-

209 2890 226 2925 7.
238 2888 279 2924 Tac.
292 2889 334 2926 Arm.
347 2888 377 2925 Xl.
391 2890 407 2926 7.

175 2967 316 2978 m

169 3064 172 3069 A
217 3003 248 3050 l3.
262 3003 292 3048 Ex
306 3003 385 3049 ebetato
399 3021 447 3048 corr.
462 3002 481 3048 O
496 3004 574 3049 ebetato
589 3004 615 3050 Ρι
