2093 3253
246 214 272 258 90
545 224 639 254 srccorus
653 223 772 255 Porrurour
831 271 833 274 ᾖ

290 335 424 390 Macrobius.
439 339 528 387 Detexit
542 339 593 387 vitia
608 338 704 387 Servius.
720 337 752 386 Ex
767 337 864 405 Homero
878 358 903 385 ac
917 339 986 397 poetis
1002 358 1039 386 rnu

290 415 407 473 sumpsisse
415 431 488 461 versus
499 412 625 460 obiecerunt
633 412 730 469 quidam.
742 412 857 459 Maronem
864 425 937 459 autem
945 411 1046 470 his'resp

291 487 348 536 disse
361 498 452 535 constat:
469 503 508 533 cur
523 502 633 533 assumere
648 484 678 532 illi
695 505 721 533 ex
737 483 834 533 Homero
848 503 923 534 versus
933 515 934 519 =
943 504 987 534 non
1007 498 1044 534 ten

290 565 353 610 rent?
368 559 481 608 Futurum
492 560 551 607 eninr
562 558 654 613 dicebat,
663 559 680 605 si
694 559 848 617 experirentur,
862 558 922 616 quod
935 558 1047 616 intelliges

265 635 278 683 5
294 632 402 682 difficilius
418 652 465 679 esse
483 650 571 679 versum
587 630 691 678 Homero
701 650 768 689 quam
785 629 874 678 Herculi
891 631 973 679 clavam
989 631 1043 689 erip

293 705 390 754 Fuerunt
404 704 471 752 etiam
486 703 524 762 qui
540 702 619 770 scripta
635 703 681 751 eius
696 715 775 752 utsua
791 715 874 752 mutato
885 703 973 752 nomine
983 704 1046 752 edere

293 777 347 832 Nec,
358 778 396 836 qui
405 796 458 824 suus
467 788 512 824 erat
521 774 639 830 familiaris,
650 774 730 824 Varrus
740 775 781 824 sibi
790 783 888 834 arrogare
897 776 1004 835 quaedam
1012 776 1047 824 ab

294 852 349 898 nuit.
364 849 446 897 Contra
459 867 509 897 vero
523 861 598 905 poetae
611 847 676 895 huius
689 847 842 895 obtrectatores
854 848 961 896 Asconius
973 848 1038 896 Pedia

295 923 387 982 scripsit
402 919 481 980 Neque
489 914 581 969 oblitus
579 941 628 969 sum
636 921 705 969 audiri
714 920 782 969 solere
791 941 828 979 qur
823 921 879 970 hoc
887 922 914 970 de
922 934 989 979 poeta
993 940 1043 969 narr

258 997 283 1046 11]
298 995 365 1044 multa
380 1014 435 1054 quae
450 1006 501 1043 sunt
512 1013 524 1043 a
536 992 599 1042 nobis
611 992 661 1042 ideo
673 994 816 1052 pretermissa,
829 994 890 1053 quod
901 1015 948 1043 esse
959 994 995 1044 illa
1006 1016 1047 1044 co

297 1068 458 1128 dignitatem
438 1067 485 1122 vrri,
497 1079 573 1116 contra
583 1068 696 1116 veritatem
706 1065 765 1122 lacti,
777 1067 886 1126 rebusque
897 1069 972 1126 magiis
983 1068 1046 1117 acab

287 1142 345 1189 letis
358 1140 421 1199 plena
435 1140 535 1197 dictaque
547 1157 586 1197 per
598 1137 694 1186 fabulam
706 1159 731 1187 ac
743 1138 847 1187 lemineas
860 1159 927 1197 nugas
940 1152 1022 1197 putem.
1042 1145 1047 1182 l

297 1214 362 1272 igitur
376 1212 404 1260 de
418 1211 508 1271 Virgilio
520 1211 605 1261 dictum
617 1211 659 1260 hoe
671 1211 718 1261 loco
730 1212 788 1261 satis.

342 1286 408 1334 Nunc
421 1304 473 1334 vero
488 1284 641 1333 memorandus
657 1284 717 1332 adest
732 1283 761 1341 Q.
777 1284 880 1333 Horatius
896 1284 992 1341 Flaccus,
1008 1288 1045 1344 qui

260 1361 285 1409 15
300 1372 364 1416 poeta
371 1357 413 1406 tuit
421 1358 518 1415 egregius
526 1358 587 1404 etrei
596 1359 691 1415 poeticae
699 1357 768 1405 clarus
777 1357 854 1405 artifex
861 1371 883 1405 et
891 1359 998 1417 magister.
1007 1358 1046 1407 En'

300 1451 350 1480 vero
365 1427 513 1487 Quintilianus
525 1430 549 1478 in
561 1429 666 1478 Oratoriis
682 1430 795 1484 lnsbtutis,
809 1450 860 1479 eum
872 1431 900 1479 de
912 1431 981 1489 poetis
995 1430 1047 1480 Gra

301 1505 434 1563 Latinisque,
443 1516 468 1551 ut
475 1515 569 1561 quantus
577 1503 605 1552 sit
613 1504 706 1562 quisque
714 1504 797 1552 dinosci
805 1504 879 1561 possit,
888 1522 1010 1553 sermonem
1019 1505 1045 1553 ha

301 1591 340 1633 ret,
351 1588 438 1636 poetam
453 1576 511 1625 hunc
526 1576 593 1624 istum
603 1590 624 1624 et
634 1577 690 1625 inter
699 1589 781 1634 satyros
791 1589 873 1624 tersum
883 1596 930 1625 esse
939 1569 964 1626 ac
973 1597 1030 1636 puru

302 1653 357 1698 inter
371 1649 448 1707 lyricos
462 1648 532 1697 solum
546 1648 583 1707 qui
597 1648 638 1706 legi
652 1649 679 1698 sit
692 1649 771 1706 dignus
784 1647 856 1698 relert.
871 1649 970 1707 vInsurgit
988 1650 1042 1707 quid

261 1725 290 1774 20
304 1735 329 1773 ut
343 1721 466 1772 testimonio
478 1723 523 1770 eius
534 1742 559 1771 ac
570 1721 641 1770 verbis
652 1734 707 1777 utar,
719 1720 835 1780 aliquando
846 1735 868 1770 et
879 1722 956 1781 plenus
967 1736 999 1771 est
1010 1724 1044 1772 ioc

303 1797 374 1846 ditatis
389 1808 410 1845 et
425 1795 510 1854 gratiae.

346 1870 416 1918 Natus
431 1881 463 1916 est
479 1868 582 1917 Horatius
593 1881 666 1916 noster
676 1867 708 1916 Vl
722 1868 773 1917 Idus
785 1867 917 1916 Decembres
928 1890 985 1917 anno
995 1870 1023 1918 ab

304 1943 391 1991 condita
409 1940 449 1989 Vl⁶
476 1940 638 1996 LXXXVHH,
654 1941 681 1989 L.
696 1940 761 1989 Cotta
779 1953 800 1989 et
819 1941 845 1990 L.
864 1940 976 2000 Torquato
994 1961 1046 1990 cons

226 2050 228 2052 -
305 2009 796 2073 bus.Libertatempublieamadlrucretinebat
802 2014 871 2063 Roma
879 2028 900 2064 et
913 2017 950 2074 qui
964 2028 1024 2064 erant
1041 2040 1047 2058 ι

264 2090 292 2140 25
307 2089 363 2144 sules
375 2087 542 2145 haudquaquam
552 2087 584 2135 uti
595 2086 636 2135 sub
647 2085 775 2136 Caesaribus
785 2101 860 2145 postea
870 2088 908 2136 sed
916 2088 1022 2137 maiorum

306 2161 432 2209 auctoritate
449 2172 535 2207 senatus
553 2179 578 2206 ac
599 2159 675 2217 populi
693 2160 785 2207 Romani
803 2161 918 2217 imperium
934 2160 1045 2217 gubernab

269 2273 272 2275 -
307 2236 382 2282 Annos
394 2245 446 2281 tunc
457 2233 541 2281 circiter
552 2251 630 2280 novem
641 2231 717 2289 agebat
729 2231 800 2283 Maro.
814 2232 884 2282 Patria
896 2232 985 2282 Horatio
997 2233 1044 2283 Ven

308 2308 356 2356 luit.
367 2307 482 2365 Oppidum
491 2319 524 2355 est
533 2305 640 2373 Appuliae
646 2307 677 2355 'ad
688 2306 796 2355 Lucaniae
804 2305 858 2355 fines
868 2307 941 2356 situm.
953 2306 979 2356 ld
988 2309 1045 2357 cond

309 2394 360 2428 runt
373 2379 447 2428 Sabini
460 2379 528 2437 patria
539 2379 596 2436 pulsi
608 2399 620 2427 a
632 2379 733 2433 Romulo,
746 2381 784 2437 qui
796 2398 834 2427 rex
845 2381 928 2436 primus
940 2382 1036 2437 regnavit

267 2455 297 2502 30
311 2473 365 2501 mae.
380 2451 480 2500 Parentes
496 2450 599 2499 Horatius
615 2450 690 2520 habuit
705 2451 809 2504 obscuros
824 2472 865 2501 nec
876 2470 953 2511 genere
964 2466 1039 2503 tenues

310 2546 351 2575 nus
361 2544 427 2584 quarn
442 2524 520 2582 opibus
530 2538 551 2573 et
561 2537 606 2573 arte
615 2521 674 2573 vilesss
691 2525 776 2573 Patrem
786 2521 854 2573 luisse*
868 2521 985 2583 pauperem
995 2547 1019 2574 ac
1029 2527 1043 2574 li

307 2685 322 2722 l.
334 2685 394 2722 Donat.
409 2683 442 2722 Vir.
456 2683 502 2729 Verg.
516 2683 542 2719 etl.
556 2683 601 2720 hum.
614 2682 717 2728 (Sabbadini,
734 2699 761 2727 op.
778 2684 812 2727 cit„
827 2699 845 2727 p.
862 2684 902 2720 210.
922 2685 948 2726 l6,·
965 2685 993 2721 sed
1009 2686 1045 2722 «Pe

270 2747 371 2784 Faustinus»
382 2758 412 2789 pro
425 2758 432 2777 r
439 2744 533 2781 Macrobius
540 2747 561 2790 n).
612 2745 626 2780 1.
640 2745 681 2782 lbid.
694 2759 709 2781 v.
727 2745 746 2781 15
759 2744 796 2788 (sed
808 2744 931 2782 «Herennius»
943 2760 973 2788 pro
988 2745 1032 2782 «ser

271 2807 288 2845 3.
300 2806 360 2843 Donat.
374 2806 408 2843 Vr't.
422 2806 469 2850 Verg.
482 2821 497 2843 v,
513 2805 546 2842 189
558 2805 585 2843 Br⁴
635 2805 651 2842 8.
664 2805 725 2843 Donat.
740 2807 772 2845 Vir.
786 2806 833 2852 Verg.
846 2822 862 2844 v.
878 2806 910 2845 186
922 2807 950 2844 Bt.
1001 2807 1027 2844 lfi.
1044 2811 1047 2839 Ι

270 2872 309 2907 Inst.
322 2869 343 2905 X.
360 2869 373 2904 1.
387 2867 415 2909 94,
429 2867 457 2904 96.

273 2954 416 2961 ........---

315 3003 331 3047 l.
346 3000 420 3046 detexit
435 3000 498 3056 vi(tia)
513 3006 526 3046 ι’,
541 3020 557 3045 r.
615 2999 631 3044 1.
647 2998 713 3045 multis
728 3005 741 3045 i.
756 3019 779 3051 r.;
793 3007 837 3045 erut
850 2998 958 3055 plurisque.
1007 2985 1009 2997 i
