2093 3253
214 179 216 182 ι
252 138 380 171 scaurorum
397 139 520 171 rutustnrun
535 151 549 157 -
563 139 621 170 uram
634 139 653 170 x.
823 124 861 169 285
897 178 898 181 Ἴ

77 250 140 302 vellet
156 251 294 318 magistratus
302 272 327 301 ac
336 252 427 318 maiores
440 266 599 315 quampeteret
611 253 748 320 magistratus
760 253 864 302 bonores-

77 346 120 385 que
135 323 252 374 delerrent.
264 325 309 374 Sed
320 325 374 374 nihil
385 317 480 375 evertite
495 328 609 383 sententia.
620 327 714 384 Pergens
733 347 821 385 nanque
836 326 864 374 ad

78 398 156 447 urbem
170 398 202 446 ire
214 397 270 447 torte
282 399 383 466 Puteolos
396 400 596 458 venitDescendit
608 400 664 454 navi.
677 407 726 448 tum
738 412 763 448 ut
775 400 861 457 navigio

78 470 160 520 fessum
174 490 197 520 se
211 485 316 522 recrearet
329 472 426 531 paulum,
441 486 490 522 tum
502 486 527 523 ut
540 474 624 523 videret
637 474 655 522 si
674 474 725 533 quis
742 474 864 522 amicorum

53 547 66 596 5
80 545 137 593 istuc
151 542 207 593 torte
222 545 251 594 ad
266 545 342 594 balnea
357 546 501 596 convenisset.
517 546 596 596 Balnea
611 546 702 606 quidem
717 558 768 595 sunt
784 544 820 594 illa
834 546 863 594 ad

79 636 134 675 quae
150 617 265 684 hominum
280 630 354 666 coetus
364 640 409 667 non
419 619 494 667 vicinis
504 640 516 667 e
525 619 578 667 locis
588 620 654 667 modo
663 619 702 667 sed
711 619 758 677 ipsa
767 638 794 666 ex
808 612 864 667 urbe

79 689 148 737 Roma
159 710 185 737 ac
197 691 257 738 omni
270 712 326 750 pene
341 687 401 740 ltalia
413 713 464 740 cum
476 692 562 741 lavandi
573 706 622 741 tum
634 692 725 749 sanandi
737 713 802 740 causa
818 690 862 739 ire-

78 774 170 819 quentes
176 776 236 812 eunt.
243 763 287 820 Qui
293 764 352 812 enim
358 764 451 829 Romani
456 766 556 813 adessent
562 766 619 814 cives
626 784 701 814 omnes
710 765 751 812 sibi
760 777 863 812 venturos

79 833 166 882 obviam
181 854 248 893 seque
262 835 334 895 fronte
345 837 409 890 comi,
422 837 491 886 multo
501 837 610 895 amplexu,
623 857 699 894 magna
710 837 777 894 gratia
785 855 863 894 excep-

42 907 66 955 10
80 918 148 960 turos,
160 906 227 955 veluti
238 908 319 967 quibus
330 909 412 957 reditus
423 909 477 963 eius,
488 923 536 957 tum
547 909 576 957 ob
584 908 672 967 longam
679 908 807 962 absentiam,
816 921 864 956 tum

78 978 107 1027 ob
122 998 176 1038 quas
191 980 235 1045 dixi
248 1000 322 1031 causas
347 982 481 1040 gratissimus
493 994 556 1036 esset,
569 981 702 1040 amplissima
715 1001 753 1040 spe
765 980 864 1039 putabat.

79 1052 123 1114 Sed
134 1073 200 1112 quam
211 1067 339 1113 conceperat
350 1075 418 1114 spem,
431 1075 478 1104 earn
489 1054 598 1114 extemplo
609 1075 686 1106 vanam
702 1075 749 1103 esse
759 1053 864 1113 percepit.

80 1125 140 1173 Haec
153 1146 240 1185 nanque
254 1128 282 1175 ad
296 1127 372 1176 balnea
386 1148 436 1176 cum
451 1128 539 1177 dimissa
554 1148 607 1176 nave
622 1128 744 1194 diverterqt
756 1127 863 1185 quosdam

80 1197 136 1247 forte
147 1199 185 1257 qui
197 1199 289 1249 Romani
300 1214 372 1250 essent
383 1202 440 1251 cives
452 1215 577 1261 starentque
588 1202 610 1249 in
621 1200 703 1249 circulo
714 1195 739 1248 ab
750 1199 822 1254 simul,
839 1214 863 1248 ut

42 1272 66 1319 15
81 1271 112 1325 fit,
127 1291 166 1329 per
180 1273 253 1321 ocium
266 1273 414 1332 loquerentur,
429 1295 441 1322 e
455 1274 575 1333 longinquo
589 1274 650 1335 vidit.
664 1273 748 1322 Eorum
761 1294 826 1334 nemo
839 1286 863 1321 ut

79 1345 177 1393 venienti>
188 1345 265 1410 obvius
279 1345 340 1409 fieret
353 1346 433 1405 pedem
447 1347 522 1395 movit.
536 1340 628 1405 Propius
641 1357 715 1394 autem
729 1358 753 1393 ut
766 1337 864 1399 accessit,

80 1417 141 1475 quasi
150 1417 219 1465 Roma
232 1412 321 1473 veniret,
331 1418 464 1476 interogatur
480 1418 508 1467 ab
524 1440 569 1466 uno
586 1418 642 1466 sitne
654 1418 778 1477 ‘quicquam
794 1411 863 1465 Rome

80 1489 138 1544 novi,
145 1510 188 1549 qua
195 1490 264 1540 diesit
270 1490 325 1540 urbe
331 1489 516 1550 profectusTum
523 1512 597 1540 secum
604 1492 650 1551 ipse
656 1491 734 1541 tacitus
746 1490 862 1540 vehemen-

80 1575 112 1609 ter
119 1563 221 1611 admirari
230 1564 334 1621 primum,
341 1564 420 1612 deinde
430 1565 565 1622 etiamatque
571 1565 636 1612 etiam
644 1564 774 1612 stomachari
783 1565 861 1622 coepit.

41 1635 67 1683 20
81 1635 117 1684 Ad
131 1635 194 1685 illum
208 1655 260 1685 vero
270 1637 308 1695 qui
320 1637 461 1695 interogasset
472 1657 495 1685 se
506 1636 698 1704 haudquamquam
710 1636 779 1685 Roma
790 1637 863 1685 venire

81 1708 119 1756 sed
131 1710 243 1767 provincia
255 1730 267 1758 e
279 1730 318 1758 sua
331 1710 450 1768 respondit.
463 1710 524 1759 Turn
536 1732 548 1759 e
560 1710 624 1759 turba
636 1710 698 1764 alius,
711 1711 773 1769 quasi
785 1710 864 1758 certior

81 1793 137 1827 esset
148 1782 207 1828 unde
217 1783 307 1835 veniret¹
320 1798 328 1821 r
338 1781 403 1829 Venit
414 1782 486 1829 hercle
496 1802 522 1829 ex
532 1781 613 1836 Africa,
624 1799 633 1822 n
644 1783 723 1839 inquit.
735 1799 744 1822 t<
755 1783 802 1829 lmo
812 1801 864 1829 vero

81 1872 107 1900 ex
118 1852 198 1908 Sicilia,
209 1871 218 1894 >³
229 1852 307 1902 Cicero
317 1854 354 1903 ait.
366 1853 426 1902 Tum
436 1853 498 1903 alius:
510 1854 634 1903 «Noscisne
644 1868 676 1908 tu,
687 1871 696 1894 >³
707 1850 779 1913 inquit
789 1854 818 1902 ad
828 1874 863 1902 so-

80 1926 145 1980 cium,
156 1927 231 1985 «quod
240 1948 266 1976 ex
276 1926 349 1976 Sicilia
358 1927 429 1976 redit?
440 1925 498 1976 Nam
507 1927 537 1976 ibi
547 1940 649 1986 quaestor
658 1922 721 1976 luit.»¹
729 1927 832 1986 Denique
840 1948 864 1975 se

41 1996 66 2044 25
82 1998 155 2063 ipsum
168 1999 282 2058 increpans
296 1999 380 2055 Cicero,
395 2000 456 2059 quod
468 2020 547 2048 vanarn
560 2020 622 2058 spem
635 2000 708 2048 animo
722 1999 867 2062 concepisset,

81 2072 210 2120 stomachari
223 2072 287 2121 desiit
299 2085 365 2132 atque
377 2073 549 2132 indignationem
562 2074 584 2121 in
597 2073 666 2121 risum
677 2092 702 2121 ac
714 2073 787 2121 iocum
799 2074 864 2121 vertit

81 2165 148 2203 seque
162 2144 214 2193 lecit
223 2166 249 2194 ex
259 2146 284 2193 iis
294 2167 364 2194 unum
373 2146 411 2205 qui
421 2164 459 2204 per
469 2146 573 2194 solacium
582 2146 610 2194 ad
619 2146 695 2194 balnea
704 2148 863 2194 convenissent.

81 2218 162 2278 Neque·
168 2238 219 2267 vero
227 2219 251 2266 id
259 2219 300 2266 sibi
306 2218 389 2277 proluit
398 2220 470 2267 minus
479 2240 545 2277 quarn
554 2220 572 2267 si
580 2219 733 2277 gratulabundi
742 2239 825 2273 omnes,
831 2219 863 2267 uti

81 2304 153 2340 mente
167 2305 295 2351 conceperat
309 2312 334 2340 ac
347 2290 447 2341 futurum
461 2304 590 2357 speraverat,
605 2292 647 2341 sibi
661 2292 748 2350 obviam
758 2292 863 2346 accurris-

42 2361 68 2409 30
83 2377 138 2413 sent.
149 2364 217 2424 Spem
228 2365 321 2425 quidem
329 2367 391 2414 suam
401 2385 479 2414 vanarn
490 2385 536 2414 esse
547 2365 678 2424 inanemque
688 2364 797 2423 cognovit,
803 2364 864 2423 quod
874 2410 875 2414 ,

81 2457 93 2502 e
108 2438 218 2487 mentibus
234 2439 349 2487 hominum
364 2451 464 2487 evaneret
479 2438 572 2488 illorum
583 2431 663 2486 nomen
677 2451 743 2496 atque
760 2439 863 2486 memoria

82 2511 119 2566 qui
134 2510 242 2564 abessam
261 2511 353 2567 proinde
368 2511 386 2558 si
402 2510 498 2559 favorem
514 2523 535 2559 et
550 2510 720 2575 benivolentiam
740 2510 828 2563 civium.
844 2511 862 2557 si

81 2581 168 2632 laudem
183 2596 204 2632 et
219 2582 306 2639 lamam,
323 2585 340 2632 si
356 2577 449 2633 honores
464 2584 550 2643 assequi
566 2596 662 2643 cuperet,
678 2596 778 2642 oportere
784 2601 863 2632 ⁴curare

81 2677 125 2704 non
140 2657 215 2705 abesse
230 2658 269 2705 sed
279 2658 351 2705 vivere
362 2659 385 2704 in
396 2657 563 2711 oculis'civium,
575 2669 599 2704 ut
610 2677 666 2715 quae
677 2657 734 2704 bene
748 2669 827 2714 ageret,
839 2677 863 2704 ea

64 2839 98 2889 >5ss
113 2845 145 2891 illa
159 2864 203 2891 sscr.
258 2848 278 2892 9.
292 2845 355 2905 multo
373 2852 441 2891 statim
458 2864 481 2891 ex
501 2844 602 2901 ma(gual)
621 2863 671 2891 corr.
725 2842 758 2889 24.
778 2863 799 2889 es
817 2853 877 2889 ante·

41 2910 95 2962 quod
108 2912 177 2957 leuiter
190 2928 234 2966 exp.
248 2911 268 2957 0
282 2912 326 2958 hat.
341 2912 365 2959 V.
