2093 3253
239 198 371 230 SCRIPTORUM
387 198 514 230 nnusrnruu
527 209 542 214 -
556 197 614 228 LIBER
628 197 668 229 XVl.
825 177 865 228 449

77 326 113 361 'tae
128 311 235 361 orationes
245 321 325 359 extant.
337 309 362 358 ln
372 309 396 358 P.
406 309 524 364 Vatinium,
536 309 647 357 hominem
657 302 752 376 dicacem
761 328 786 356 ac
795 308 866 366 digni·

80 381 120 434 tati
133 404 184 433 suae
199 401 284 443 semper
305 381 416 438 infestum,
438 383 531 433 breviter
552 383 591 431 sed
611 382 688 448 acerbe
708 381 806 431 invectus
827 393 866 435 est,

81 459 167 507 duobus
182 470 255 505 autern
270 455 363 514 publicis
377 455 463 504 iudiciis
477 456 572 504 eundem
587 453 662 513 postea
676 453 758 503 lactum
772 454 867 502 amicum

81 551 106 579 ex
121 530 210 578 inimico
224 528 329 585 defendit.
343 527 385 575 Pro
398 528 425 575 Α.
440 527 535 576 Gabinio
549 527 719 585 repetundarum
733 544 770 573 reo
783 538 805 573 et
818 537 868 573 ante

55 607 67 655 5
84 602 173 653 exilium
183 602 205 651 in
216 622 279 652 causa
290 600 366 660 capitis
377 613 398 649 et
409 614 458 659 post
468 596 556 650 exilium
568 598 716 649 reconciliatus
727 598 794 658 gratia
804 596 868 645 Pom-

82 676 125 736 peii
140 675 201 723 dixit.
217 674 258 722 Pro
273 673 300 722 C.
322 673 417 721 Rabirio:
438 673 496 721 hunc
517 673 687 732 repetundarum
706 671 766 730 apucl
786 670 868 719 iudices

82 748 204 807 postulabat
219 760 330 795 accusator
345 746 406 804 quod
417 746 582 794 subornandum
593 745 621 793 ad
632 758 731 793 senatum
749 744 868 796 Ptolomeo,

83 822 126 880 regi
141 819 290 873 Alexandriae,
313 818 427 877 pecuniam
449 818 582 867 credidisset.

125 894 173 945 Hae
187 893 277 953 quidem
292 895 406 940 causarum
418 890 447 939 ad
460 890 542 939 iudices
556 890 668 939 Ciceronis
681 890 788 938 orationes
802 888 869 945 scrip¹

45 971 70 1017 ll)
85 981 126 1014 tae.
141 966 177 1014 Ad
184 964 291 1023 populum
297 981 356 1015 vero,
364 983 392 1010 ne
398 962 426 1010 ab
434 983 460 1010 eo
467 962 574 1019 digrediar
581 983 648 1020 quern
655 964 678 1010 in
686 962 785 1010 manibus
793 960 869 1012 habeo.

84 1039 203 1087 orationem
214 1037 255 1085 hoc
265 1036 330 1084 etiarn
340 1036 431 1092 istopro
442 1034 468 1083 C.
480 1034 568 1083 Rabirio
578 1034 653 1083 edidit.
662 1034 731 1082 Hunc
740 1053 827 1092 nanque
836 1032 870 1080 bis

84 1111 182 1160 defendit
197 1110 281 1163 Cicero,
293 1108 359 1157 semel
370 1128 395 1156 ac
405 1109 501 1166 primurn
512 1108 540 1156 ad
551 1107 658 1166 populum
669 1108 742 1156 dicens
753 1127 804 1155 cum
815 1119 870 1154 esset

85 1183 161 1232 consul
176 1181 322 1241 perduelionis
339 1199 400 1228 reum
416 1181 476 1238 quod
492 1181 519 1229 L.
535 1172 678 1228 Saturninum
694 1180 815 1232 occidisset:
831 1179 870 1225 ite-

86 1277 135 1305 rum
149 1276 174 1304 ac
189 1255 252 1312 longe
268 1258 409 1311 posteaquam
426 1266 481 1301 esset
496 1253 524 1301 ab
540 1253 604 1301 exilio
620 1266 731 1301 revocatus
747 1264 871 1301 accusatum

47 1333 72 1379 15
88 1329 257 1387 repetundarum
271 1327 300 1375 ob
315 1327 426 1382 creditam,
444 1340 468 1374 ut
485 1328 536 1380 dixi,
554 1329 598 1384 regi
615 1328 730 1384 pecuniam
746 1326 774 1374 ad
790 1326 872 1374 iudices

86 1414 168 1450 tutatus
183 1413 222 1449 est.
478 1409 480 1413 ’

130 1474 174 1523 Sed
189 1474 217 1523 ad
232 1473 338 1531 populum
358 1473 448 1531 quidem
468 1474 563 1531 primum
584 1473 661 1522 Cicero
681 1487 773 1531 praetor,
794 1472 873 1521 deinde

88 1547 170 1601 consul,
186 1560 261 1605 postea
272 1559 365 1600 senator,
377 1566 428 1594 cum
438 1559 476 1595 aut
487 1565 521 1594 res
532 1546 619 1604 publica
630 1559 668 1594 aut
679 1546 798 1594 amicorum
810 1565 873 1593 causa

88 1632 125 1668 aut
140 1637 180 1677 pro
195 1639 218 1667 se
232 1638 283 1667 cum
298 1619 370 1677 ipsum
391 1617 497 1667 Clodiana
518 1618 584 1676 pestis
605 1630 697 1676 urgeret,
719 1632 873 1676 saepenumero

47 1693 75 1740 20
89 1692 229 1739 concionatus
244 1702 283 1737 est.
304 1690 375 1737 Huius
394 1702 467 1738 autem
486 1690 569 1747 generis
588 1691 711 1738 orationum
730 1691 799 1748 prima
818 1709 874 1748 quae

90 1763 181 1813 liabetur
196 1782 235 1821 pro
251 1762 309 1820 Lege
323 1762 414 1811 Manilia
426 1761 475 1812 luit.
490 1761 549 1812 Tum
563 1763 621 1811 enirn
634 1776 720 1821 praetor
733 1783 810 1821 magna
823 1782 875 1815 curn

89 1837 153 1885 laude
167 1836 264 1894 Pompeii
280 1848 301 1884 et
316 1835 398 1884 bellurn
413 1834 551 1884 inferendum
567 1835 690 1884 Mithridati
706 1848 727 1885 et
741 1834 799 1884 bello
813 1854 874 1893 prae-

87 1909 207 1957 ficiendum
222 1908 351 1966 Pompeium
373 1928 399 1956 ex
420 1909 529 1956 sentencia
551 1907 637 1956 Manilii
659 1908 740 1967 populo
762 1908 874 1967 persuasit.

90 1981 173 2046 Consul
188 1999 239 2030 vero
253 1981 281 2030 ad
295 1981 402 2040 populum
419 1981 487 2030 oravit
504 2001 574 2040 saepe,
592 1981 631 2030 sed
647 1994 695 2030 turn
711 1978 875 2040 primumcum

48 2056 76 2104 25
86 2055 231 2114 provinciam,
244 2066 269 2108 ut
281 2053 373 2111 placaret
385 2055 513 2108 Antonium,
526 2055 549 2101 in
561 2055 665 2102 concione
677 2055 784 2113 deposuit,
797 2054 876 2102 deinde

91 2147 131 2186 pro
147 2127 180 2176 M.
195 2126 291 2181 Othone,
307 2147 357 2174 cum
372 2146 484 2175 accensam
499 2127 550 2175 odio
565 2148 590 2174 ac
605 2126 677 2175 lurore
692 2126 779 2185 plebem
794 2126 876 2175 sedavit

91 2200 174 2251 consul.
187 2200 212 2246 ln
224 2199 307 2256 Legem
316 2200 427 2255 Agrariam
438 2200 573 2248 ac'tribunos
585 2199 654 2257 plebis
666 2201 721 2247 duae
731 2199 876 2257 adpopulum

92 2272 199 2337 orationes
217 2272 316 2328 scriptae,
335 2272 357 2318 in
377 2271 499 2334 Catilinam,
519 2272 556 2329 qui
576 2291 648 2321 rerum
666 2273 771 2320 novarum
788 2271 877 2319 consilia

0 2403 1 2407 Ἰ
93 2345 211 2397 moliretur,
227 2344 289 2397 duae,
305 2363 345 2401 pro
367 2344 395 2392 Se
413 2345 469 2402 'lpse
490 2345 596 2393 Clodiana
617 2357 744 2403 tempestate
765 2345 827 2393 duae.
852 2344 876 2392 ln

0 2436 3 2446 *
51 2419 79 2465 30
95 2417 135 2465 Nl·
144 2416 265 2465 Antonium
279 2417 307 2464 ad
322 2417 428 2476 populum
440 2437 464 2465 ac
476 2431 575 2466 senatum
586 2419 635 2466 libri
647 2431 698 2466 sunt
709 2418 877 2477 Philippicarum

0 2488 3 2490 ⁵
93 2505 137 2539 tres
151 2511 176 2538 ac
191 2491 266 2538 decern
286 2491 391 2547 inscripti.
659 2494 660 2497 ’

136 2563 171 2610 Ad
186 2575 285 2610 senatum
300 2563 407 2610 orationes
425 2563 447 2609 in
465 2563 581 2611 Catilinam
598 2564 660 2617 duae,
679 2565 701 2611 in
719 2563 878 2621 Competitores

95 2634 226 2683 Consulatus
238 2655 288 2689 una,
301 2627 341 2693 pro
354 2656 376 2682 se
387 2656 439 2683 cum
451 2635 515 2683 iniret
525 2635 663 2684 consulatum
676 2635 788 2684 Kallendis
802 2635 878 2685 lanua-

95 2709 131 2755 riis
142 2728 192 2762 una,
204 2708 226 2755 in
239 2708 320 2765 Legem
330 2708 450 2765 Agrariam,
462 2709 484 2772 in
496 2708 562 2756 Filios
572 2708 878 2774 Proscriptorum,‘inMetel-

6 2813 9 2843 5
53 2780 81 2827 35
96 2780 150 2834 lum,
165 2780 187 2827 in
202 2779 309 2833 Pisonem,
324 2780 346 2826 in
361 2779 486 2834 Salustium,
501 2799 540 2838 pro
554 2780 628 2829 Tullio
641 2778 692 2829 curn
705 2780 782 2839 gratias
795 2783 879 2830 senatui

8 2889 10 2893 ⁴
53 2885 196 2900 »ξ’-...4.-

72 2946 74 2949 ’
95 2957 127 3001 30.
136 2955 311 3009 Philippicarum...
319 2957 388 3001 decem
398 2965 411 3002 ι’.
419 2977 443 3008 r.;
453 2969 524 3002 extres
533 2978 557 3003 ac
571 2958 640 3003 decern
652 2960 740 3013 inscripti
753 2966 820 3005 statim
830 2978 880 3005 corr.
899 2978 900 2981 ¹

94 3110 115 3146 29
