2093 3253
241 153 372 187 scatrtoattnr
388 154 512 186 ILLUSTRIUM
526 164 539 173 ··
553 152 613 186 LIBER
626 152 684 185 xvrtt.
833 138 872 186 513

61 314 62 317 ,
89 279 152 316 esset.
170 267 245 325 Ipsum
264 265 323 315 enirn
342 265 512 325 haudquaquam
531 266 683 323 imperatorem
704 265 749 318 sed.
770 265 873 325 uti'lerat,

89 338 202 390 consulem
216 338 368 398 et‘panieium
384 337 508 398 appellavit.
526 337 614 387 Nomen
630 350 711 392 autem,
728 350 753 386 ut
770 337 814 387 dixi
831 339 875 387 iam

45 439 47 443 ⁴
90 421 163 471 saepe
176 409 294 461 nobilitatis
309 411 419 475 patricius,
431 410 546 470 'dignitatis
562 409 637 459 consul
658 423 713 458 erat..
731 410 810 469 Neque
824 430 876 459 vero

50 514 59 519 =>
90 484 212 535 Priscianus
226 484 279 534 vixit
293 503 345 533 curn
358 484 473 543 imperaret
490 488 588 551 apostata
607 482 713 532 lulianus.¹
733 484 809 532 Annos
827 484 875 543 qui-

64 558 144 609 5dem
162 558 191 609 ad
213 557 253 607 CL·
273 570 324 618 post
343 556 405 608 illurn
427 570 538 608 mortuum
559 556 632 606 floruit
653 556 781 607 Priscianus.
805 556 876 618 Impe-

91 630 152 680 rabat
165 642 219 680 tunc
235 627 374 685 lastinianus,
389 631 442 679 iuris
457 629 525 679 civilis
541 629 666 678 emendator
681 650 706 677 ac
720 629 793 688 legum
808 644 876 697 pater.
917 690 919 694 Ι

91 701 164 753 Errori
179 723 268 763 quoque
282 702 333 753 huic
347 700 473 765 lomentum¹
480 696 541 766 dedit
553 701 613 762 quod
624 701 672 767 illos
684 720 723 762 per
734 701 779 752 dies
791 702 894 764 imperii·-v

76 776 170 825 :Iuliani
185 776 322 825 Priscilianu's
338 775 380 824 fuit
393 776 503 824 'hereticus
520 796 545 823 ac
562 776 672 833 Hispanus
688 777 784 830 antistes.
800 776 883 826 Annos:

91 853 143 898 vcro
158 849 217 898 haud
231 867 296 907 supra
311 847 377 896 XXX
401 861 450 906 post
477 860 588 905 mortuum
616 847 724 896 lulianum
749 852 876 906 apostatam.

53 922 79 972 10
94 920 154 981 quod
169 920 337 972 Manicheorum
351 920 465 978 seminaret
478 919 651 986 erroresjheresi
664 920 779 971 damnatus
792 932 814 970 et
827 921 877 971 Ma-

48 1036 49 1039 ,
90 995 150 1060 nimo
163 1015 176 1043 a
190 1007 282 1052 tyranno
296 994 422 1043 interfectus
437 1007 476 1044 est.
491 994 521 1042 At
536 1013 586 1042 vero
601 994 666 1042 nescii
681 991 754 1042 renim
768 993 874 1042 Priscilla·

92 1072 147 1115 num
161 1068 267 1125 scriptum
281 1086 321 1126 pro
335 1066 444 1115 Prisciano
461 1067 669 1123 librariorumrvitio
686 1066 726 1116 rati
743 1065 848 1124 syllabam
864 1089 876 1116 e

93 1140 166 1188 medio
180 1139 265 1195 liniunt,
285 1140 344 1189 unde
360 1140 385 1188 fit
402 1159 462 1188 error
479 1140 539 1199 quod
556 1139 678 1188 Priscianus
695 1158 736 1198 pro
752 1139 878 1189 Prisciliano

93 1213 186 1273 scriptus
201 1212 275 1262 multis
291 1213 314 1261 in
331 1213 442 1262 codicibus
459 1213 563 1262 habeatur
579 1226 601 1261 et
617 1212 682 1271 vulgo
698 1211 765 1261 luisse
781 1226 878 1272 apostata

54 1287 80 1336 15
95 1287 144 1335 sub
153 1287 237 1336 Iuliano
251 1288 380 1345 imperatore
395 1288 501 1336 credatur.
710 1346 712 1349 ,

129 1358 202 1408 Hunc
217 1359 344 1407 Macrobius
358 1359 459 1408 Aurelius
474 1359 611 1408 Theodosius
624 1359 729 1417 sequitur.
742 1359 830 1408 Parmae
843 1360 878 1408 hic

52 1463 54 1465 >
94 1429 192 1489 sepultus
206 1444 272 1489 atque
286 1431 414 1485 Parmensis,
429 1432 447 1478 si
461 1431 570 1483 credimus
584 1428 701 1485 Petrarcae,
716 1429 765 1479 luit.
780 1430 879 1480 Parmam

94 1501 117 1549 in
131 1514 188 1550 terra
204 1502 277 1551 ltaliae
291 1503 400 1551 civitatem
410 1523 456 1551 esse
465 1503 600 1562 eandemque
609 1523 621 1550 a
631 1502 734 1551 Romanis
744 1503 794 1551 odio
803 1502 879 1552 Gallo-

94 1592 144 1623 rum
158 1574 240 1631 Punico
254 1574 311 1624 bello
325 1575 421 1624 secundo
435 1588 509 1624 exacto
523 1578 614 1624 constat.
630 1574 756 1624 Macrobius
769 1587 842 1624 autern
856 1576 879 1625 in

53 1647 83 1696 211
96 1646 173 1695 litteris
188 1661 283 1696 versatus
303 1661 325 1696 et
347 1648 445 1696 liberales
462 1648 522 1696 novit
539 1653 595 1696 artes
613 1660 634 1696 et
652 1647 738 1696 dicendi
755 1647 880 1697 facultatem

96 1719 265 1780 haudquaquam
279 1721 396 1780 insipidam
412 1721 494 1770 habuit.
512 1721 604 1780 Scripsit
620 1722 642 1771 in
658 1741 710 1770 curn
726 1721 837 1770 Ciceronis
853 1722 879 1770 li-

40 1856 42 1861 ,
95 1793 161 1842 brum
175 1794 213 1852 qui
229 1794 319 1843 habetur
335 1795 362 1843 de
378 1795 410 1843 Re
426 1794 515 1844 Publica
530 1807 610 1844 sextus.
626 1794 697 1853 Vulgo
712 1795 767 1844 liber
782 1795 817 1843 hic
832 1795 879 1844 Sci·

56 1876 58 1879 ’
80 1865 167 1923 pionis
182 1866 298 1914 Somnium
312 1863 439 1926 appellatur.
463 1867 536 1915 Multa
558 1868 617 1914 hunc
638 1868 661 1914 in
682 1867 766 1914 librum.
784 1868 880 1914 scribens

97 1938 223 1987 Macrobius
238 1939 266 1987 de
280 1951 363 1994 natura,
380 1940 407 1988 de
423 1940 488 1994 vitiis,
504 1940 532 1988 de
547 1940 664 1988 virtutibus
679 1939 753 1995 animi,
770 1939 838 1989 multa
853 1941 881 1988 de

49 2010 83 2059 ’25
98 2030 168 2065 causa,
184 2012 211 2060 de
226 2012 314 2069 origine,
327 2013 354 2061 de
365 2013 466 2062 varietate
477 2013 618 2067 somniorum,
631 2012 698 2061 multa
708 2012 737 2061 de
747 2012 853 2071 qualitate
860 2026 882 2062 et

97 2096 157 2132 motu
173 2085 276 2138 siderum,
291 2084 359 2133 multa
372 2085 400 2133 de
412 2085 509 2133 armonia
521 2085 574 2133 caeli
588 2084 686 2133 diseruit.

139 2156 182 2204 Sex
196 2161 284 2215 quoque
299 2157 367 2205 edidit
382 2157 448 2205 libros
470 2158 508 2215 qui
531 2170 582 2205 sunt
600 2157 751 2205 Saturnalium
772 2157 881 2215 appellati.

97 2227 194 2275 Primum
209 2228 268 2276 enirn
283 2248 383 2285 regnasse
397 2230 420 2276 in
437 2229 497 2277 Italia
515 2229 599 2282 lanum,
616 2227 882 2278 mox'SaturnumIerunn

98 2298 192 2348 Saturno
207 2296 270 2350 natus
285 2314 317 2349 est
332 2300 403 2356 Picus,
417 2300 468 2349 Pico
482 2300 577 2356 Faunus,
592 2300 667 2349 Fauno
675 2301 773 2356 Latinus,
781 2307 826 2361 quo
834 2321 882 2361 reg-

55 2373 85 2422 30
99 2387 168 2422 nante*
178 2388 200 2422 et
214 2374 281 2423 Troia
295 2382 368 2423 eversa
383 2388 416 2423 est
431 2389 459 2430 et,
476 2376 513 2434 qui
530 2376 598 2434 patria
613 2389 658 2424 erat
673 2375 748 2433 pulsus
768 2395 793 2424 ac
816 2395 882 2425 novas

97 2447 214 2504 quaerebat
229 2448 297 2501 sedes,
313 2447 335 2496 in
352 2447 436 2496 Italiam
450 2448 534 2496 Aeneas
549 2447 616 2496 venit.
631 2447 765 2497 auctoritate
780 2448 822 2502 isti,
838 2468 883 2496 non

97 2532 203 2580 potestate
218 2520 336 2576 regnabant
351 2520 521 2577 necquicquam
534 2534 579 2568 erat
592 2521 652 2583 quod
665 2520 753 2568 haberet
766 2520 883 2578 quisquam
916 2535 918 2537 ’

98 2590 145 2655 iure
159 2591 243 2649 privato
254 2611 326 2639 suurn.
338 2591 405 2640 Nulla
416 2604 469 2657 tunc
480 2591 531 2639 belli
543 2592 632 2645 mentio,
644 2591 730 2639 nullum
741 2610 884 2649 personarum

98 2661 221 2719 discrimen,
234 2663 293 2713 nulla
305 2684 372 2723 opum
384 2663 468 2720 divisio,
481 2663 661 2712 omniaomnibus
673 2663 733 2723 quasi
745 2682 790 2711 uno
795 2674 884 2722 parente

56 2734 85 2783 35
100 2737 155 2786 natis
170 2738 295 2786 communia
307 2751 329 2786 et
341 2737 433 2786 indivisa
446 2750 513 2785 erant.
526 2738 624 2785 Aureum
637 2737 660 2784 id
672 2735 770 2797 seculum
783 2735 843 2793 (anni
856 2737 885 2784 ad

59 2857 203 2869 —-.—......

94 2923 120 2961 17.
135 2924 216 2962 Petrarch.
229 2925 279 2970 Earst.
291 2926 357 2964 Mettio.
370 2925 390 2962 II.
407 2925 423 2961 11
446 2925 485 2970 (Ορ.
499 2924 526 2964 11,
539 2941 555 2968 p.
569 2925 599 2967 95,
610 2924 662 2966 Basel.
678 2924 736 2969 1581).
795 2981 797 2984 ¹

95 3067 117 3104 33
