2093 3253
264 213 394 245 scnrxroxuru
405 211 534 244 ‘niusmrun
546 226 561 230 -
574 213 632 245 uam
646 213 681 245 vu.
845 200 887 244 203

142 332 198 381 Vino
212 347 278 388 supra
296 328 387 376 modum
404 340 436 375 est
454 346 517 386 parce
534 348 594 382 usus,
613 328 679 381 unde,
698 328 736 386 qui
754 328 800 375 eius
818 328 886 376 hostis

101 419 162 460 esset,
174 403 208 453 M.
220 402 275 451 Cato
287 401 358 450 dicere
369 420 524 459 saepenumero
535 400 622 450 auditus
634 413 666 449 est
678 400 750 459 ipsum
761 398 828 448 luisse
840 421 887 448 om·

100 481 161 529 nium
168 495 238 525 unum
245 474 283 533 qui
291 473 376 521 sobrius
383 491 443 521 arma
450 474 588 522 evertendam
595 474 624 521 ad
631 492 677 521 rem
685 472 796 532 publicam
803 473 887 521 induis-

76 563 77 567 ’
93 555 138 603 set.
150 551 236 600 Statura
245 566 296 597 vero
306 545 348 595 luit
357 545 440 595 excelsa
450 545 535 603 Caesar,
545 546 661 595 terretibus
670 546 780 601 membris,
791 565 828 595 ore
833 566 887 606 pau·

75 630 87 678 5
102 627 147 674 lum
158 621 261 680 pleniore.
273 619 355 667 Oculos
366 632 439 666 autem
449 632 534 677 vegetes
545 640 570 667 ac
581 621 661 677 nigros,
673 632 766 667 caeteras
777 637 828 667 vero
839 639 887 666 cor-

101 697 159 757 poris
178 705 249 754 partes
265 690 368 739 candidas
384 690 467 739 habuit.
484 691 569 740 Domus
586 692 667 740 Romae
683 691 706 739 in
722 712 765 750 qua
781 691 887 739 habitaret
908 711 909 715 ¹

103 771 198 830 primum
208 766 230 813 in
241 764 338 813 Suburra
347 763 386 822 (sic
396 764 455 813 enim
465 764 602 823 appellabant
612 764 694 821 vicum)
702 765 827 823 permodica
837 763 887 814 luit.

102 844 177 891 Postea
191 857 249 892 vero,
262 850 286 885 ut
298 850 382 885 creatus
394 850 426 885 est
439 836 537 895 pontifex
549 839 662 891 maximus,
675 838 779 885 habitavit
792 856 851 885 sacra
863 838 886 884 in

101 915 135 964 via
150 911 238 972 publica
253 911 275 958 in
291 910 364 959 domo,

64 993 89 1040 10
146 988 170 1035 ln
186 985 268 1034 curiam
278 1003 329 1032 vero
340 1004 395 1042 quae
411 983 509 1042 Pompeii
524 982 608 1037 luisset,
624 1004 675 1031 cum
691 995 777 1031 senatus
793 982 887 1031 habendi

101 1079 163 1108 causa
173 1058 245 1105 minus
255 1068 317 1111 caute
327 1056 427 1110 venisset,
438 1055 564 1103 vulneribus
574 1055 643 1102 tribus
653 1075 678 1102 ac
688 1056 764 1112 viginti
774 1054 887 1103 confossus

102 1130 188 1182 interiit.
204 1127 386 1187 Conspiraverant
394 1128 417 1176 in
426 1147 477 1177 eum
485 1126 579 1187 amplius
588 1126 636 1182 LX,
646 1126 672 1176 C.
682 1125 758 1189 Cassio
768 1126 887 1186 Marcoque

41 1238 42 1242 =
102 1226 126 1252 ac
141 1204 209 1251 Decio
225 1201 294 1249 Bruto
309 1201 441 1266 auctoribus.
458 1200 548 1259 Septem
563 1201 706 1270 imperaverat
722 1191 806 1249 nlenses
822 1220 888 1258 supra

103 1289 146 1324 tres
159 1294 227 1323 annos
241 1279 292 1322 curn
306 1273 389 1322 occisus
403 1285 442 1320 est.
452 1272 539 1320 ¹Aetatis
552 1292 603 1320 vero
617 1293 668 1320 suae
681 1292 750 1320 annus
764 1271 800 1319 ille
813 1285 887 1320 sextus

49 1353 50 1356 ’
64 1350 87 1399 15
102 1369 126 1396 ac
141 1338 333 1407 quinquagesimus
349 1358 401 1394 erat.
418 1338 507 1393 Necem
517 1344 558 1392 sibi
574 1344 695 1403 proximam
711 1340 811 1403 assequi
828 1353 894 1393 erant

102 1420 216 1479 aruspices*
225 1418 299 1468 multis
310 1418 414 1477 prodigiis
424 1438 449 1466 ac
460 1418 550 1466 somniis
561 1419 698 1482 nunciarunt.
715 1418 759 1467 Sed
769 1436 809 1476 pro
825 1413 888 1476 nugis

102 1512 186 1551 semper
204 1492 347 1540 divinationes
365 1492 430 1539 huius
449 1491 508 1539 modi
526 1491 609 1539 habuit.
628 1490 718 1539 Curiam
736 1511 829 1552 nanque,
848 1491 888 1539 etsi

101 1565 167 1613 caesis
182 1564 258 1612 hostiis
273 1563 333 1612 litare
348 1583 392 1612 non
406 1576 486 1622 posset,
502 1575 573 1621 spreta
588 1564 647 1612 omni
662 1562 765 1621 religione
780 1564 891 1621 ingressus

103 1650 142 1685 est.
158 1635 287 1694 Spurrinam
302 1656 397 1695 quoque,
413 1654 518 1693 augurem
529 1635 567 1694 qui
579 1634 706 1694 predixisset
718 1634 817 1683 futurum
828 1636 889 1694 quod

62 1709 88 1756 20
103 1709 223 1765 periculum
234 1709 275 1755 sibi
287 1729 332 1756 non
344 1709 422 1756 exactis
436 1708 511 1756 Idibus
524 1708 610 1756 Martiis
621 1709 723 1762 eveniret,
736 1709 797 1766 quasi
809 1704 892 1757 falsum

102 1780 215 1837 increpans
230 1779 309 1838 inquit:
327 1796 335 1818 a
344 1778 377 1827 En
395 1779 511 1837 Spurinna,
529 1780 575 1826 sine
592 1778 635 1827 ulla
652 1791 708 1827 noxa
726 1779 778 1828 ldus
796 1779 889 1827 Martiae

102 1852 206 1902 adsunt.»
223 1851 284 1901 Tum
301 1851 343 1906 ille,
361 1853 379 1900 si
396 1851 540 1908 advenissent,
558 1871 593 1900 eas
609 1864 683 1900 tamen
700 1873 744 1901 non
761 1852 888 1911 praeterisse

102 1926 219 1983 respondit.
231 1925 282 1974 Erat
293 1925 336 1974 diei
346 1925 390 1974 iam
400 1924 445 1974 lere
454 1926 532 1983 quinta
544 1925 603 1980 hora.
615 1923 662 1986 Nec
674 1925 753 1974 multos
764 1925 792 1974 ad
804 1945 889 1974 menses

102 2010 150 2046 ante
162 2019 238 2046 necem
249 1999 343 2057 aruspici
355 1999 436 2046 dicenti
448 2011 496 2047 exta
507 1999 576 2046 tristia
588 1999 691 2047 nunciare
702 1998 815 2056 respondit
827 2000 889 2056 quasi

62 2070 88 2119 25
104 2071 202 2120 deridens
211 2092 293 2121 eacum
300 2071 364 2122 vellet
371 2072 446 2121 latiora
453 2071 500 2121 lore
507 2072 676 2139 habendumque
683 2091 723 2131 pro
731 2084 816 2121 ostento
824 2092 889 2131 nega-

103 2142 132 2191 vit
148 2144 165 2191 si
182 2145 260 2204 pecudi
276 2164 314 2193 cor
329 2144 420 2194 deesset.
436 2144 497 2193 Bello
512 2158 585 2193 autem
600 2143 703 2193 Africano
719 2144 775 2193 lorte
790 2145 812 2193 in
829 2137 891 2193 navis

103 2224 195 2272 egressu
206 2218 326 2275 prolapsus,
345 2218 406 2276 quod
422 2219 543 2276 pessimum
560 2218 637 2265 caeteri
655 2238 702 2270 esse
719 2231 847 2271 metuerent,
866 2219 888 2266 in

33 2298 38 2306 ⁰
102 2288 178 2336 melius
193 2290 239 2348 ipse
252 2309 316 2338 omen
329 2290 400 2338 vertit.
413 2289 512 2351 Extensis
523 2289 721 2348 nanquebrachiis,
733 2306 742 2355 r<
750 2302 780 2345 te,
789 2306 798 2330 ))
809 2290 887 2347 inquit,

102 2376 111 2400 0
120 2360 199 2417 Africa,
214 2376 285 2411 teneo.
296 2379 304 2403 n
319 2361 422 2422 Denique
437 2375 548 2411 mortuum
558 2362 632 2421 ipsum
643 2361 807 2423 diffugientibus
818 2374 888 2411 caete-

62 2431 89 2479 30
103 2434 131 2480 ris
145 2447 188 2482 tres
201 2435 280 2484 servuli
294 2436 385 2483 domum
398 2435 529 2483 detulerunt.
544 2436 628 2492 Ingenti
642 2437 723 2484 deinde
733 2454 786 2494 rogo
798 2454 888 2493 corpore

101 2520 196 2555 cremato
204 2508 286 2555 cineres
294 2508 317 2556 in
325 2528 412 2556 summo
420 2507 540 2576 columnae,
550 2501 605 2569 quae
613 2507 690 2566 lapidis
699 2507 811 2556 Numidici
820 2507 888 2555 solida

99 2650 255 2691 0500010053,
305 2654 321 2691 4,
335 2653 464 2693 8000100045.
513 2653 530 2691 6.
543 2653 589 2691 Suet.
602 2655 634 2692 Iul.
643 2654 672 2691 46.
724 2655 750 2691 10.
763 2654 850 2694 Suet-Iul.
859 2656 889 2692 82.
931 2678 932 2682 =

65 2707 90 2744 12.
99 2710 144 2749 Suet.
152 2713 184 2751 rut
194 2714 223 2750 80.
270 2714 296 2750 17,
305 2714 352 2751 Suet.
360 2715 392 2752 1211.
402 2714 430 2751 81.
476 2714 556 2752 21.lee
599 2715 627 2752 23.
636 2715 682 2752 Suet.
691 2716 723 2754 Iul.
732 2715 761 2754 77.
804 2715 833 2753 26.
841 2715 889 2753 Suet.

63 2768 93 2807 tur.
106 2770 134 2808 59.
183 2774 212 2812 29.
225 2774 271 2812 Suet.
284 2774 316 2814 lul.
329 2775 357 2812 82.
407 2775 436 2812 30.
449 2774 496 2813 Suet.
507 2776 539 2826 Iul.
553 2775 582 2813 05,

67 2854 206 2867 ἱ--Ὧ-

105 2903 135 2948 15.
152 2905 266 2961 (Νεε)εῐη.ζ.
283 2908 319 2962 qui
338 2914 351 2952 ι’.
366 2927 381 2953 r.
439 2906 470 2952 19.
491 2906 582 2952 {uturum
600 2908 656 2963 quod
674 2915 687 2953 i.
709 2927 732 2959 r.;
751 2918 793 2954 erat
812 2922 889 2955 caveret

65 2964 107 3018 sibi;
116 2970 178 3026 'quod
192 2981 237 3017 ante
250 2973 289 3018 sibi
303 2973 341 3018 del.
