2093 3253
252 138 382 169 scnrrronuu
397 138 543 170 rinusrnrum
557 138 615 168 uam
628 138 673 169 xrn.
836 122 876 170 349

79 255 243 312 moesticiaque
258 255 347 307 videret,
365 274 431 313 quem
449 255 518 303 Roma
536 255 648 304 discedens
667 256 689 303 in
706 267 763 302 statu
782 254 875 302 maximo

89 328 213 377 dimisisset.
550 327 554 368 ἶ

133 400 192 449 Haec
207 399 374 448 Thessalonicae
387 398 464 449 Cicero
478 401 535 450 exul.
550 401 632 450 Romae
644 414 718 449 autem
731 401 770 449 ubi
784 396 822 449 est*
830 401 875 459 pria

91 494 152 522 mum
166 472 237 520 abisse
251 471 387 526 Ciceronem,
395 472 474 521 deinde
482 472 657 531 quaeCiceronis
664 486 732 527 erant,
741 473 832 521 domum
839 468 876 520 ae-

64 548 79 597 5-
91 559 179 605 quatam
194 543 246 598 solo,
262 562 352 592 uxorem
362 545 459 599 eiectam,
470 544 530 594 villas
541 545 629 601 dirutas,
641 544 699 595 bona
709 545 818 603 publicata
828 545 876 594 vul-

38 669 39 672 ,
90 639 117 676 go
130 616 237 670 auditum,
250 616 288 675 qui
300 628 393 673 patrum,
406 616 443 675 qui
456 618 560 675 equestris
572 617 661 672 ordinis,
675 617 713 676 qui
727 617 803 676 populi
818 618 876 666 cives

90 690 143 738 boni
158 702 226 743 erant,
239 709 314 737 secum
326 688 411 743 animis,
424 689 485 747 quod
497 689 609 748 propalam
621 712 666 738 non
678 690 790 745 auderent,
803 689 876 739 occul-

91 765 119 812 tis
134 776 155 811 et
169 763 240 810 tacitis
257 762 402 820 ingemebant.
420 762 507 821 Nempe
523 764 555 811 uti
572 776 616 811 erat
633 764 662 812 ita
678 764 766 823 pessimi
784 763 876 822 exempli

78 877 80 880 .
91 856 137 885 esse
149 834 237 884 videbat
248 834 342 893 quisque
353 833 404 893 pelli
416 853 455 893 per
466 834 567 884 iniuriam
578 835 633 884 urbe
644 828 706 885 illum
718 836 790 894 ipsum
802 836 840 896 qui
852 850 877 886 ut

23 906 26 912 Δ
52 911 78 958 10
92 908 149 956 salva
164 920 219 954 esset
239 907 290 954 urbs
308 926 346 954 sua
364 907 443 955 virtute
461 919 482 954 et
497 906 587 955 consilio
603 908 715 955 effecisset.
732 908 810 966 Neque
825 927 877 956 vero

86 982 172 1029 amicos
185 980 256 1028 solum
269 993 290 1028 et
302 979 371 1027 bonos
384 980 442 1029 viros
455 980 493 1028 sed
505 980 590 1028 invidos
603 981 668 1028 etiam
680 993 739 1028 tanta
751 981 877 1029 calamitatis

92 1054 191 1101 atrocitas
206 1053 234 1100 ad
249 1053 352 1110 pietatem
366 1066 387 1100 et
401 1053 570 1101 misericordiam
584 1053 741 1103 commovebat.
757 1054 805 1101 Hoc
819 1054 878 1101 enim

92 1124 144 1172 boni
160 1123 224 1171 habet
234 1123 321 1189 invidia,
331 1135 355 1170 ut
365 1144 419 1181 quos
429 1121 501 1170 felices
511 1124 591 1171 nesciat
599 1123 697 1176 tolerare,
707 1125 795 1171 eosdem
804 1125 877 1182 oppri-

93 1197 122 1244 mi
137 1214 202 1254 supra
218 1197 308 1245 modum
319 1216 344 1244 ac
355 1197 444 1244 miseros
455 1196 548 1245 nimium
559 1216 605 1244 esse
616 1183 736 1246 conddleat.
747 1196 818 1255 'Aegre
828 1197 876 1256 qui-

54 1271 78 1318 15
94 1270 144 1317 dem
158 1267 241 1316 lerebat
255 1270 326 1317 bonus
335 1269 428 1328 quisque
437 1269 489 1317 civis
498 1270 591 1317 sevitum
599 1281 711 1327 tantopere
720 1270 743 1333 in
750 1269 879 1317 Ciceronem

93 1361 139 1388 esse
153 1341 272 1399 reducique
287 1342 359 1399 ipsum
374 1341 548 1401 quammaxime
563 1341 671 1399 cupiebat,
687 1341 726 1389 sed
740 1361 815 1400 poena*
825 1341 878 1399 legis

92 1414 224 1474 impediebat
240 1436 267 1463 ne
282 1412 361 1464 relerre
371 1414 487 1474 quisquam
498 1414 526 1463 de
536 1415 583 1474 ipso
594 1428 631 1464 aut
641 1414 701 1474 loqui
712 1414 829 1474 quicquam
839 1435 878 1464 auu

23 1541 25 1545 y
93 1490 160 1537 deret.
723 1537 725 1540 .

135 1561 242 1608 Consules
252 1561 341 1618 quidem
352 1561 452 1608 solicitati
463 1581 475 1607 a
486 1562 584 1618 patribus
595 1574 619 1607 ut
631 1561 741 1615 referrent,
751 1581 774 1608 se
785 1561 879 1608 reditum

53 1634 81 1679 20
90 1633 142 1681 -eius
156 1653 201 1680 non
216 1633 339 1689 improbare
353 1633 392 1680 sed
415 1633 516 1689 impediri
537 1633 583 1689 lege
606 1633 721 1680 tribunicia
742 1632 879 1680 simulabant.

94 1703 168 1753 Vereri
183 1724 273 1763 quoque
288 1725 311 1752 se
334 1705 477 1753 causabantur
493 1701 521 1752 ne
536 1703 559 1753 id
575 1702 645 1752 lacere
665 1705 732 1762 gratia
747 1705 879 1758 viderentur,

95 1778 155 1835 quod
169 1777 254 1824 Pisonis
269 1789 325 1825 esset
339 1776 409 1825 affinis
425 1776 509 1831 Cicero,
526 1776 646 1824 Gabinium
656 1795 707 1825 vero
717 1776 782 1835 paulo
797 1789 847 1825 ante
857 1778 880 1824 in

64 1878 66 1883 .
94 1870 158 1897 causa
172 1850 249 1908 capitis
257 1850 396 1898 defendisset.
407 1850 468 1908 Ipsos
476 1863 549 1898 autem
557 1871 584 1897 ne
592 1848 696 1898 referrent
704 1850 879 1912 haudquaquam,

90 1923 235 1971 >ut‹=dicebant
251 1924 299 1980 ipsi,
316 1922 350 1970 lex
365 1922 437 1971 Clodii
453 1923 498 1976 sed,
515 1942 582 1981 quam
597 1923 703 1976 tacebant,
720 1923 880 1980 provinciarum

54 1993 81 2040 25
96 1995 168 2052 pactio
182 1995 295 2051 retinebat,
310 1995 370 2054 quod
383 1994 443 2043 alteri
457 1994 548 2043 Clodius
562 2007 611 2053 post
625 1994 762 2043 consulatum
775 1994 826 2057 dare
839 1994 880 2054 Sy-

96 2068 156 2123 riam,
168 2068 229 2120 alteri
241 2069 394 2117 Macedoniam
409 2069 550 2127 promisisset.

137 2142 244 2190 Omnium
258 2155 332 2189 autem
346 2161 403 2189 unus
418 2142 518 2189 inventus
533 2154 565 2188 est
581 2142 606 2189 L.
622 2142 731 2189 Minutius
746 2143 783 2199 qui
799 2142 838 2188 hac
853 2142 880 2188 de

81 2233 118 2262 re
132 2214 192 2272 loqui
207 2234 232 2261 ac
247 2213 326 2262 relerre
340 2214 368 2262 ad
382 2226 481 2262 senatum
495 2214 591 2262 auderet.
608 2214 628 2261 ls
644 2233 730 2271 nanque
745 2213 803 2261 baud
817 2212 880 2270 longe

96 2301 145 2345 post
160 2286 280 2336 discessum
297 2284 408 2335 Ciceronis
426 2286 539 2344 (proximis
550 2286 597 2339 boc
615 2284 727 2335 Kallendis
746 2286 813 2335 Iuniis
829 2284 881 2343 luit)

55 2359 82 2406 30
97 2360 125 2407 de
139 2360 260 2408 revocando
274 2360 322 2418 ipso
336 2359 365 2408 ad
379 2372 478 2408 senatum
491 2359 548 2408 tulit.
562 2358 622 2407 Tum
635 2359 793 2408 enim'senatus
807 2359 881 2407 dein-

96 2433 178 2482 dustria
189 2444 319 2481 convenerat
330 2431 432 2491 frequens
445 2432 556 2487 decretum
567 2444 592 2480 ut
603 2432 682 2480 rediret
694 2431 771 2480 Cicero
782 2431 882 2480 omnium

96 2525 210 2560 consensu,
226 2505 339 2560 sententia,
355 2504 466 2554 voluntate
481 2503 585 2558 facturus,
602 2504 641 2552 sed
656 2503 746 2553 Clodius
763 2525 788 2552 eo
804 2502 882 2551 lestine

97 2578 213 2628 decurrens
229 2579 301 2627 omnia
316 2578 456 2637 perturbavit.
475 2578 563 2637 Quippe
580 2578 663 2627 iuvenis
680 2575 741 2626 lerox
751 2578 882 2626 obstinatus-

96 2671 139 2708 que
152 2652 226 2699 animo
245 2672 270 2699 ac
292 2664 398 2709 potestate
416 2651 528 2698 tribunitia
547 2651 644 2709 preditus
663 2669 703 2697 nec
722 2669 799 2707 parurn
817 2649 882 2696 etiam

55 2719 82 2770 35
97 2721 170 2780 lingua
183 2736 204 2772 et
217 2722 319 2789 lacundia
332 2722 411 2777 valens,
426 2742 492 2780 quam
505 2721 583 2772 tulerat
596 2722 665 2779 legem
678 2734 739 2771 tanto
752 2741 803 2770 cum
815 2721 884 2769 animi

96 2905 115 2948 8.
130 2904 215 2959 exempli
230 2912 243 2949 i.
258 2925 283 2949 rn.
298 2904 343 2948 add.
402 2905 431 2949 14.
446 2904 547 2959 nim(ium)
563 2910 577 2947 ι’.
592 2922 614 2954 r.;
628 2923 652 2948 ex
666 2921 708 2946 esse
722 2910 789 2947 statim
803 2920 852 2947 corr.
