2093 3253
266 174 395 206 scurronum
412 174 536 206 niusrnrun
548 186 563 191 -
576 173 634 205 ιιιιιιι
648 174 666 205 x.
713 221 717 230 ι
837 159 875 220 283
939 168 940 171 ’

42 350 44 353 ¹
90 316 91 319 ¹
136 289 278 346 Magistratus
289 300 363 335 autem
373 288 441 340 obire,
452 288 492 352 etsi
503 300 564 345 pater
575 300 596 334 et
607 288 645 345 qui
656 287 720 334 amici
732 300 792 340 erant
803 288 876 344 ipsum

92 376 117 411 ut
128 373 210 421 peteret
221 360 306 418 saepius
322 360 460 407 hortarentur
467 379 492 407 ac
504 360 647 414 stimularent,
656 371 733 407 natura
741 379 830 418 quoque
838 378 876 407 sua

40 487 42 494 ,
94 448 172 494 sponte
180 434 274 483 honores
280 434 399 491 appeteret,
408 431 493 482 distulit
500 446 573 482 tamen
580 431 723 499 aliquamdiu.
734 432 810 490 Ipsum
817 432 876 481 enim

40 563 42 568 ⁴
94 510 169 557 datum
184 507 233 559 sibi,
246 519 271 555 ut
283 506 335 560 dixi,
348 505 456 564 Apollinis
469 523 598 566 responsum
610 525 622 553 a
639 506 745 564 petitione
756 505 876 564 magistra«

40 575 45 644 ’Ἴ
66 584 79 632 5
94 595 129 629 tus
144 591 249 627 averterat
264 591 286 626 et
301 579 406 636 quoniam
421 579 593 635 perseverantius
608 598 675 636 quam
690 572 795 642 eriperent
806 577 877 637 aliqui

41 641 44 647 .
93 665 200 702 recusaret
215 665 295 717 petere,
308 652 399 711 quidam
411 653 489 699 mentis
502 652 548 699 eius
561 652 627 699 nescii
640 652 755 699 vecordem
767 653 841 710 ipsum
852 672 878 698 ac

40 723 42 726 .
93 726 203 779 timidum,
219 725 286 783 aliqui
302 724 443 778 Graeculum,
460 724 559 772 nonnulli
574 724 712 772 scolasticum
727 742 766 782 per
781 725 896 772 derisum

40 790 42 853 J
96 820 121 846 ac
136 799 257 846 ludibrium
265 786 411 872 appellabant.
421 797 526 844 Tandem
530 816 582 845 vero
591 799 658 855 patris
667 811 689 844 et
698 799 819 845 amicorum
828 816 877 855 per

41 864 43 867 .
94 871 193 919 suasione
208 869 278 919 victus
287 889 312 917 ac
321 887 390 927 prope
399 881 486 917 coactus
495 880 569 926 petere
578 869 715 926 magistratus
729 888 754 916 ac
764 869 878 926 degustare

42 990 44 994 .
56 946 101 995 ll)
96 964 118 993 ιιι
133 963 156 992 re
171 942 258 1002 publica
273 943 366 991 honores
377 942 456 1000 coepit.
468 941 591 990 Revoluto
586 955 659 1000 itaque
669 942 712 990 iam
723 955 772 1000 post
783 942 878 991 reditum

96 1036 153 1064 anno
168 1028 270 1073 quaestor
285 1014 371 1062 Siciliae
387 1013 457 1061 lactus
474 1027 513 1062 est.
531 1014 637 1061 Annuum
654 1027 698 1061 erat
715 1015 738 1061 id
756 1034 835 1062 munus
857 1028 878 1062 et

42 1141 44 1143 ,
95 1087 209 1147 pecuniam
224 1086 335 1146 publicam
358 1086 510 1135 ministrabat.⁴

137 1159 298 1208 Siciliamvero
310 1158 404 1208 insulam
416 1179 462 1218 esse
475 1159 561 1207 modico
574 1158 630 1207 freto
643 1159 780 1215 interllilente
789 1159 878 1218 propin-

44 1295 45 1299 ι
97 1254 164 1294 quam
181 1233 254 1283 ltaliae
262 1254 287 1282 ac
296 1251 365 1292 prope
374 1233 523 1283 continentem
532 1244 623 1282 constat.
634 1232 696 1281 Adeo
705 1232 765 1293 enim
773 1245 806 1282 est
816 1231 879 1282 Cala-

42 1351 49 1372 ἦ
58 1309 81 1355 15
97 1307 156 1354 briae
165 1306 264 1363 proxima
273 1318 297 1353 ut
306 1305 413 1362 gallorum
422 1316 498 1352 cantus
507 1305 611 1370 utrinque
619 1305 696 1352 vicinis
706 1325 718 1352 e
727 1305 827 1353 litoribus
841 1325 880 1352 au-

43 1424 46 1445 :
97 1379 191 1427 diantur.
206 1378 295 1440 Quippe
310 1377 380 1426 insula
391 1377 446 1433 haec
454 1376 555 1434 trianguli
567 1378 589 1425 in
601 1377 695 1438 modum*
703 1378 743 1425 sita
754 1397 824 1426 unum
834 1378 878 1426 sin-

48 1503 50 1507 ,
97 1450 148 1509 gulo
162 1451 185 1499 in
200 1450 280 1508 angulo¹
289 1462 386 1498 montem
394 1449 466 1504 habet,
474 1449 533 1497 unde
541 1462 614 1512 ortum
621 1450 681 1507 apud
687 1462 770 1498 veteres
778 1463 802 1498 ut
810 1450 880 1508 ipsam

48 1585 50 1589 ,
97 1524 185 1572 nomine
203 1523 340 1581 Trinacriam
357 1514 498 1581 appellarent.
518 1521 607 1586 Montes
625 1540 677 1580 vero
695 1534 746 1569 sunt
764 1514 880 1579 Pachinus,

47 1653 61 1662 1,
97 1595 202 1651 Lilibeus,
213 1595 302 1643 Pelorus
314 1595 402 1643 nomine
412 1592 522 1654 appellati.
533 1593 595 1652 Quae
605 1607 679 1642 autem
689 1593 755 1642 lacies
767 1595 880 1644 meridiem

47 1672 84 1734 Ι20
99 1671 211 1729 prospicit,
221 1690 245 1718 ea
255 1670 350 1730 Pachino
358 1689 371 1717 a
380 1669 535 1727 promuntorio·
541 1669 563 1715 in
574 1668 684 1716 Lilibeum
692 1669 785 1716 tendens
794 1668 881 1718 Africae

97 1742 125 1789 ad
140 1741 199 1790 milia
213 1761 318 1799 passuum
326 1740 433 1789 CXXVII
442 1741 540 1799 proxima
548 1739 682 1788 esthlricae
690 1741 781 1800 quidem
788 1754 816 1795 et,
825 1762 881 1801 quae

47 1872 49 1878 ,
98 1815 174 1862 Punici
185 1814 271 1878 imperii
282 1826 347 1871 caput
358 1812 407 1867 luit,
419 1813 545 1871 Carthagini
556 1814 656 1871 opposita
667 1827 707 1862 est.
724 1814 795 1879 Latus:
803 1815 826 1862 id
836 1813 881 1863 lere

47 1925 55 1951 Ι.
93 1899 167 1934 >totum
182 1887 350 1949 importuosum,
359 1886 463 1933 Civitates
471 1904 523 1934 vero
531 1886 649 1934 maritimas
657 1886 803 1941 Camerinam,
812 1887 881 1935 Hera-

82 1951 171 2020 cleam,
182 1958 344 2023 ,Sillonuntum
359 1959 504 2016 Agrigentum
519 1959 591 2007 habet.
608 1958 682 2007 Facies
697 1978 775 2018 veroa
797 1959 882 2014 Lilibeo

47 2031 87 2093 ‘25
98 2032 120 2078 in
135 2031 237 2080 Pelorum
251 2050 341 2095 vergens
355 2032 408 2079 mari
423 2030 496 2079 lnlero
507 2031 536 2078 ad
548 2051 649 2079 occasum
661 2031 764 2080 abluitur.
777 2032 882 2086 Civitates

47 2143 55 2165 ζ.
97 2102 182 2179 inclitae
197 2104 227 2153 ibi
243 2104 382 2158 Panormum
395 2102 534 2162 Drepanum
536 2116 565 2158 et,
578 2123 634 2162 quae
646 2103 709 2163 ipso
706 2124 718 2153 a
730 2106 882 2163 promuntorio

100 2198 179 2227 nomen
194 2178 284 2236 accepit,
298 2177 437 2248 Lilibeum
420 2191 480 2226 sitae.
494 2177 556 2241 Quae
567 2190 641 2226 autem
653 2177 737 2229 lacies
731 2198 754 2226 ιιι
767 2177 881 2227 Graeciam

69 2286 71 2289 -
98 2250 126 2299 ad
140 2250 247 2309 orientem
260 2250 337 2307 vergit,
349 2270 373 2297 ea
385 2249 495 2307 Superum
506 2249 571 2307 habet
582 2268 641 2299 mare
652 2264 673 2297 et
683 2234 796 2307 Pachinoa
808 2264 892 2299 monte.

71 2322 120 2371 in
136 2322 238 2373 Pelorum
254 2323 346 2372 tendens
363 2322 460 2392 civitates
478 2322 614 2377 Cathaniam
622 2322 798 2385 Τιιιιοιιιειιιιιιι,
817 2323 882 2382 Syra

53 2380 85 2446 30
99 2416 161 2444 cusas
176 2409 205 2451 et,
220 2417 276 2455 quae
290 2389 460 2454 septentrionem
474 2396 578 2454 prospicit
593 2408 618 2447 et
628 2383 778 2444 Calabriae
759 2397 829 2473 vrcina
841 2410 882 2453 est,

50 2520 58 2524 ..
74 2467 225 2529 Messanam
240 2469 335 2518 habet

56 2594 58 2599 A
143 2539 208 2588 Missi
223 2560 310 2598 nanque
322 2524 403 2604 Roma
402 2553 487 2598 praetor
495 2559 555 2588 unus
566 2552 587 2588 et
598 2553 723 2622 quaestores
740 2511 828 2589 diro
795 2561 883 2589 ornnem
931 2577 932 2581 ,

53 2653 54 2657 ,
65 2594 197 2677 Siciliam
208 2613 367 2680 gubernabant.
377 2600 475 2677 Praeerat
484 2605 592 2681 omnibus
594 2613 635 2676 qui
644 2626 730 2678 praetor
739 2626 791 2662 erat.
800 2613 884 2671 Quaes-

49 2723 70 2741 τι,
98 2696 163 2749 tores
171 2704 222 2732 vero
237 2686 267 2732 ita
276 2674 423 2751 sortiebantur
432 2685 567 2743 provinciam
575 2677 600 2735 ut
609 2685 663 2734 alter
678 2685 793 2734 Lilibeum
797 2699 818 2734 et
828 2707 884 2745 quae

34 2792 36 2795 Α
50 2740 85 2817 33
101 2750 178 2818 versus
186 2751 284 2819 Africam
294 2770 345 2805 sunt
354 2758 401 2805 loca
410 2770 500 2811 teneret,
510 2757 566 2808 alter
573 2747 690 2815 Syracusas
700 2771 721 2805 et
731 2777 791 2816 quae
800 2759 884 2820 Italiam

61 2872 202 2882 Q.—

98 2939 131 2983 29.
145 2941 176 2985 Ex
191 2943 300 2990 Siracusas,
314 2951 335 2985 ut
348 2938 547 3005 Ὶειίιιιιιίιιῖιαιεοιιι
567 2983 569 2986 ,
599 2940 632 2993 35.
648 2941 724 2986 ltaliam
738 2948 750 2986 ι’.
761 2962 779 2986 r.r
