2093 3253
251 162 380 198 scnrrronun
394 167 520 198 rttusrnruvr
533 178 547 182 -
561 165 619 196 mser
632 167 660 195 xi.
831 151 870 196 299

84 287 169 335 dicitur.
178 286 297 334 Accusator
305 285 334 333 T.
344 284 453 332 Labienus
462 283 510 332 luit.
521 285 595 342 Nepos
605 304 631 331 ex
639 282 705 344 lratre
714 284 749 331 hic
758 282 870 330 Saturnini

84 372 135 408 erat.
153 359 220 406 ludex
233 370 306 406 autem
320 357 346 406 C.
360 357 505 418 Caesarsipse
519 371 544 405 ut
557 377 604 406 esse
617 369 718 416 cuperet·
727 358 756 404 ita
769 368 801 404 est
814 354 871 404 torte

84 433 146 480 datus
162 422 226 480 sorte.
242 430 349 478 Nondum
363 430 422 478 enim
436 443 560 487 praeturam
575 429 679 478 habuerat
694 428 780 491 Caesar.
795 428 830 476 Ab
845 449 871 476 eo

84 504 174 565 quidem
185 504 300 553 damnatus
311 515 343 552 est
354 515 420 563 atque
432 498 545 552 damnatus
557 502 634 552 acerbe
645 501 753 551 Rabirius.
765 501 810 551 Sed
821 521 872 550 curn

50 581 71 631 ⁴5
86 590 223 637 provocasset
234 576 262 625 ad
273 576 386 634 populum,
398 575 509 625 Ciceronis
520 575 640 635 patrocinio
651 588 672 624 et
683 575 799 625 auctoritas
810 595 871 624 sena-

84 665 120 698 tus
134 649 222 697 detensa
236 662 257 695 et
271 649 371 696 Rabirius
385 648 497 695 absolutus
511 661 550 696 est.

129 722 210 779 Legem
224 734 298 769 autem
312 720 414 773 ambitus,
429 740 496 778 quam
510 739 548 777 per
563 733 662 768 senatum
676 720 727 768 terri
742 719 770 776 Q.
786 720 872 768 Mutius

85 796 193 850 tribunus,
203 809 227 843 ut
237 794 280 842 dixi
290 793 355 852 paulo
363 808 420 848 ante,
429 807 532 849 vetuerat,
542 794 570 842 ad
579 794 724 842 cohercendos
733 812 811 853 pravos
819 795 872 843 civi-

86 868 135 916 tatis
147 887 217 916 mores
227 881 290 916 aucta
300 888 370 927 poena
380 867 464 921 Cicero
476 880 500 915 ut
510 865 580 915 lactus
590 880 622 915 est
632 866 714 921 consul,
725 865 782 915 tulit.
793 866 872 915 Trien-

51 945 75 992 10
89 942 126 988 nio
137 931 227 998 quidem
237 954 287 988 ante
298 940 427 988 Ciceronem
438 939 550 1008 consulem
561 931 699 1005 lex'ambitus
711 939 811 1006 aPisone
822 940 874 1003 Cat<

88 1009 160 1062 lurnio
170 1013 211 1062 lata
221 1013 259 1061 sed
268 1032 333 1071 parva
342 1033 393 1061 cum
402 1032 472 1071 poena
480 1026 532 1061 erat.

130 1087 176 1135 Nec
183 1087 209 1135 L.
216 1086 307 1141 Luculo‚
315 1087 352 1145 qui
361 1098 416 1135 esset
425 1086 456 1134 vir
465 1106 516 1134 cum
524 1085 672 1144 magnitudine
681 1104 753 1138 rerum
761 1085 817 1135 bello
825 1107 872 1144 ges·

88 1173 159 1207 tarum
167 1172 215 1207 turn
223 1160 296 1206 studio
304 1180 328 1206 ac
336 1160 460 1216 cognitione
471 1159 618 1206 doctrinarum
627 1158 780 1232 amplissimus,
793 1158 874 1216 proluit

88 1251 166 1290 parum
177 1244 201 1280 ut
213 1233 240 1280 de
251 1231 371 1287 Mitridate,
383 1232 446 1279 Ponti
458 1250 513 1289 rege,
525 1232 557 1279 uti
568 1244 612 1279 erat
623 1232 678 1279 bene
690 1232 785 1286 meritus
798 1232 874 1280 trium·

54 1306 77 1355 l5
93 1306 175 1362 pharet,
185 1325 235 1353 cum
241 1305 364 1352 resistentes
370 1305 451 1352 inimici
458 1305 501 1352 iam
506 1304 625 1352 triennium
631 1318 772 1365 posteaquam
778 1305 874 1359 redisset,
887 1323 889 1332 ’

90 1397 117 1423 ne
127 1377 232 1435 triumphi
244 1376 350 1424 honorem
358 1377 445 1425 baberet
454 1395 492 1434 per
501 1377 604 1425 invidiam
612 1389 633 1424 et
642 1376 718 1425 odium
726 1367 874 1443 impedissent.

132 1449 192 1497 Haec
207 1448 319 1508 propalam
332 1450 355 1497 in
370 1468 392 1497 re
407 1449 494 1507 publica
508 1450 536 1497 ad
550 1449 655 1497 sedandas
670 1449 742 1499 civiles
757 1449 876 1499 discordias

92 1535 112 1569 et
127 1522 234 1570 tumultus
249 1543 261 1569 a
276 1513 458 1569 Ciceronelacta.
473 1522 564 1570 Occulte
578 1518 654 1582 autem¹
665 1515 789 1571 stimulabat
803 1525 876 1582 ipsum

91 1615 146 1654 quae
155 1597 197 1644 iam
206 1595 291 1654 pridem
300 1596 372 1644 audita
381 1608 425 1644 erat
434 1615 458 1643 ac
467 1595 542 1644 dietim
551 1596 659 1644 crescebat
668 1597 735 1655 magis
744 1617 786 1645 vox
794 1598 876 1646 incerto

51 1669 78 1716 20
92 1681 179 1716 auctore
191 1668 276 1726 vulgata
288 1689 335 1716 esse
347 1669 384 1728 qui
397 1668 481 1726 regium
492 1668 552 1731 urbis
565 1669 701 1736 dominatum
713 1689 819 1728 occupare
830 1682 882 1734 stu-¹

91 1741 158 1790 deret.
172 1741 229 1789 Hinc
242 1741 301 1789 enim
325 1755 424 1799 suspecta
436 1742 509 1789 omnia
522 1741 621 1790 Ciceroni
640 1755 699 1790 erant
717 1762 744 1791 ne
762 1744 876 1808 quidpre-

92 1815 166 1862 sertim
179 1835 201 1862 se
214 1814 302 1862 consule
315 1815 338 1861 in
351 1833 373 1862 re
386 1814 473 1873 publica
486 1829 607 1863 novaretur.
621 1815 815 1873 Circumspiciebat
828 1818 877 1875 qui-

92 1887 143 1934 dem
154 1887 253 1945 undique
265 1899 331 1944 atque
342 1886 450 1944 principio
462 1888 516 1944 ipso,
530 1900 554 1934 ut
567 1887 691 1944 designatus
703 1901 735 1935 est
748 1888 830 1942 consul.
844 1889 877 1936 in-

93 1960 197 2018 vestigare
209 1959 281 2017 coepit
294 1972 497 2018 perseveranterque
510 1959 557 2008 dies
569 1980 644 2008 omnes
657 1981 681 2009 ac
694 1974 768 2010 noctes
780 1962 876 2010 invenire

53 2032 79 2080 25
95 2032 195 2080 studebat
209 2032 267 2080 unde
281 2033 339 2079 vocis
354 2032 419 2079 huius
432 2033 501 2089 prima
515 2033 575 2090 origo
589 2046 652 2081 esset.
667 2033 878 2093 Circummisitqui-

93 2105 143 2152 dem
157 2105 245 2158 amicos,
262 2104 300 2163 qui
316 2104 344 2153 ad
358 2124 406 2153 eam
422 2123 468 2152 rem
483 2104 556 2153 idonei
572 2105 702 2161 viderentur,
718 2119 743 2155 ut
758 2108 818 2155 omni
833 2120 892 2170 arte

94 2173 243 2237 perquirerent
257 2174 353 2236 quonam
367 2200 393 2226 ex
407 2177 495 2226 homine
508 2199 533 2227 ea
546 2199 588 2228 vox
602 2178 675 2228 audita
689 2181 784 2238 primum
798 2194 819 2229 et
833 2195 879 2229 orta
892 2170 893 2174 ,

93 2264 156 2300 esset.
172 2252 214 2299 Res
225 2272 311 2309 nanque
321 2251 367 2299 eius
377 2252 405 2299 ad
414 2269 476 2298 aures
486 2243 515 2299 ita
524 2250 591 2300 relata
600 2265 645 2300 erat
653 2244 715 2311 'quod
724 2274 795 2311 neque
804 2267 879 2301 auctor

94 2332 165 2371 certus
181 2320 295 2372 baberetur
313 2344 353 2371 nec
371 2323 443 2372 audita
462 2344 504 2372 vox
522 2345 568 2373 esse
586 2344 640 2372 vana
658 2325 744 2384 penitus
763 2325 879 2376 videretur.

54 2394 82 2441 30
96 2394 248 2453 Suspicionem
260 2396 351 2452 augebat
364 2396 423 2455 quod
435 2396 478 2443 iam
489 2395 565 2445 luisset
578 2396 604 2444 L.
617 2396 675 2455 Sylla
687 2398 725 2457 qui
737 2398 797 2446 urbis
809 2398 879 2446 domi-

95 2462 171 2516 natum
186 2468 283 2527 arripuit,
314 2467 406 2518 luissent
422 2468 488 2517 etiam
502 2483 552 2528 post
565 2462 619 2519 eum
634 2470 733 2519 nonnulli
749 2471 794 2529 qui,
809 2484 834 2519 ut
849 2473 880 2520 rei

96 2540 195 2596 publicae
216 2553 297 2589 statum
318 2554 444 2595 everterent,
474 2543 629 2590 coniurassent.
651 2543 730 2601 Neque
751 2562 801 2591 vero
823 2564 881 2591 nunc
924 2598 929 2606 ,Ἰ

95 2613 168 2661 audita
181 2634 223 2662 vox
235 2626 280 2661 erat
293 2634 354 2668 vana:
368 2614 406 2668 his,
414 2634 501 2673 nanque
514 2615 590 2664 diebus
604 2607 740 2665 dominatum
753 2616 794 2663 sibi
807 2635 882 2675 parare

96 2686 197 2734 studebat
212 2706 278 2745 quem
293 2688 410 2742 nominavi,
424 2686 449 2736 L.
462 2687 550 2746 Sergius
563 2688 662 2737 Catilina.

56 2807 199 2815 Ἢ

96 2873 116 2917 4,
134 2871 165 2919 Ex
183 2875 254 2920 acerbe
270 2873 375 2930 damnatus
393 2879 452 2926 signis
468 2875 482 2919 b
497 2893 508 2919 a
523 2893 571 2920 corr.
626 2875 658 2921 33.
673 2876 814 2932 dominlatum)
831 2884 844 2922 ἰ.
859 2897 882 2929 r.;

57 2954 80 2981 ex
94 2939 209 2993 re(gnum?)
224 2946 291 2983 statim
304 2957 353 2984 corr.
