2093 3253
251 189 380 223 scnrrronuu
394 189 520 223 rtnusrnruu
533 189 619 228 —uam
633 189 685 221 xnn.
835 174 870 220 391

92 326 179 363 nanque
193 304 288 353 consiliis
303 304 344 353 hoc
359 304 472 363 presertim
486 303 543 353 bello
558 303 674 364 Pompeius
689 324 756 363 quam
770 303 876 353 rarissime

92 398 144 427 usus
159 390 199 426 est.
213 377 260 425 Nec
273 377 341 425 multa
351 389 401 425 sunt
413 397 426 424 a
438 377 541 435 Pompeio
554 390 613 435 gesta
626 397 681 436 quae
694 389 767 434 mente
775 377 830 425 'satis
843 377 876 425 in-

92 464 151 508 tegra
166 449 243 498 Cicero
256 449 389 507 approbarit.
405 449 437 497 lta
451 449 540 508 quidem
553 449 650 498 amicicia
664 461 735 497 stante
748 448 877 497 differebant

23 539 25 541 ’
92 523 170 575 animis
186 523 246 580 quod
261 522 381 571 discordiae
396 521 461 570 huius
476 517 586 571 flammam
601 522 696 581 extingui
712 521 748 570 ille
762 521 826 576 bello,
843 523 877 571 hic

68 597 80 645 5
96 615 149 653 pace
166 595 269 644 studeret.
287 594 365 653 Neque
382 613 433 642 vero
450 594 523 652 ipsum
539 614 566 642 ne
583 595 689 643 traiiceret
705 593 734 643 ad
749 593 878 653 Pompeium

94 667 199 716 retinebat
216 685 293 726 parum
309 686 360 715 cura
376 685 472 721 suorum,
489 680 538 714 tum
553 667 613 725 quod
629 667 730 726 precibus
746 680 767 715 et
784 666 877 716 lacrimis

94 754 205 792 exorarent
222 741 296 800 ipsum
313 740 350 808 qui
368 761 445 789 secum
458 740 547 789 aderant
564 740 684 795 necessarii,
702 740 816 799 presertim
833 739 877 789 Te-

94 815 162 863 rentia
177 806 231 862 uxor
246 826 274 868 et,
291 813 329 872 qui
345 826 405 861 erant
420 813 463 862 iam
478 813 571 872 puberes
586 812 644 868 lacti,
661 833 728 872 nepos
743 827 765 862 et
780 814 837 863 filius
853 826 878 863 ut

94 898 216 945 expectaret
230 885 317 935 diutius,
326 905 366 933 nec
380 885 486 943 proficisci
501 885 529 933 ad
542 886 671 943 Pompeium
685 886 707 932 ni
721 886 786 934 rebus
800 906 877 934 secun-

56 962 81 1010 10
97 959 193 1008 dioribus
207 958 323 1013 festinaret,
337 971 385 1008 tum
398 960 458 1017 quod
470 972 551 1007 amaret
564 958 627 1007 unice
640 977 736 1014 uxorem,
749 958 826 1014 filium,
840 980 878 1007 ne-

31 1082 36 1089 ,
95 1045 169 1091 potem
177 1045 198 1080 et
206 1032 254 1080 illos
262 1052 333 1091 neque
340 1044 388 1081 tuto
396 1031 489 1090 relinqui
497 1051 590 1091 usquam
597 1032 620 1080 in
630 1031 691 1080 ltalia
698 1052 768 1090 posse,
777 1031 795 1080 si
802 1032 877 1087 abiret,

95 1124 135 1152 nec
150 1104 200 1153 duci
216 1104 331 1152 commode
345 1124 419 1152 secum
434 1103 489 1152 ultra
505 1122 563 1151 mare
577 1115 669 1162 putaret.
687 1102 744 1152 Illud
758 1104 823 1152 etiam
837 1104 878 1151 sibi

95 1190 140 1230 erat
154 1176 318 1235 impedimento,
332 1176 393 1235 quod
406 1176 491 1225 lictores
505 1188 526 1224 et
539 1174 607 1224 fasces
621 1175 733 1230 laureatos,
748 1176 824 1225 datum
837 1176 879 1224 sibi

95 1270 107 1296 a
117 1248 199 1307 populo
209 1250 308 1297 Romano
318 1267 358 1307 pro
368 1249 472 1307 dignitate
482 1268 568 1301 munus,
580 1242 681 1302 haberet,l
685 1269 757 1307 neque
764 1249 797 1297 ire
806 1249 880 1297 liceret

58 1322 82 1372 15
98 1341 190 1381 usquam
199 1322 245 1371 sine
253 1321 313 1381 ipsis,
322 1341 362 1370 nec
370 1320 417 1370 illos
426 1333 484 1370 extra
494 1321 577 1370 ltaliam
587 1319 643 1370 lerre
653 1321 694 1371 nisi
703 1320 792 1371 moleste
800 1335 879 1381 posset.

84 1445 86 1447 ,
137 1395 234 1446 Aderant
249 1395 301 1443 item
316 1394 398 1443 litterae
412 1395 532 1442 amicorum
547 1394 585 1442 sed
599 1394 706 1453 imprimis
719 1394 794 1453 >Appii
810 1395 878 1449 Balbi,

97 1465 182 1524 Lepidi,
198 1465 332 1519 Dolabellae,
349 1466 421 1523 generi
437 1466 477 1518 sui,
494 1465 531 1523 qui
547 1485 598 1513 cum
613 1465 758 1514 benivolentia
773 1468 826 1515 moti
832 1479 880 1515 tum

97 1539 190 1588 consulti
203 1538 232 1588 ad
246 1558 298 1587 eum
311 1538 430 1587 scriberent
441 1539 557 1597 ipsumque
567 1559 594 1587 ne
604 1538 704 1587 transiret
713 1537 742 1587 ad
752 1538 880 1601 Pompeium

96 1612 245 1661 exhortatione
261 1624 342 1670 quanta
358 1624 442 1670 poterat
458 1612 552 1670 quisque
568 1624 712 1670 precarentur.
730 1611 777 1660 Hac
794 1632 881 1672 nanque

55 1686 84 1735 20
99 1685 126 1733 de
140 1703 163 1732 re
177 1685 258 1732 amicos
273 1684 311 1742 qui
327 1683 428 1731 Cesarem
442 1682 588 1741 sequebantur
602 1702 641 1741 per
655 1682 736 1741 litteras
750 1704 814 1742 saepe
828 1705 880 1732 con-

97 1757 170 1806 suluit.
186 1756 254 1805 Caelii
269 1769 342 1805 autem
357 1756 469 1815 responsio
484 1755 512 1804 ad
527 1776 584 1811 eum,
601 1755 662 1815 quod
677 1755 776 1805 statuisse
790 1758 881 1806 transire

97 1848 156 1877 mare
169 1829 247 1878 Cicero
260 1824 376 1883 videretur,
390 1830 431 1876 ista
443 1828 492 1877 luit:
506 1845 518 1876 <t
524 1829 558 1877 M.
572 1828 658 1877 Caelius
670 1828 709 1877 sal.
723 1829 794 1878 dssllll.
807 1829 881 1878 Tullio

97 1901 197 1950 Ciceroni
217 1900 349 1960 imperatori.
369 1900 508 1950 Exanimatus
527 1921 576 1950 sum
595 1901 671 1950 litteris
690 1902 740 1957 tuis,
760 1903 841 1962 quibus
859 1916 881 1951 te

97 1974 150 2021 nihil
165 1975 206 2022 nisi
220 1974 281 2022 triste
295 1974 389 2031 cogitare
403 1968 515 2021 ostendisti
530 1993 601 2031 neque
611 1974 634 2022 id
645 1974 699 2032 quid
709 1989 765 2023 esset
773 1976 881 2034 perscrip-

56 2046 83 2094 25
99 2046 152 2094 sisti.
168 2044 238 2095 Nobis
249 2058 322 2095 tamen
333 2044 397 2105 quale
408 2057 463 2094 esset
474 2045 535 2105 quod
550 2045 653 2104 cogitares
668 2046 778 2105 aperuisti.
794 2047 840 2096 Has
855 2047 883 2097 ad

97 2132 119 2167 te
129 2119 178 2168 ilico
188 2119 268 2168 litteras
279 2119 361 2177 scripsi:
372 2137 411 2176 per
420 2117 518 2167 lonunas
527 2132 582 2174 tuas,
594 2118 727 2178 Cicero-per
736 2119 815 2170 liberos
825 2134 882 2176 tuos,

97 2205 119 2238 te
132 2210 170 2239 oro
184 2204 205 2239 et
219 2191 309 2239 obsecro
322 2211 350 2239 ne
363 2190 417 2249 quid
430 2191 515 2249 gravius
529 2191 556 2239 de
569 2190 642 2240 salute
650 2205 672 2249 et
685 2192 832 2242 incolumitate
845 2207 883 2243 tua

98 2264 205 2317 consulas,
220 2262 279 2316 Nam
295 2265 347 2313 deos
364 2264 507 2323 hominesque
523 2263 686 2324 amiciciamque
702 2278 798 2315 nostram
814 2279 881 2316 testor

98 2358 133 2386 me
144 2336 185 2386 tibi
199 2337 330 2396 praedixisse
342 2357 413 2395 neque
425 2349 506 2385 temere
519 2338 628 2386 monuisse
640 2339 686 2392 sed,
699 2351 815 2398 postquam
827 2340 883 2389 Cae-

57 2409 86 2459 30
100 2404 170 2459 sarem
183 2410 322 2459 convenerim
336 2411 509 2469 sententiamque
522 2412 568 2461 eius
583 2411 652 2469 qualis
666 2410 739 2460 lutura
754 2425 809 2462 esset
823 2426 883 2471 parta

99 2484 188 2532 victoria
203 2484 348 2541 cognoverim,
364 2496 386 2531 te
401 2484 515 2532 certiorem
530 2483 613 2532 fecisse.
630 2483 653 2532 Si
669 2484 777 2533 existimas
792 2486 884 2533 eandem

84 2565 86 2591 ἲ
99 2556 205 2605 rationem
213 2554 259 2604 lore
267 2554 365 2604 Caesaris
375 2555 398 2605 in
409 2554 543 2605 dimittendis
554 2556 679 2606 adversariis
688 2569 709 2606 et
719 2556 884 2606 condicionibus

99 2628 200 2685 terendis,
215 2649 280 2678 erras.
294 2628 355 2677 Nihil
369 2628 410 2677 nisi
423 2643 491 2683 atrox,
505 2630 547 2677 nisi
560 2650 636 2678 sevum
648 2630 727 2688 cogitat
740 2644 806 2689 atque
819 2632 884 2679 etiam

100 2700 203 2761 loquitur,
221 2702 289 2750 lratus
301 2701 384 2750 senatui
396 2702 443 2750 erit.
456 2701 496 2749 His
508 2702 697 2750 intercessionibus
709 2702 772 2761 plane
783 2703 884 2750 incitatus

100 2787 139 2822 est.
156 2774 208 2822 Non
222 2794 257 2822 me
271 2774 357 2822 hercule
371 2775 411 2821 erit
425 2774 570 2832 deprecationi
586 2775 653 2822 locus.
669 2775 742 2831 Quare
762 2776 779 2822 si
793 2775 833 2824 tibi
852 2789 884 2829 tu,

62 2894 204 2903 —Q—

109 2962 137 2999 22.
151 2962 186 3000 Cic.
199 2965 244 3002 Fam.
257 2962 301 3001 Vlll.
317 2961 336 3000 16
