2093 3253
216 180 346 210 SCRIPTORUM
361 179 489 210 ILLUSTRIUM
502 191 516 195 -
530 178 589 209 LIBER
604 170 635 209 lll.
814 165 837 210 9l

7 352 8 355 Ἴ
56 295 128 342 tinum
137 315 177 342 nec
187 295 233 358 ipse
243 295 265 341 in
275 294 418 342 Sermonibus
427 307 449 343 et
458 295 513 343 Odis
523 307 595 353 negat
604 294 657 343 Arte
662 292 841 343 illumviatorem

56 370 236 425 exactionumque
248 380 370 416 coactorem
381 366 448 415 luisse
459 368 535 417 dicunt
547 368 644 426 quidam,
656 366 841 428 salsamentarium

56 434 129 501 aliqui,
143 442 262 490 mulionem
274 440 373 506 nonnulli
386 440 532 499 putantNec
545 440 649 490 dissimile
657 450 712 490 'vero
721 440 842 498 'estipsum

56 509 154 573 tempore
169 515 227 563 vario
242 514 308 562 modo
323 514 392 569 hanc,¹
400 515 467 563 modo
479 515 545 570 illam,
559 516 626 563 modo
639 514 703 563 aliam
716 527 781 573 atque
794 526 842 563 tan-

32 588 44 637 5
59 586 110 635 dem
124 608 178 646 quas
192 584 303 635 nominavi
317 601 372 641 artes
387 607 462 634 omnes
477 608 516 645 spe
530 601 632 646 quaestus
646 588 842 645 uberiorisegisse.

60 659 116 709 Illud
130 673 214 727 constat
229 660 274 710 filio
290 679 329 719 per
344 660 498 709 contumeliam
513 679 565 710 cum
580 660 717 710 altercaretur
732 659 843 709 obiectum

7 780 8 801 3
58 733 119 792 quod
133 747 216 792 patrem
226 746 380 792 emungentem
390 753 413 781 se
423 732 511 782 brachio
522 733 639 782 habuisset.
650 734 694 782 Sed
704 734 759 791 patri
770 732 842 781 silor-

4 805 8 829 ²
58 819 111 853 tuna
123 807 210 854 humilis
222 819 287 864 atque
299 806 397 860 obscura,
410 808 495 855 animus
507 820 580 855 tamen
592 807 646 854 liber
657 820 679 854 et
691 826 781 864 magnus
793 805 844 855 luit,

0 901 8 947 s
59 877 139 927 Filium
148 879 214 933 enim,
224 899 291 937 quem
299 879 388 937 ingenui
397 880 478 937 ingenii
488 878 534 927 esse
543 879 669 937 perciperet,
679 892 731 933 non,
740 891 765 926 ut
774 877 844 926 solent

0 954 6 1012 ζ
23 954 47 1004 ll)
62 951 130 1007 multi,
144 953 205 1010 sequi
218 964 306 1011 paterna
318 952 406 1012 vestigia
419 951 493 1001 docuit
505 951 544 1001 sed
555 951 631 1001 litteris
643 951 750 1010 bonisque
761 950 844 999 artibus

3 1038 7 1076 ξ
60 1046 85 1073 ac
95 1025 277 1081 doctrinisxnobili
288 1026 334 1075 viro
345 1026 416 1085 dignis
427 1026 507 1075 erudiri
521 1026 640 1075 constituit.
653 1024 747 1073 Teneris-
755 1025 844 1088 quidem

3 1136 4 1140 ,
60 1098 122 1146 annis
137 1097 215 1146 habere
230 1099 342 1156 ingenium
352 1098 421 1145 docile
429 1111 484 1157 puer
492 1111 557 1156 atque
566 1098 622 1145 ultra
630 1098 734 1145 natallium
743 1097 844 1145 meritum

1 1187 7 1237 :5
28 1188 29 1191 ’
61 1186 124 1231 aptus
135 1170 210 1231 litteris
220 1191 246 1220 ac
256 1170 376 1231 disciplinis
386 1171 474 1231 optimis
485 1171 606 1220 videbatur.
617 1170 711 1220 Venusia
718 1172 784 1230 igitur
794 1189 844 1229 pro·

2 1261 8 1298 ζ»
60 1244 130 1293 lectus
139 1257 200 1303 pater
209 1244 238 1293 ad
248 1244 341 1292 Sabinos
351 1245 417 1293 venit.
431 1244 484 1293 lnde
494 1262 587 1303 puerum
594 1244 690 1292 ¹Romam
700 1245 769 1298 duxit,
785 1245 845 1303 quod

24 1318 48 1366 l5
63 1318 86 1364 in
100 1333 125 1365 ea
139 1330 161 1365 et
175 1336 287 1364 summum
300 1316 358 1364 orbis
371 1318 488 1374 imperium
500 1329 522 1364 et
534 1317 642 1368 bonarum
655 1318 754 1382 omnium
766 1318 846 1367 artium

62 1390 156 1448 magistri
173 1408 305 1449 quocunque
320 1390 343 1456 in
359 1399 437 1447 genere
452 1382 553 1438 florentes
568 1402 590 1438 et
605 1388 656 1438 clari
671 1402 750 1439 essent.
766 1389 846 1440 Filium

62 1463 163 1521 denique,
173 1482 240 1522 quam
250 1462 326 1511 melius
336 1463 402 1521 patris
412 1462 511 1512 condicio
521 1463 599 1521 potuit,
609 1476 634 1511 ut
643 1462 723 1512 litteras
733 1463 846 1512 doceretur

62 1536 141 1584 locavit
149 1536 238 1584 Romae.
250 1535 385 1585 Parcissimis
394 1535 486 1595 quidem
495 1536 607 1595 impensis,
618 1537 650 1585 uti
658 1536 729 1585 solent
738 1555 846 1595 pauperes

0 1617 5 1657 ζ’
61 1628 86 1658 ac
100 1620 194 1666 egentes,
209 1609 277 1657 vitam
289 1608 365 1666 primis
378 1609 440 1656 annis
453 1609 497 1667 egit
510 1608 621 1657 Horatius.
635 1608 680 1657 Sed
692 1609 811 1657 litterarum
823 1610 846 1658 in
887 1627 889 1632 ·

0 1679 6 1735 V,
23 1685 50 1733 20
65 1682 117 1731 ludo
130 1701 155 1730 ea
168 1680 284 1740 diligentia,
298 1699 355 1737 cura,
369 1682 456 1740 ingenio
468 1694 564 1731 versatus
577 1694 609 1730 est
622 1681 689 1741 quod,
700 1683 732 1731 uti
742 1696 787 1731 erat
797 1696 846 1742 spes

0 1764 6 1807 J:
62 1771 151 1816 paterna
161 1768 182 1804 et
193 1755 272 1804 indolis
283 1775 335 1804 suae
346 1754 487 1814 pollicebatur
497 1769 603 1814 aspectus,
615 1757 695 1815 primas
703 1756 786 1805 litteras
798 1776 847 1805 eru-

0 1864 3 1884 ;
63 1831 145 1878 diretur
155 1842 234 1888 presto,
245 1848 286 1876 nec
296 1829 448 1895 sibiaequales
458 1829 525 1877 modo
535 1829 574 1877 sed
584 1842 637 1878 natu
647 1831 712 1878 etiam
723 1832 813 1879 maiores
823 1851 848 1879 ac
897 1838 920 1876 J

0 1895 4 1927 2
63 1901 170 1951 nobilium
185 1901 247 1955 filios,
257 1901 295 1959 qui
309 1913 331 1948 et
340 1900 453 1958 magistros
462 1913 484 1948 et
492 1901 615 1959 pedagogos
624 1901 735 1956 haberent,
745 1902 818 1950 studio
827 1916 848 1951 et

2 2029 3 2032 Ἴ
63 1975 151 2023 scientia
162 1986 281 2032 superaret.
294 1972 390 2032 Paupere
402 1973 492 2032 quidem
504 1972 546 2022 sub
558 1986 608 2031 toga
620 1994 683 2032 saepe
695 1974 751 2022 clara
763 1976 848 2033 ingenia

0 2042 5 2094 s
23 2050 50 2097 25
65 2050 152 2097 inventa
159 2060 217 2097 sunt.
228 2047 317 2095 Studuit
324 2068 412 2105 quoque
419 2046 575 2105 philosophiae.
582 2047 673 2096 audivit
684 2047 849 2103 Achademicos;

0 2128 5 2182 ’Ἰ
63 2121 145 2169 audivit
164 2119 282 2178 Epicureos
308 2132 373 2177 atque
399 2120 472 2167 locum
492 2121 548 2167 inter
569 2120 608 2167 hos
630 2121 726 2177 primum
747 2121 849 2169 obtinuit.

64 2193 126 2242 Brevi
137 2213 224 2251 nanque
235 2193 257 2240 in
268 2191 343 2240 litteris
354 2204 376 2240 et
387 2190 475 2240 Graecis
486 2204 508 2240 et
519 2191 601 2240 latinis
612 2192 651 2240 sed
661 2193 774 2250 presertim
784 2195 806 2240 in
816 2192 827 2240 l
839 2223 849 2231 -

0 2298 5 2332 i
64 2267 142 2315 ciendo
156 2278 232 2320 metro,
242 2267 265 2313 in
274 2264 398 2314 liberalibus
408 2265 497 2320 artibus,
507 2266 530 2314 in
539 2265 676 2324 philosophia
684 2267 767 2314 iuvenis
777 2266 850 2314 erudi-

1 2349 3 2351 ’
65 2353 99 2387 tus
114 2359 139 2386 ac
153 2340 234 2396 peritus
254 2337 346 2386 elloruit.
591 2398 593 2402 ι

1 2433 3 2472 3
25 2412 53 2462 30
109 2410 217 2475 Perceptis
232 2423 306 2458 autern
323 2409 355 2458 his
373 2410 476 2459 doctrinis
494 2416 547 2469 quas
565 2411 634 2477 Roma
651 2411 738 2477 doceret
753 2411 850 2460 Athenas

66 2486 138 2534 studio
153 2483 282 2542 degustandi
298 2485 364 2532 etiam
380 2504 435 2542 quae
451 2485 474 2531 in
490 2484 582 2532 Graecia
598 2491 669 2533 essent
685 2483 794 2543 protectus
810 2498 850 2533 est.

0 2586 5 2621 3
66 2559 111 2606 Sed
125 2557 174 2617 plus
191 2556 355 2614 quamRomae
371 2557 480 2604 didicisset
496 2557 616 2614 pauxillum
631 2558 720 2605 invenit.
736 2557 851 2607 amicicias

0 2724 3 2772 -Ῑ
63 2734 77 2772 r.
90 2733 130 2772 nor.
144 2734 194 2771 sum.
208 2732 220 2769 r.
234 2731 250 2768 o.
264 2732 280 2775 o,
294 2732 323 2774 aa
336 2732 389 2768 carmi
403 2733 423 2769 u.
437 2733 464 2769 20,
480 2734 495 2769 5.

29 2952 30 2955 Ἴ
66 2893 85 2937 7.
99 2902 226 2945 emungetem
239 2890 306 2937 OHV.
365 2889 394 2936 ll).
409 2889 466 2936 multi
480 2890 687 2947 i.r.;crutplurique.
742 2891 854 2949 25.hch(a¹

28 2957 122 3015 demicos)
137 2965 150 3004 ἰ.
165 2977 181 3002 r.
657 2969 659 2974 '
