2093 3253
444 198 538 230 SlCCONlS
551 198 668 229 POLENTONl

177 350 179 353 f
229 314 315 372 Nempe
330 314 474 362 consideranti
489 314 625 362 honestatem
638 333 715 362 causae
729 312 817 371 gerendi
831 310 889 365 belli,
905 312 969 361 bene·
1035 292 1047 330 Ξ

187 388 235 436 licia
248 400 341 440 senatus,
355 386 476 434 libertatem
488 387 518 435 rei
531 387 637 444 publicae,
650 388 770 436 amiciciam
783 388 887 448 Pompeii,
901 388 970 445 digni·

187 472 254 508 tatem
268 459 376 507 honorum
391 457 471 506 civium
482 457 536 507 nihil
547 470 591 507 erat
602 459 663 517 quod
673 460 692 508 ei
704 462 833 517 persuadere
843 473 916 520 posset
927 480 971 509 non

188 552 234 580 esse
246 533 275 579 ad
288 531 416 589 Pompeium
429 530 494 588 pleno
507 531 580 579 animo
593 531 745 589 navigandum.
760 534 899 592 Quamquam
912 534 969 582 enim
1038 529 1047 558 '3'

162 605 174 653 5
191 603 308 653 conflictari
318 623 392 652 secum
400 603 530 661 haerereque
538 603 628 652 consilio
636 604 716 653 dubius
725 617 790 665 atque
799 606 909 655 interdurn
918 606 970 654 deli*

188 696 237 734 gere
251 696 361 726 remanere
374 676 396 724 in
412 675 472 724 ltalia
485 676 600 730 videretur,
615 678 675 735 quod
689 678 768 726 durum
782 692 837 727 esset
851 678 971 737 relinquere

188 748 407 807 patriamdecedere
422 761 471 796 tuto
487 771 498 797 e
514 748 568 803 loco,
586 749 659 797 subire
674 750 769 808 pericula
784 750 842 805 belli,
859 751 971 808 presertim
1045 801 1047 803 ,

188 821 239 870 belli
254 823 300 870 eius
315 821 337 869 in
353 842 397 879 quo
412 841 461 879 spes
476 820 535 869 nulla
550 821 657 875 victoriae,
673 821 731 870 nulla
746 823 828 871 reditus
843 837 970 881 superesset,

189 895 268 942 mentis
282 907 355 941 tamen
364 893 452 942 firmum
463 913 548 951 semper
558 893 694 952 propositum
703 893 752 949 luit,
763 894 801 943 ubi
811 895 901 942 omnino
910 895 971 953 sequi

150 968 176 1016 ll]
190 966 282 1016 alterum
300 976 414 1025 oporteret,
432 967 572 1032 transiread·
585 966 719 1026 Pompeium,
739 968 839 1027 quodid
857 967 972 1029 honestum
1040 991 1047 1033 ἶ;

189 1041 288 1097 quamvis
303 1039 455 1097 periculosum,
464 1038 556 1087 alterum
563 1059 614 1087 vero
622 1060 666 1087 non
675 1041 747 1088 minus
754 1054 818 1098 turpe
826 1038 893 1099 quam
900 1052 973 1088 tutum
1043 1034 1044 1037 Ἴ

191 1130 236 1160 esse
250 1124 344 1170 putaret.
360 1110 478 1161 Enimvero
488 1130 624 1170 quamquam
638 1124 711 1161 tutum
723 1132 746 1160 se
756 1112 809 1167 lore,
825 1113 843 1159 si
854 1125 972 1160 remaneret
1044 1111 1046 1128 ³

191 1186 213 1233 in
230 1185 296 1239 ltalia,
313 1185 346 1232 sin
360 1204 418 1232 mare
428 1184 540 1240 traiiceret,
552 1184 691 1234 manifestum
702 1185 808 1244 proficisci
819 1185 842 1234 in
853 1184 973 1252 periculum
1042 1177 1045 1185 ι

190 1279 214 1306 ac
227 1259 312 1307 ruinam
324 1259 442 1306 certissime
453 1278 476 1305 se
486 1258 574 1312 videret,
587 1278 674 1307 omnem
684 1271 756 1307 tamen
768 1257 911 1306 calamitatem
921 1258 973 1305 sub·

152 1332 177 1379 l5
193 1332 287 1380 eundam
302 1332 373 1388 potius
389 1351 455 1389 quam
470 1331 610 1379 deserendam
624 1351 670 1379 rem
685 1330 794 1390 publicam
805 1330 973 1389 violandumque

191 1406 224 1453 ius
237 1404 346 1452 amiciciae
358 1423 383 1451 ac
396 1404 550 1452 declinandum
567 1404 595 1451 ab
614 1405 725 1452 honestate
745 1404 835 1461 putavit.
853 1403 973 1461 Nunquam
1030 1413 1032 1420 '

192 1475 250 1523 enim
268 1474 396 1523 existimavit
413 1475 490 1524 Cicero
508 1496 553 1524 esse
570 1475 621 1524 fidei
638 1488 659 1524 et
677 1476 787 1533 dignitatis
805 1495 856 1525 suae
875 1475 941 1542 illam¹
951 1496 974 1524 se

192 1548 302 1597 fortunam
311 1549 420 1606 aspernari
431 1560 452 1595 et
461 1547 536 1607 lugere
546 1549 620 1606 inqua
628 1562 714 1597 senatus
725 1549 825 1606 dignitas,
836 1549 866 1597 rei
875 1548 973 1607 publicae

192 1633 267 1674 status,
280 1619 377 1677 Pompeii
391 1620 467 1674 honor,
481 1621 610 1678 optimatum
623 1619 687 1673 salus,
704 1621 802 1669 omnium
815 1620 901 1668 libertas
912 1634 973 1668 esset.

149 1693 178 1740 20
195 1693 226 1741 lta
234 1692 324 1751 quidem
332 1712 361 1745 se,
371 1691 470 1750 quotiens
479 1692 578 1740 veniebat
588 1692 643 1741 hanc
651 1692 673 1740 in
681 1691 861 1741 consultationem
867 1691 974 1750 (veniebat

193 1765 282 1823 quidem
292 1764 372 1823 saepe),
388 1765 460 1813 animo
476 1766 560 1822 integro
575 1766 719 1823 componebat
733 1777 758 1812 ut
771 1765 832 1824 sequi
846 1764 974 1824 Pompeium

193 1837 282 1885 omnino
295 1849 398 1885 statueret
411 1856 477 1895 seque
491 1837 547 1885 vinci
561 1857 612 1886 cum
625 1836 729 1896 Pompeio
743 1856 809 1895 quam
823 1837 909 1885 vincere
923 1856 973 1884 cum

192 1910 283 1959 Caesare
297 1922 362 1968 atque
377 1911 466 1958 iudicari
481 1909 557 1958 fecisse
571 1911 643 1958 minus
654 1923 716 1958 caute
726 1930 792 1968 quam
803 1911 877 1958 minusv
886 1910 975 1958 honeste

172 2023 174 2026 >
193 1983 282 2033 mallet.⁴

151 2058 179 2105 25
236 2057 312 2119 Postea
326 2056 391 2113 igitur
403 2077 469 2115 quam
481 2057 580 2114 navigare
591 2056 619 2104 ad
631 2055 759 2114 Pompeium
771 2076 811 2104 nec
823 2055 909 2104 differre
921 2053 975 2102 ultra

193 2127 313 2188 proposuit,
328 2142 353 2176 ut
368 2129 514 2186 suspicionem
525 2126 664 2187 proiectionis
676 2149 727 2177 suae
738 2128 798 2186 apud
810 2129 843 2176 M.
855 2127 976 2176 Antonium
1015 2157 1017 2161 ·

194 2203 307 2256 minueret,
322 2222 387 2250 suum
402 2202 424 2250 in
439 2202 596 2261 Pompeianum
607 2202 673 2251 venit.
686 2202 783 2260 Antiqua
796 2214 840 2249 erat
852 2213 900 2249 tum
912 2200 976 2249 Pom¹

194 2276 258 2334 peios
268 2276 291 2324 in
306 2274 425 2332 Campania
439 2275 513 2323 civitas
527 2275 612 2323 dudum
626 2276 669 2322 iam
683 2288 749 2333 atque
759 2275 813 2322 dum
823 2275 846 2322 in
859 2273 919 2322 Italia
929 2291 975 2330 reg·

194 2361 254 2397 naret
269 2348 368 2396 Evander
387 2348 471 2395 Graeco
490 2348 517 2395 ab
537 2348 631 2395 Hercule
649 2347 736 2395 condita
760 2367 829 2404 eoque
853 2347 941 2394 nomine
964 2364 976 2392 a

152 2422 181 2469 30
196 2442 276 2479 pompa
291 2420 365 2472 boum,
382 2440 449 2477 quam
465 2419 560 2467 Gerione
576 2438 625 2476 rege
641 2419 748 2467 ditissimo
764 2421 894 2476 interempto
909 2417 976 2465 victor

194 2515 220 2543 ex
235 2494 340 2554 Hispania
352 2493 446 2547 duceret,
459 2491 572 2551 appellata.
586 2491 643 2540 Hinc
655 2492 714 2541 enim
726 2491 828 2549 Pompeia
840 2510 891 2549 gens
904 2490 976 2539 oriun-

137 2559 138 2562 ,
194 2569 221 2618 da
236 2588 316 2617 nomen
336 2580 410 2626 postea
430 2566 512 2615 Romae
531 2579 619 2615 auctore
637 2567 751 2624 presertim
771 2566 854 2623 Magno
868 2563 976 2622 ‘Pompeio

164 2677 169 2686 ,
195 2641 278 2690 celebre
293 2640 375 2688 habuit.
391 2639 506 2688 Civitatem
520 2639 575 2687 hanc
589 2638 688 2687 funditus
703 2638 762 2699 haud
776 2637 845 2686 multo
859 2650 908 2695 post
922 2634 977 2684 bella

122 2707 124 2711 v
195 2713 264 2763 civilia
277 2724 405 2762 terremotus
418 2712 501 2761 evertit.
515 2711 587 2760 Huius
600 2711 690 2770 quidem
702 2712 724 2759 in
736 2730 788 2769 agro
800 2709 873 2758 villam
885 2707 977 2758 habebat

152 2787 181 2836 35
196 2786 363 2846 pulcherrimam
379 2785 462 2834 Cicero.
475 2784 522 2833 Sibi
534 2797 607 2833 autem
618 2784 646 2833 ad
658 2805 705 2833 eam
718 2784 746 2832 ob
758 2804 824 2843 quam
836 2783 880 2832 dixi
892 2801 977 2832 causam

208 2968 224 3012 l.
239 2968 284 3014 belli
299 2986 343 3012 sscr.
