2093 3253
145 161 181 208 ’96
453 176 547 210 siccoms
562 176 681 209 potantum

197 292 251 341 riam
270 291 360 351 Tyberii
388 290 507 351 Drusique,
530 293 678 351 privignorum
700 292 753 347 eius,
775 291 875 350 auspiciis
898 303 982 350 partam

197 365 334 414 scribendam
356 366 485 423 iniungeret,
507 365 581 423 ipsum
601 385 689 424 quoque
711 384 775 424 prece
797 365 935 425 compelleret
958 379 983 414 ut

153 454 163 473 ³
197 438 268 488 tribus
283 440 404 488 carminum
419 437 487 493 libris,
502 438 541 497 qui
555 437 641 487 dudum
654 439 698 487 iam
712 448 783 504 essent
797 438 862 497 longo
876 458 902 487 ex
915 438 982 487 inter·
1033 429 1047 516 i

169 527 170 530 ’
198 511 246 561 valo
260 511 358 572 perlecti,
374 512 433 568 editi,
449 512 536 571 vulgati,
552 526 659 571 quartum
669 513 769 562 adiceret.
784 512 848 562 Adde
863 512 923 572 quod
937 532 982 562 ser·

172 584 275 635 &mones
290 585 369 643 legens,
384 604 435 633 cum
450 585 544 633 nominis
557 586 591 633 sui
606 587 738 634 mentionem
752 605 860 644 nusquam
879 605 926 633 esse
944 584 983 632 ha·
1034 598 1039 647 {-

145 671 149 679 ”
199 658 267 706 bitum
282 658 406 713 invenisset,
421 676 495 707 secum
509 677 534 707 ac
549 657 643 707 multum
657 657 750 707 indoluit
764 670 785 707 et
798 658 877 717 scripta
891 657 983 718 adeum

145 737 171 765 ἲ·
200 731 290 789 epistola
304 733 334 779 ita
349 743 481 790 conquestus
496 744 539 779 est:¹
555 747 564 770 a
572 730 651 790 Caesar
668 731 779 790 Augustus
798 730 889 779 Horatio
907 730 984 780 Flacco
1035 727 1044 745 ¹

147 827 148 830 ¹
198 804 311 854 Venusino
325 818 401 863 poetae
410 804 494 863 optimo
503 804 542 853 sal.
551 804 574 854 d.
585 805 649 853 Irasci
659 819 694 853 me
702 805 742 853 tibi
752 806 813 859 scito,
828 805 888 863 quod
901 824 946 853 non
960 806 983 854 in

146 908 148 912 Α
199 877 308 936 plerisque
325 878 371 926 eius
389 877 449 925 modi
467 877 552 936 scriptis
570 896 656 934 mecum
674 877 812 936 potissimum
829 877 931 936 loquaris.
948 876 984 926 An
1031 871 1042 902 Ὗ

161 951 187 997 lO
201 952 280 997 vereris
295 970 322 997 ne
336 950 395 1008 apud
409 961 506 1006 posteros
521 949 601 997 infame
610 949 650 997 tibi
659 950 687 997 sit
696 949 756 1009 quod
765 949 855 997 videaris
861 956 912 997 'esse
920 948 983 997 nobis

200 1021 326 1071 familiaris?
335 1039 344 1063 t)
360 1022 432 1072 Multa
444 1040 495 1070 vero
507 1043 558 1071 cum
570 1023 711 1071 delectatione
722 1024 789 1088 animi
801 1034 822 1070 et
834 1022 888 1071 vidit
900 1035 922 1071 et
933 1022 984 1081 legit

146 1114 152 1122 ·“
199 1095 258 1144 illam
273 1096 412 1153 epistolarum
426 1095 475 1142 libri
487 1096 575 1143 secundi
587 1096 684 1153 eglogam
695 1096 788 1154 primam
798 1096 827 1144 ad
837 1095 860 1144 se
871 1096 899 1144 de
915 1096 984 1154 poetis

200 1161 309 1225 scriptam,
324 1170 386 1217 cuius
401 1168 488 1216 initium
503 1180 542 1215 est:
553 1184 564 1208 <r
570 1167 629 1216 Cum
638 1180 671 1217 tot
681 1169 786 1217 sustineas
796 1179 818 1216 et
827 1179 887 1216 tanta
896 1169 985 1227 negocia

201 1239 266 1295 solus,
282 1258 315 1289 res
331 1240 472 1303 Italasarmis
486 1240 569 1295 tuteris,
583 1239 684 1294 moribus
694 1258 765 1296 ornes,
778 1239 861 1298 legibus
875 1239 984 1294 emendes,
1038 1254 1040 1258 ’

151 1312 188 1361 --15
203 1313 226 1360 in
234 1308 327 1371 >publica
342 1314 456 1361 commoda
469 1332 563 1370 peccem,
577 1314 597 1365 si,
608 1314 672 1370 longo
685 1330 784 1361 sermone
797 1330 868 1361 morer
880 1325 917 1361 tua
929 1324 997 1366 tems

202 1404 260 1443 pora,
276 1383 381 1435 Caesar.»
908 1399 910 1401 “

246 1457 321 1516 Ipsum
336 1470 409 1507 autern
423 1457 545 1507 ludibunde
554 1472 628 1506 secum
638 1458 729 1517 loquens
739 1470 804 1516 atque
813 1457 924 1507 interdum
933 1458 986 1512 scri-

202 1529 255 1579 bens
280 1531 308 1579 ad
328 1552 378 1580 eum
403 1530 572 1579 homuncionem
597 1530 756 1590 lepidissimum
775 1530 897 1590 appellabat
920 1529 986 1579 Octa·

202 1603 285 1652 vianus.
300 1604 387 1652 Statura
402 1616 447 1651 erat
465 1603 568 1651 Horatius
585 1603 620 1651 vel
638 1621 704 1661 parvo
722 1604 793 1664 minor
811 1603 944 1662 obessusque
961 1624 986 1650 ac
1019 1610 1021 1614 ’
1045 1607 1046 1611 ’

161 1676 190 1722 20
205 1675 284 1732 lippus.
300 1676 375 1731 Qualis
389 1688 440 1722 vero
455 1678 517 1729 esset,
530 1687 586 1722 etse
598 1675 671 1733 ipsum
683 1675 705 1722 in
718 1674 799 1733 Satyris
811 1687 833 1722 et
845 1674 986 1734 hacepistola
1043 1728 1045 1730 ,

203 1749 316 1806 descripsit
330 1749 450 1806 Augustus:
465 1747 562 1796 «Caesar
578 1747 690 1806 Augustus
708 1747 802 1796 Horacio
819 1747 896 1796 Flacco
913 1746 987 1796 Venua
1041 1802 1044 1808 *V

203 1822 250 1870 sino
265 1835 340 1879 poetae
358 1822 442 1879 optimo
457 1822 494 1870 sal.
510 1822 532 1870 d.
547 1821 637 1869 Pertulit
658 1822 686 1869 ad
708 1842 743 1869 me
765 1821 869 1870 Honisius
889 1820 987 1879 libellum
1044 1852 1045 1855 =

202 1907 273 1948 tuum,
289 1915 355 1953 quem
369 1915 409 1952 ego
424 1906 449 1942 ut
464 1914 563 1942 accusem
574 1907 595 1942 te
606 1894 811 1953 quantuluscunque
821 1894 849 1942 sit
859 1894 924 1942 etiam
934 1893 987 1941 boni
1042 1930 1045 1955 3

203 1967 286 2025 aliquid
299 1967 397 2016 consulo.
412 1966 486 2015 Vereri
500 1979 574 2015 autem
593 1966 646 2015 mihi
666 1967 745 2016 videris
764 1988 792 2015 ne
811 1967 902 2015 maiores
921 1965 987 2014 libelli
1038 1972 1046 2011 ’ὲ

162 2040 190 2089 25
205 2041 237 2088 tui
252 2041 297 2088 sint
309 2060 375 2098 quam
389 2042 436 2098 ipse
450 2059 480 2088 es.
500 2040 523 2088 Si
541 2040 581 2088 tibi
601 2052 681 2088 statura
694 2040 761 2095 deest,
776 2039 988 2098 corpusculum'nou
1044 2043 1045 2046 ’

204 2113 272 2162 deest.
289 2114 364 2171 Itaque
377 2113 451 2160 licebit
463 2113 486 2159 in
504 2113 618 2160 sextariolo
634 2113 723 2166 scribas,
741 2133 793 2161 cum
810 2112 935 2176 circumitus
950 2132 988 2159 voa
1044 2153 1046 2155 ,

205 2185 293 2234 luminis
313 2186 344 2233 tui
365 2186 393 2233 sit
413 2185 581 2243 ὁικωδήστατος,
603 2185 659 2233 sicut
674 2198 707 2233 est
727 2184 840 2233 ventriculi
855 2186 914 2233 tuin
934 2182 989 2231 Cae.

204 2270 276 2306 terum
290 2259 334 2306 vita
349 2258 459 2307 modestus
487 2256 598 2307 Horatius.
627 2256 746 2306 Iracundus
773 2257 839 2306 modo
865 2255 990 2316 plusculum
1044 2272 1046 2287 ³

162 2361 169 2365 ==
178 2337 182 2351 ³
205 2331 278 2380 debito
293 2330 343 2380 luit.
358 2330 489 2379 Subitaneus
502 2331 592 2388 quidem
603 2330 632 2379 ad
643 2332 704 2385 iram,
717 2343 742 2379 ut
753 2330 823 2379 solent
835 2329 934 2378 homines
946 2342 989 2377 sta·

163 2403 192 2451 30
206 2416 254 2451 tura
268 2403 335 2460 parvi,
349 2402 411 2451 facile
424 2403 557 2451 movebatur.
571 2401 621 2450 Cibi
633 2415 706 2451 autem
719 2422 744 2450 ac
756 2403 804 2450 vini.
813 2402 923 2466 abstinens
936 2418 988 2449 con-

204 2489 321 2535 tentusque
337 2495 360 2525 re
377 2494 442 2534 parva
458 2488 479 2523 et
496 2475 532 2523 illa
548 2476 614 2523 modo
631 2485 686 2534 quae
703 2488 791 2524 naturae
807 2494 846 2533 pro
863 2475 988 2523 necessitate

205 2548 319 2598 sufficeret.
335 2548 419 2607 Quietis
436 2567 487 2597 vero
504 2545 597 2607 cupidus
613 2568 638 2596 ac
655 2550 711 2597 vitae
727 2549 833 2610 solitariae
848 2549 930 2596 amicus
946 2546 990 2596 fre-

205 2619 304 2680 quentias
327 2622 443 2670 hominum
469 2622 579 2671 devitavit.
595 2621 651 2668 Raro
675 2622 733 2669 venit
757 2623 779 2668 in
800 2621 920 2679 publicum.
939 2620 990 2668 Plu-

200 2794 216 2831 7.
228 2793 279 2838 Apud
285 2793 330 2831 Suet.
341 2795 379 2832 Vita
385 2795 443 2833 Horat.
493 2792 521 2830 20.
536 2788 577 2830 Hor.
584 2792 635 2831 Serm.
643 2792 663 2829 ll.
671 2792 687 2829 3.
695 2792 735 2830 309.
785 2792 813 2829 21.
826 2791 871 2829 Suet.
885 2792 919 2830 Vn.
931 2793 989 2831 Horat.

173 2976 175 2979 .
205 2951 237 2996 27.
252 2952 277 3016 In
290 2956 353 3004 sparto
368 2950 434 2996 relicto
450 2948 565 2994 vocabulum
578 2948 674 2993 Graecum
688 2956 755 3003 postea
769 2948 815 2994 add.
