<?xml version="1.0" encoding="UTF-8"?>
<!DOCTYPE html PUBLIC "-//W3C//DTD XHTML 1.0 Transitional//EN"
    "http://www.w3.org/TR/xhtml1/DTD/xhtml1-transitional.dtd">
<html xmlns="http://www.w3.org/1999/xhtml" xml:lang="en" lang="en">
 <head>
  <title>
</title>
<meta http-equiv="Content-Type" content="text/html;charset=utf-8" />
  <meta name='ocr-system' content='tesseract 3.04.00' />
  <meta name='ocr-capabilities' content='ocr_page ocr_carea ocr_par ocr_line ocrx_word'/>
</head>
<body>
  <div class='ocr_page' id='page_1' title='image "MN40033ucmf_2_0120.png"; bbox 0 0 2093 3253; ppageno 0'>
   <div class='ocr_carea' id='block_1_1' title="bbox 443 205 670 237">
    <p class='ocr_par' dir='ltr' id='par_1_1' title="bbox 443 205 670 237">
     <span class='ocr_line' id='line_1_1' title="bbox 443 205 670 237; baseline -0.009 0"><span class='ocrx_word' id='word_1_1' title='bbox 443 205 537 237; x_wconf 80' lang='lat' dir='ltr'><strong>SICCONIS</strong></span> <span class='ocrx_word' id='word_1_2' title='bbox 551 205 670 236; x_wconf 85' lang='lat' dir='ltr'>POLENTONI</span> 
     </span>
    </p>
   </div>
   <div class='ocr_carea' id='block_1_2' title="bbox 129 316 1047 2634">
    <p class='ocr_par' dir='ltr' id='par_1_2' title="bbox 187 309 1044 599">
     <span class='ocr_line' id='line_1_2' title="bbox 187 316 1038 380; baseline -0.006 -12"><span class='ocrx_word' id='word_1_3' title='bbox 187 334 270 379; x_wconf 81' lang='lat' dir='ltr'><strong>septem</strong></span> <span class='ocrx_word' id='word_1_4' title='bbox 283 339 348 380; x_wconf 91' lang='lat' dir='ltr'>supra</span> <span class='ocrx_word' id='word_1_5' title='bbox 363 319 429 369; x_wconf 88' lang='lat' dir='ltr'>XXX</span> <span class='ocrx_word' id='word_1_6' title='bbox 441 333 503 368; x_wconf 88' lang='lat' dir='ltr'>natus</span> <span class='ocrx_word' id='word_1_7' title='bbox 516 316 575 368; x_wconf 89' lang='lat' dir='ltr'>venit</span> <span class='ocrx_word' id='word_1_8' title='bbox 587 319 677 367; x_wconf 89' lang='lat' dir='ltr'>consilio</span> <span class='ocrx_word' id='word_1_9' title='bbox 690 331 711 366; x_wconf 90' lang='lat' dir='ltr'>et</span> <span class='ocrx_word' id='word_1_10' title='bbox 719 319 868 367; x_wconf 77' lang='lat' dir='ltr'>adhortatione</span> <span class='ocrx_word' id='word_1_11' title='bbox 876 317 973 372; x_wconf 87' lang='lat' dir='ltr'>Catonis,</span> <span class='ocrx_word' id='word_1_12' title='bbox 1021 335 1038 375; x_wconf 68' lang='lat'><em>3</em></span> 
     </span>
     <span class='ocr_line' id='line_1_3' title="bbox 187 384 1042 464; baseline -0.006 -23"><span class='ocrx_word' id='word_1_13' title='bbox 187 394 225 452; x_wconf 91' lang='lat' dir='ltr'>qui</span> <span class='ocrx_word' id='word_1_14' title='bbox 237 390 332 455; x_wconf 35' lang='lat' dir='ltr'>&#39;eoanno</span> <span class='ocrx_word' id='word_1_15' title='bbox 340 406 441 452; x_wconf 81' lang='lat' dir='ltr'>quaestor</span> <span class='ocrx_word' id='word_1_16' title='bbox 451 405 513 446; x_wconf 91' lang='lat' dir='ltr'>esset,</span> <span class='ocrx_word' id='word_1_17' title='bbox 525 392 559 441; x_wconf 82' lang='lat' dir='ltr'>M.</span> <span class='ocrx_word' id='word_1_18' title='bbox 570 391 680 440; x_wconf 89' lang='lat' dir='ltr'>Cornellio</span> <span class='ocrx_word' id='word_1_19' title='bbox 691 391 787 448; x_wconf 82' lang='lat' dir='ltr'>Cethego</span> <span class='ocrx_word' id='word_1_20' title='bbox 797 403 818 439; x_wconf 88' lang='lat' dir='ltr'>et</span> <span class='ocrx_word' id='word_1_21' title='bbox 828 391 852 438; x_wconf 91' lang='lat' dir='ltr'>P.</span> <span class='ocrx_word' id='word_1_22' title='bbox 862 390 974 438; x_wconf 84' lang='lat' dir='ltr'>Tuditano</span> <span class='ocrx_word' id='word_1_23' title='bbox 1021 384 1042 464; x_wconf 26' lang='lat' dir='ltr'>is*</span> 
     </span>
     <span class='ocr_line' id='line_1_4' title="bbox 188 462 1040 522; baseline -0.002 -8"><span class='ocrx_word' id='word_1_24' title='bbox 188 465 321 516; x_wconf 91' lang='lat' dir='ltr'>consulibus.</span> <span class='ocrx_word' id='word_1_25' title='bbox 335 466 413 515; x_wconf 78' lang='lat' dir='ltr'>Annus</span> <span class='ocrx_word' id='word_1_26' title='bbox 424 464 475 514; x_wconf 89' lang='lat' dir='ltr'>belli</span> <span class='ocrx_word' id='word_1_27' title='bbox 487 465 577 514; x_wconf 87' lang='lat' dir='ltr'>secundi</span> <span class='ocrx_word' id='word_1_28' title='bbox 588 464 664 513; x_wconf 90' lang='lat' dir='ltr'>Punici</span> <span class='ocrx_word' id='word_1_29' title='bbox 676 465 720 512; x_wconf 89' lang='lat' dir='ltr'>iam</span> <span class='ocrx_word' id='word_1_30' title='bbox 727 462 769 513; x_wconf 91' lang='lat' dir='ltr'>XV</span> <span class='ocrx_word' id='word_1_31' title='bbox 780 475 831 522; x_wconf 89' lang='lat' dir='ltr'>erat.</span> <span class='ocrx_word' id='word_1_32' title='bbox 843 462 927 512; x_wconf 88' lang='lat' dir='ltr'>Romae</span> <span class='ocrx_word' id='word_1_33' title='bbox 935 483 974 512; x_wconf 78' lang='lat' dir='ltr'>au-</span> <span class='ocrx_word' id='word_1_34' title='bbox 1021 466 1040 519; x_wconf 66' lang='lat' dir='ltr'>J?</span> 
     </span>
     <span class='ocr_line' id='line_1_5' title="bbox 188 528 1044 598; baseline -0.004 -11"><span class='ocrx_word' id='word_1_35' title='bbox 188 553 234 588; x_wconf 91' lang='lat' dir='ltr'>tem</span> <span class='ocrx_word' id='word_1_36' title='bbox 246 541 269 587; x_wconf 89' lang='lat' dir='ltr'>in</span> <span class='ocrx_word' id='word_1_37' title='bbox 282 540 401 598; x_wconf 82' lang='lat' dir='ltr'>praeceptis</span> <span class='ocrx_word' id='word_1_38' title='bbox 415 538 550 597; x_wconf 80' lang='lat' dir='ltr'>eloquentiae</span> <span class='ocrx_word' id='word_1_39' title='bbox 563 539 646 587; x_wconf 91' lang='lat' dir='ltr'>audivit</span> <span class='ocrx_word' id='word_1_40' title='bbox 660 559 726 597; x_wconf 90' lang='lat' dir='ltr'>quem</span> <span class='ocrx_word' id='word_1_41' title='bbox 739 538 856 591; x_wconf 90' lang='lat' dir='ltr'>nominavi,</span> <span class='ocrx_word' id='word_1_42' title='bbox 871 537 905 585; x_wconf 83' lang='lat' dir='ltr'>M.</span> <span class='ocrx_word' id='word_1_43' title='bbox 919 536 974 584; x_wconf 85' lang='lat' dir='ltr'>Cor·</span> <span class='ocrx_word' id='word_1_44' title='bbox 1022 528 1044 593; x_wconf 41' lang='grc' dir='ltr'>’ξ</span> 
     </span>
    </p>

    <p class='ocr_par' dir='ltr' id='par_1_3' title="bbox 129 605 1047 967">
     <span class='ocr_line' id='line_1_6' title="bbox 129 609 975 669; baseline -0.003 -10"><span class='ocrx_word' id='word_1_45' title='bbox 129 652 131 654; x_wconf 88' lang='grc'>.</span> <span class='ocrx_word' id='word_1_46' title='bbox 163 613 175 660; x_wconf 97' lang='grc'>5</span> <span class='ocrx_word' id='word_1_47' title='bbox 192 612 282 659; x_wconf 90' lang='lat' dir='ltr'>nellium</span> <span class='ocrx_word' id='word_1_48' title='bbox 297 612 426 669; x_wconf 81' lang='lat' dir='ltr'>Cethegum,</span> <span class='ocrx_word' id='word_1_49' title='bbox 443 612 481 668; x_wconf 87' lang='lat' dir='ltr'>qui</span> <span class='ocrx_word' id='word_1_50' title='bbox 498 611 647 658; x_wconf 88' lang='lat' dir='ltr'>Romanorum</span> <span class='ocrx_word' id='word_1_51' title='bbox 662 611 746 668; x_wconf 90' lang='lat' dir='ltr'>primus</span> <span class='ocrx_word' id='word_1_52' title='bbox 762 609 811 663; x_wconf 80' lang='lat' dir='ltr'>tuit,</span> <span class='ocrx_word' id='word_1_53' title='bbox 828 621 852 657; x_wconf 89' lang='lat' dir='ltr'>ut</span> <span class='ocrx_word' id='word_1_54' title='bbox 869 621 975 657; x_wconf 90' lang='lat' dir='ltr'>memorat</span> 
     </span>
     <span class='ocr_line' id='line_1_7' title="bbox 190 672 1047 743; baseline -0.002 -11"><span class='ocrx_word' id='word_1_55' title='bbox 190 683 274 740; x_wconf 87' lang='lat' dir='ltr'>Cicero,</span> <span class='ocrx_word' id='word_1_56' title='bbox 290 686 327 743; x_wconf 88' lang='lat' dir='ltr'>qui</span> <span class='ocrx_word' id='word_1_57' title='bbox 340 696 396 734; x_wconf 90' lang='lat' dir='ltr'>esset</span> <span class='ocrx_word' id='word_1_58' title='bbox 409 696 480 732; x_wconf 90' lang='lat' dir='ltr'>orator</span> <span class='ocrx_word' id='word_1_59' title='bbox 493 703 518 731; x_wconf 91' lang='lat' dir='ltr'>ac</span> <span class='ocrx_word' id='word_1_60' title='bbox 530 683 634 742; x_wconf 88' lang='lat' dir='ltr'>eloquens</span> <span class='ocrx_word' id='word_1_61' title='bbox 647 682 769 731; x_wconf 90' lang='lat' dir='ltr'>haberetur.</span> <span class='ocrx_word' id='word_1_62' title='bbox 784 682 873 731; x_wconf 83' lang='lat' dir='ltr'>Studuit</span> <span class='ocrx_word' id='word_1_63' title='bbox 886 702 975 741; x_wconf 84' lang='lat' dir='ltr'>quoque</span> <span class='ocrx_word' id='word_1_64' title='bbox 1038 672 1047 725; x_wconf 48' lang='lat'>3}</span> 
     </span>
     <span class='ocr_line' id='line_1_8' title="bbox 189 754 974 816; baseline -0.002 -10"><span class='ocrx_word' id='word_1_65' title='bbox 189 754 281 806; x_wconf 83' lang='lat' dir='ltr'>Athenis</span> <span class='ocrx_word' id='word_1_66' title='bbox 298 758 388 807; x_wconf 86' lang='lat' dir='ltr'>Ennius.</span> <span class='ocrx_word' id='word_1_67' title='bbox 406 757 508 816; x_wconf 87' lang='lat' dir='ltr'>Denique</span> <span class='ocrx_word' id='word_1_68' title='bbox 524 758 646 816; x_wconf 81' lang='lat' dir='ltr'>linguarum</span> <span class='ocrx_word' id='word_1_69' title='bbox 662 757 729 804; x_wconf 89' lang='lat' dir='ltr'>trium</span> <span class='ocrx_word' id='word_1_70' title='bbox 745 756 848 804; x_wconf 83' lang='lat' dir='ltr'>noticiam</span> <span class='ocrx_word' id='word_1_71' title='bbox 863 768 974 804; x_wconf 88' lang='lat' dir='ltr'>assecutus</span> 
     </span>
     <span class='ocr_line' id='line_1_9' title="bbox 189 825 1044 889; baseline -0.005 -11"><span class='ocrx_word' id='word_1_72' title='bbox 189 833 230 878; x_wconf 88' lang='lat' dir='ltr'>tria</span> <span class='ocrx_word' id='word_1_73' title='bbox 241 830 264 878; x_wconf 83' lang='lat' dir='ltr'>se</span> <span class='ocrx_word' id='word_1_74' title='bbox 274 832 341 879; x_wconf 86' lang='lat' dir='ltr'>corda</span> <span class='ocrx_word' id='word_1_75' title='bbox 353 831 432 879; x_wconf 90' lang='lat' dir='ltr'>habere</span> <span class='ocrx_word' id='word_1_76' title='bbox 443 848 598 887; x_wconf 80' lang='lat' dir='ltr'>saepenumero</span> <span class='ocrx_word' id='word_1_77' title='bbox 611 830 713 886; x_wconf 86' lang='lat' dir='ltr'>gloriatus</span> <span class='ocrx_word' id='word_1_78' title='bbox 725 842 764 876; x_wconf 88' lang='lat' dir='ltr'>est.</span> <span class='ocrx_word' id='word_1_79' title='bbox 777 829 859 875; x_wconf 89' lang='lat' dir='ltr'>Romae</span> <span class='ocrx_word' id='word_1_80' title='bbox 871 828 976 876; x_wconf 85' lang='lat' dir='ltr'>habitavit</span> <span class='ocrx_word' id='word_1_81' title='bbox 1025 825 1044 889; x_wconf 51' lang='lat'>&#39;1³¹</span> 
     </span>
     <span class='ocr_line' id='line_1_10' title="bbox 190 900 1046 967; baseline -0.002 -16"><span class='ocrx_word' id='word_1_82' title='bbox 190 902 280 958; x_wconf 84' lang='lat' dir='ltr'>Ennius,</span> <span class='ocrx_word' id='word_1_83' title='bbox 293 903 332 952; x_wconf 89' lang='lat' dir='ltr'>sed</span> <span class='ocrx_word' id='word_1_84' title='bbox 343 903 365 952; x_wconf 91' lang='lat' dir='ltr'>in</span> <span class='ocrx_word' id='word_1_85' title='bbox 378 915 452 951; x_wconf 90' lang='lat' dir='ltr'>monte</span> <span class='ocrx_word' id='word_1_86' title='bbox 463 902 534 960; x_wconf 88' lang='lat' dir='ltr'>aliqui·</span> <span class='ocrx_word' id='word_1_87' title='bbox 542 901 622 955; x_wconf 86' lang='lat' dir='ltr'>Caelio,</span> <span class='ocrx_word' id='word_1_88' title='bbox 635 901 725 959; x_wconf 84' lang='lat' dir='ltr'>quidam</span> <span class='ocrx_word' id='word_1_89' title='bbox 736 902 759 948; x_wconf 89' lang='lat' dir='ltr'>in</span> <span class='ocrx_word' id='word_1_90' title='bbox 770 900 879 949; x_wconf 69' lang='lat' dir='ltr'>Aventino</span> <span class='ocrx_word' id='word_1_91' title='bbox 891 901 976 949; x_wconf 91' lang='lat' dir='ltr'>dicunt.</span> <span class='ocrx_word' id='word_1_92' title='bbox 1028 908 1046 967; x_wconf 65' lang='lat' dir='ltr'>J&#39;ss]</span> 
     </span>
    </p>

    <p class='ocr_par' dir='ltr' id='par_1_4' title="bbox 152 970 1047 1331">
     <span class='ocr_line' id='line_1_11' title="bbox 152 970 976 1034; baseline 0.001 -10"><span class='ocrx_word' id='word_1_93' title='bbox 152 976 178 1024; x_wconf 84' lang='grc'>10</span> <span class='ocrx_word' id='word_1_94' title='bbox 193 974 286 1024; x_wconf 86' lang='lat' dir='ltr'>Civitate</span> <span class='ocrx_word' id='word_1_95' title='bbox 298 976 388 1034; x_wconf 87' lang='lat' dir='ltr'>quidem</span> <span class='ocrx_word' id='word_1_96' title='bbox 400 974 428 1023; x_wconf 89' lang='lat' dir='ltr'>ob</span> <span class='ocrx_word' id='word_1_97' title='bbox 440 976 542 1024; x_wconf 87' lang='lat' dir='ltr'>virtutem</span> <span class='ocrx_word' id='word_1_98' title='bbox 554 970 659 1033; x_wconf 87' lang='lat' dir='ltr'>poetandi</span> <span class='ocrx_word' id='word_1_99' title='bbox 668 975 760 1022; x_wconf 87' lang='lat' dir='ltr'>donatus</span> <span class='ocrx_word' id='word_1_100' title='bbox 773 988 812 1022; x_wconf 88' lang='lat' dir='ltr'>est.</span> <span class='ocrx_word' id='word_1_101' title='bbox 825 975 890 1033; x_wconf 82' lang='lat' dir='ltr'>Frugi</span> <span class='ocrx_word' id='word_1_102' title='bbox 902 978 976 1023; x_wconf 87' lang='lat' dir='ltr'>autem</span> 
     </span>
     <span class='ocr_line' id='line_1_12' title="bbox 165 1047 975 1106; baseline -0.003 -8"><span class='ocrx_word' id='word_1_103' title='bbox 165 1096 167 1098; x_wconf 83' lang='grc'><em>,</em></span> <span class='ocrx_word' id='word_1_104' title='bbox 191 1049 243 1097; x_wconf 84' lang='lat' dir='ltr'>vixit</span> <span class='ocrx_word' id='word_1_105' title='bbox 257 1062 279 1097; x_wconf 92' lang='lat' dir='ltr'>et</span> <span class='ocrx_word' id='word_1_106' title='bbox 293 1048 372 1097; x_wconf 88' lang='lat' dir='ltr'>habere</span> <span class='ocrx_word' id='word_1_107' title='bbox 386 1069 437 1096; x_wconf 92' lang='lat' dir='ltr'>cum</span> <span class='ocrx_word' id='word_1_108' title='bbox 451 1048 523 1106; x_wconf 90' lang='lat' dir='ltr'>plures</span> <span class='ocrx_word' id='word_1_109' title='bbox 538 1061 617 1105; x_wconf 92' lang='lat' dir='ltr'>posset,</span> <span class='ocrx_word' id='word_1_110' title='bbox 633 1068 676 1095; x_wconf 90' lang='lat' dir='ltr'>una</span> <span class='ocrx_word' id='word_1_111' title='bbox 691 1047 756 1095; x_wconf 90' lang='lat' dir='ltr'>modo</span> <span class='ocrx_word' id='word_1_112' title='bbox 770 1047 846 1097; x_wconf 88' lang='lat' dir='ltr'>ancilla</span> <span class='ocrx_word' id='word_1_113' title='bbox 861 1061 975 1097; x_wconf 90' lang='lat' dir='ltr'>contentus</span> 
     </span>
     <span class='ocr_line' id='line_1_13' title="bbox 192 1121 975 1179; baseline 0 -10"><span class='ocrx_word' id='word_1_114' title='bbox 192 1121 240 1170; x_wconf 85' lang='lat' dir='ltr'>luit.</span> <span class='ocrx_word' id='word_1_115' title='bbox 256 1121 324 1169; x_wconf 85' lang='lat' dir='ltr'>Dedit</span> <span class='ocrx_word' id='word_1_116' title='bbox 337 1122 413 1170; x_wconf 90' lang='lat' dir='ltr'>litteris</span> <span class='ocrx_word' id='word_1_117' title='bbox 427 1141 492 1169; x_wconf 92' lang='lat' dir='ltr'>omne</span> <span class='ocrx_word' id='word_1_118' title='bbox 504 1133 591 1178; x_wconf 91' lang='lat' dir='ltr'>tempus</span> <span class='ocrx_word' id='word_1_119' title='bbox 604 1121 660 1168; x_wconf 88' lang='lat' dir='ltr'>vitae</span> <span class='ocrx_word' id='word_1_120' title='bbox 678 1140 729 1169; x_wconf 90' lang='lat' dir='ltr'>suae</span> <span class='ocrx_word' id='word_1_121' title='bbox 748 1140 787 1168; x_wconf 90' lang='lat' dir='ltr'>nec</span> <span class='ocrx_word' id='word_1_122' title='bbox 801 1122 889 1178; x_wconf 76' lang='lat' dir='ltr'>scripsit</span> <span class='ocrx_word' id='word_1_123' title='bbox 900 1141 975 1179; x_wconf 89' lang='lat' dir='ltr'>pauca.</span> 
     </span>
     <span class='ocr_line' id='line_1_14' title="bbox 192 1189 1047 1258; baseline 0.002 -17"><span class='ocrx_word' id='word_1_124' title='bbox 192 1194 336 1253; x_wconf 80' lang='lat' dir='ltr'>Tragoediam</span> <span class='ocrx_word' id='word_1_125' title='bbox 349 1194 439 1254; x_wconf 89' lang='lat' dir='ltr'>quidem</span> <span class='ocrx_word' id='word_1_126' title='bbox 452 1192 569 1253; x_wconf 86' lang='lat' dir='ltr'>Euripidis,</span> <span class='ocrx_word' id='word_1_127' title='bbox 583 1206 658 1252; x_wconf 90' lang='lat' dir='ltr'>poetae</span> <span class='ocrx_word' id='word_1_128' title='bbox 671 1192 840 1253; x_wconf 86' lang='lat' dir='ltr'>splendidissimi</span> <span class='ocrx_word' id='word_1_129' title='bbox 855 1193 939 1250; x_wconf 85' lang='lat' dir='ltr'>Graeci,</span> <span class='ocrx_word' id='word_1_130' title='bbox 953 1196 976 1243; x_wconf 89' lang='lat' dir='ltr'>in</span> <span class='ocrx_word' id='word_1_131' title='bbox 1028 1189 1047 1258; x_wconf 49' lang='grc' dir='ltr'>ἶῇ</span> 
     </span>
     <span class='ocr_line' id='line_1_15' title="bbox 193 1267 976 1326; baseline 0.005 -11"><span class='ocrx_word' id='word_1_132' title='bbox 193 1268 297 1315; x_wconf 90' lang='lat' dir='ltr'>Latinum</span> <span class='ocrx_word' id='word_1_133' title='bbox 308 1269 378 1316; x_wconf 89' lang='lat' dir='ltr'>vertit.</span> <span class='ocrx_word' id='word_1_134' title='bbox 390 1267 473 1316; x_wconf 89' lang='lat' dir='ltr'>Latinis</span> <span class='ocrx_word' id='word_1_135' title='bbox 484 1286 534 1315; x_wconf 88' lang='lat' dir='ltr'>vero</span> <span class='ocrx_word' id='word_1_136' title='bbox 550 1268 596 1326; x_wconf 93' lang='lat' dir='ltr'>ipse</span> <span class='ocrx_word' id='word_1_137' title='bbox 612 1267 687 1315; x_wconf 87' lang='lat' dir='ltr'>litteris</span> <span class='ocrx_word' id='word_1_138' title='bbox 702 1267 832 1322; x_wconf 87' lang='lat' dir='ltr'>comoedias,</span> <span class='ocrx_word' id='word_1_139' title='bbox 849 1268 976 1325; x_wconf 86' lang='lat' dir='ltr'>tragoedias,</span> 
     </span>
    </p>

    <p class='ocr_par' dir='ltr' id='par_1_5' title="bbox 154 1332 1047 1989">
     <span class='ocr_line' id='line_1_16' title="bbox 154 1339 978 1398; baseline 0 -10"><span class='ocrx_word' id='word_1_140' title='bbox 154 1341 179 1389; x_wconf 87' lang='grc'>15</span> <span class='ocrx_word' id='word_1_141' title='bbox 196 1341 289 1397; x_wconf 86' lang='lat' dir='ltr'>Satyras,</span> <span class='ocrx_word' id='word_1_142' title='bbox 306 1340 401 1388; x_wconf 80' lang='lat' dir='ltr'>Annales</span> <span class='ocrx_word' id='word_1_143' title='bbox 418 1340 511 1397; x_wconf 84' lang='lat' dir='ltr'>scripsit.</span> <span class='ocrx_word' id='word_1_144' title='bbox 528 1339 651 1387; x_wconf 84' lang='lat' dir='ltr'>Vexabatur</span> <span class='ocrx_word' id='word_1_145' title='bbox 668 1339 768 1398; x_wconf 84' lang='lat' dir='ltr'>podagris</span> <span class='ocrx_word' id='word_1_146' title='bbox 786 1360 856 1398; x_wconf 86' lang='lat' dir='ltr'>saepe,</span> <span class='ocrx_word' id='word_1_147' title='bbox 874 1340 978 1388; x_wconf 86' lang='lat' dir='ltr'>sedtum</span> 
     </span>
     <span class='ocr_line' id='line_1_17' title="bbox 194 1411 978 1472; baseline -0.005 -11"><span class='ocrx_word' id='word_1_148' title='bbox 194 1413 286 1461; x_wconf 86' lang='lat' dir='ltr'>maxime</span> <span class='ocrx_word' id='word_1_149' title='bbox 295 1413 354 1471; x_wconf 91' lang='lat' dir='ltr'>poesi</span> <span class='ocrx_word' id='word_1_150' title='bbox 364 1432 389 1461; x_wconf 86' lang='lat' dir='ltr'>ac</span> <span class='ocrx_word' id='word_1_151' title='bbox 399 1412 472 1460; x_wconf 90' lang='lat' dir='ltr'>metris</span> <span class='ocrx_word' id='word_1_152' title='bbox 482 1411 585 1460; x_wconf 69' lang='lat' dir='ltr'>faciendis</span> <span class='ocrx_word' id='word_1_153' title='bbox 595 1411 688 1461; x_wconf 87' lang='lat' dir='ltr'>instabat</span> <span class='ocrx_word' id='word_1_154' title='bbox 697 1432 748 1460; x_wconf 89' lang='lat' dir='ltr'>cum</span> <span class='ocrx_word' id='word_1_155' title='bbox 757 1431 872 1470; x_wconf 89' lang='lat' dir='ltr'>oppressus</span> <span class='ocrx_word' id='word_1_156' title='bbox 883 1412 978 1472; x_wconf 87' lang='lat' dir='ltr'>podagra</span> 
     </span>
     <span class='ocr_line' id='line_1_18' title="bbox 194 1485 978 1545; baseline 0.001 -12"><span class='ocrx_word' id='word_1_157' title='bbox 194 1485 283 1534; x_wconf 84' lang='lat' dir='ltr'>iacebat.</span> <span class='ocrx_word' id='word_1_158' title='bbox 298 1485 386 1533; x_wconf 86' lang='lat' dir='ltr'>Doloris</span> <span class='ocrx_word' id='word_1_159' title='bbox 403 1485 492 1543; x_wconf 85' lang='lat' dir='ltr'>quidem</span> <span class='ocrx_word' id='word_1_160' title='bbox 508 1485 646 1532; x_wconf 88' lang='lat' dir='ltr'>acerbitatem</span> <span class='ocrx_word' id='word_1_161' title='bbox 662 1486 764 1542; x_wconf 86' lang='lat' dir='ltr'>poetandi</span> <span class='ocrx_word' id='word_1_162' title='bbox 781 1486 876 1533; x_wconf 88' lang='lat' dir='ltr'>remedio</span> <span class='ocrx_word' id='word_1_163' title='bbox 893 1488 978 1545; x_wconf 84' lang='lat' dir='ltr'>mitiga·</span> 
     </span>
     <span class='ocr_line' id='line_1_19' title="bbox 194 1555 980 1617; baseline 0.002 -12"><span class='ocrx_word' id='word_1_164' title='bbox 194 1558 238 1606; x_wconf 84' lang='lat' dir='ltr'>bat.</span> <span class='ocrx_word' id='word_1_165' title='bbox 253 1555 344 1606; x_wconf 87' lang='lat' dir='ltr'>Dictum</span> <span class='ocrx_word' id='word_1_166' title='bbox 359 1559 418 1606; x_wconf 88' lang='lat' dir='ltr'>enim</span> <span class='ocrx_word' id='word_1_167' title='bbox 433 1558 460 1604; x_wconf 90' lang='lat' dir='ltr'>ab</span> <span class='ocrx_word' id='word_1_168' title='bbox 476 1578 501 1604; x_wconf 94' lang='lat' dir='ltr'>eo</span> <span class='ocrx_word' id='word_1_169' title='bbox 516 1570 648 1605; x_wconf 90' lang='lat' dir='ltr'>memoratur</span> <span class='ocrx_word' id='word_1_170' title='bbox 663 1578 733 1615; x_wconf 91' lang='lat' dir='ltr'>saepe:</span> <span class='ocrx_word' id='word_1_171' title='bbox 749 1575 758 1598; x_wconf 68' lang='lat' dir='ltr'>&lt;r</span> <span class='ocrx_word' id='word_1_172' title='bbox 766 1558 888 1616; x_wconf 88' lang='lat' dir='ltr'>Nunquam</span> <span class='ocrx_word' id='word_1_173' title='bbox 903 1573 980 1617; x_wconf 88' lang='lat' dir='ltr'>poetor</span> 
     </span>
     <span class='ocr_line' id='line_1_20' title="bbox 195 1623 979 1692; baseline 0.006 -16"><span class='ocrx_word' id='word_1_174' title='bbox 195 1626 236 1677; x_wconf 89' lang='lat' dir='ltr'>nisi</span> <span class='ocrx_word' id='word_1_175' title='bbox 250 1625 372 1689; x_wconf 71' lang='lat' dir='ltr'>podager.»</span> <span class='ocrx_word' id='word_1_176' title='bbox 387 1629 562 1678; x_wconf 87' lang='lat' dir='ltr'>Familiaritatem</span> <span class='ocrx_word' id='word_1_177' title='bbox 585 1629 660 1678; x_wconf 88' lang='lat' dir='ltr'>habuit</span> <span class='ocrx_word' id='word_1_178' title='bbox 684 1629 718 1680; x_wconf 84' lang='lat' dir='ltr'>M.</span> <span class='ocrx_word' id='word_1_179' title='bbox 742 1623 835 1680; x_wconf 86' lang='lat' dir='ltr'>Catonis</span> <span class='ocrx_word' id='word_1_180' title='bbox 855 1633 979 1692; x_wconf 90' lang='lat' dir='ltr'>superioris;</span> 
     </span>
     <span class='ocr_line' id='line_1_21' title="bbox 154 1701 980 1767; baseline 0.003 -16"><span class='ocrx_word' id='word_1_181' title='bbox 154 1704 182 1751; x_wconf 82' lang='lat'>20</span> <span class='ocrx_word' id='word_1_182' title='bbox 197 1703 273 1751; x_wconf 87' lang='lat' dir='ltr'>habuit</span> <span class='ocrx_word' id='word_1_183' title='bbox 288 1703 322 1751; x_wconf 87' lang='lat' dir='ltr'>M.</span> <span class='ocrx_word' id='word_1_184' title='bbox 338 1703 415 1758; x_wconf 85' lang='lat' dir='ltr'>Fulvii;</span> <span class='ocrx_word' id='word_1_185' title='bbox 425 1702 501 1751; x_wconf 90' lang='lat' dir='ltr'>hahuit</span> <span class='ocrx_word' id='word_1_186' title='bbox 510 1702 645 1767; x_wconf 84' lang='lat' dir='ltr'>Scipionum,</span> <span class='ocrx_word' id='word_1_187' title='bbox 655 1701 751 1751; x_wconf 69' lang='lat' dir='ltr'>Africani</span> <span class='ocrx_word' id='word_1_188' title='bbox 761 1705 877 1762; x_wconf 89' lang='lat' dir='ltr'>superioris</span> <span class='ocrx_word' id='word_1_189' title='bbox 887 1718 908 1754; x_wconf 91' lang='lat' dir='ltr'>et</span> <span class='ocrx_word' id='word_1_190' title='bbox 917 1705 980 1754; x_wconf 78' lang='lat' dir='ltr'>Asia</span> 
     </span>
     <span class='ocr_line' id='line_1_22' title="bbox 195 1770 1038 1839; baseline 0.006 -17"><span class='ocrx_word' id='word_1_191' title='bbox 195 1776 239 1823; x_wconf 92' lang='lat' dir='ltr'>tici.</span> <span class='ocrx_word' id='word_1_192' title='bbox 256 1775 331 1834; x_wconf 89' lang='lat' dir='ltr'>Ipsum</span> <span class='ocrx_word' id='word_1_193' title='bbox 345 1795 395 1825; x_wconf 89' lang='lat' dir='ltr'>vero</span> <span class='ocrx_word' id='word_1_194' title='bbox 410 1775 444 1823; x_wconf 83' lang='lat' dir='ltr'>M.</span> <span class='ocrx_word' id='word_1_195' title='bbox 459 1775 548 1824; x_wconf 85' lang='lat' dir='ltr'>Fulvius</span> <span class='ocrx_word' id='word_1_196' title='bbox 562 1770 700 1824; x_wconf 73' lang='lat' dir='ltr'>hetholieum</span> <span class='ocrx_word' id='word_1_197' title='bbox 714 1776 742 1825; x_wconf 93' lang='lat' dir='ltr'>ad</span> <span class='ocrx_word' id='word_1_198' title='bbox 756 1777 838 1825; x_wconf 89' lang='lat' dir='ltr'>bellum</span> <span class='ocrx_word' id='word_1_199' title='bbox 852 1778 920 1833; x_wconf 82' lang='lat' dir='ltr'>duxit,</span> <span class='ocrx_word' id='word_1_200' title='bbox 935 1800 979 1827; x_wconf 91' lang='lat' dir='ltr'>non</span> <span class='ocrx_word' id='word_1_201' title='bbox 1032 1786 1038 1839; x_wconf 75' lang='lat' dir='ltr'><em>j</em></span> 
     </span>
     <span class='ocr_line' id='line_1_23' title="bbox 196 1841 980 1908; baseline 0.007 -13"><span class='ocrx_word' id='word_1_202' title='bbox 196 1848 285 1906; x_wconf 85' lang='lat' dir='ltr'>quidem</span> <span class='ocrx_word' id='word_1_203' title='bbox 299 1867 358 1896; x_wconf 87' lang='lat' dir='ltr'>arma</span> <span class='ocrx_word' id='word_1_204' title='bbox 373 1841 478 1896; x_wconf 87' lang='lat' dir='ltr'>tractandi</span> <span class='ocrx_word' id='word_1_205' title='bbox 493 1868 564 1904; x_wconf 89' lang='lat' dir='ltr'>causa,</span> <span class='ocrx_word' id='word_1_206' title='bbox 579 1850 640 1908; x_wconf 87' lang='lat' dir='ltr'>quod</span> <span class='ocrx_word' id='word_1_207' title='bbox 654 1849 684 1897; x_wconf 92' lang='lat' dir='ltr'>illi</span> <span class='ocrx_word' id='word_1_208' title='bbox 700 1850 730 1898; x_wconf 88' lang='lat' dir='ltr'>rei</span> <span class='ocrx_word' id='word_1_209' title='bbox 745 1870 789 1898; x_wconf 89' lang='lat' dir='ltr'>non</span> <span class='ocrx_word' id='word_1_210' title='bbox 804 1864 902 1900; x_wconf 87' lang='lat' dir='ltr'>assuetus</span> <span class='ocrx_word' id='word_1_211' title='bbox 917 1854 1047 1907; x_wconf 88' lang='lat' dir='ltr'>esset,</span> 
     </span>
     <span class='ocr_line' id='line_1_24' title="bbox 177 1916 981 1983; baseline 0.009 -15.179"><span class='ocrx_word' id='word_1_212' title='bbox 177 1916 234 1969; x_wconf 92' lang='lat' dir='ltr'>sed</span> <span class='ocrx_word' id='word_1_213' title='bbox 245 1921 333 1970; x_wconf 88' lang='lat' dir='ltr'>videndi</span> <span class='ocrx_word' id='word_1_214' title='bbox 344 1921 411 1969; x_wconf 91' lang='lat' dir='ltr'>oculis</span> <span class='ocrx_word' id='word_1_215' title='bbox 423 1942 478 1981; x_wconf 89' lang='lat' dir='ltr'>quae</span> <span class='ocrx_word' id='word_1_216' title='bbox 488 1935 609 1981; x_wconf 84' lang='lat' dir='ltr'>agerentur,</span> <span class='ocrx_word' id='word_1_217' title='bbox 620 1935 644 1971; x_wconf 90' lang='lat' dir='ltr'>ut</span> <span class='ocrx_word' id='word_1_218' title='bbox 656 1922 745 1978; x_wconf 86' lang='lat' dir='ltr'>Romae,</span> <span class='ocrx_word' id='word_1_219' title='bbox 755 1936 897 1983; x_wconf 83' lang='lat' dir='ltr'>posteaquam</span> <span class='ocrx_word' id='word_1_220' title='bbox 910 1945 981 1975; x_wconf 88' lang='lat' dir='ltr'>rever</span> 
     </span>
    </p>

    <p class='ocr_par' dir='ltr' id='par_1_6' title="bbox 197 1988 1045 2058">
     <span class='ocr_line' id='line_1_25' title="bbox 197 1995 1045 2056; baseline 0.007 -15"><span class='ocrx_word' id='word_1_221' title='bbox 197 2014 233 2042; x_wconf 90' lang='lat' dir='ltr'>sus</span> <span class='ocrx_word' id='word_1_222' title='bbox 248 2007 311 2049; x_wconf 85' lang='lat' dir='ltr'>esset,</span> <span class='ocrx_word' id='word_1_223' title='bbox 324 2015 379 2052; x_wconf 87' lang='lat' dir='ltr'>quae</span> <span class='ocrx_word' id='word_1_224' title='bbox 392 1995 481 2043; x_wconf 87' lang='lat' dir='ltr'>vidisset</span> <span class='ocrx_word' id='word_1_225' title='bbox 493 1995 543 2043; x_wconf 87' lang='lat' dir='ltr'>belli</span> <span class='ocrx_word' id='word_1_226' title='bbox 557 1995 651 2050; x_wconf 90' lang='lat' dir='ltr'>consilia,</span> <span class='ocrx_word' id='word_1_227' title='bbox 665 2017 755 2055; x_wconf 81' lang='lat' dir='ltr'>pugnas,</span> <span class='ocrx_word' id='word_1_228' title='bbox 769 2010 858 2046; x_wconf 88' lang='lat' dir='ltr'>eventus</span> <span class='ocrx_word' id='word_1_229' title='bbox 872 2012 930 2056; x_wconf 84' lang='lat' dir='ltr'>gesta</span> <span class='ocrx_word' id='word_1_230' title='bbox 943 1999 980 2047; x_wconf 89' lang='lat' dir='ltr'>de</span> <span class='ocrx_word' id='word_1_231' title='bbox 1039 2005 1045 2022; x_wconf 64' lang='lat'>⁸</span> 
     </span>
    </p>

    <p class='ocr_par' dir='ltr' id='par_1_7' title="bbox 155 2062 1046 2202">
     <span class='ocr_line' id='line_1_26' title="bbox 155 2066 983 2152; baseline 0.004 -38"><span class='ocrx_word' id='word_1_232' title='bbox 155 2066 183 2115; x_wconf 81' lang='grc'>25</span> <span class='ocrx_word' id='word_1_233' title='bbox 199 2067 308 2114; x_wconf 89' lang='lat' dir='ltr'>scriberet</span> <span class='ocrx_word' id='word_1_234' title='bbox 325 2067 351 2115; x_wconf 88' lang='lat' dir='ltr'>ld</span> <span class='ocrx_word' id='word_1_235' title='bbox 365 2086 451 2124; x_wconf 84' lang='lat' dir='ltr'>nanque</span> <span class='ocrx_word' id='word_1_236' title='bbox 465 2067 567 2114; x_wconf 89' lang='lat' dir='ltr'>bellum</span> <span class='ocrx_word' id='word_1_237' title='bbox 561 2089 583 2114; x_wconf 92' lang='lat' dir='ltr'>m</span> <span class='ocrx_word' id='word_1_238' title='bbox 597 2068 701 2116; x_wconf 70' lang='lat' dir='ltr'>Aetholos</span> <span class='ocrx_word' id='word_1_239' title='bbox 712 2067 825 2126; x_wconf 85' lang='lat' dir='ltr'>(Graeciae</span> <span class='ocrx_word' id='word_1_240' title='bbox 836 2069 910 2137; x_wconf 89' lang='lat' dir='ltr'>populi</span> <span class='ocrx_word' id='word_1_241' title='bbox 921 2070 983 2152; x_wconf 73' lang='lat' dir='ltr'>sunt)</span> 
     </span>
     <span class='ocr_line' id='line_1_27' title="bbox 197 2133 981 2212; baseline 0.007 -27"><span class='ocrx_word' id='word_1_242' title='bbox 197 2138 279 2186; x_wconf 89' lang='lat' dir='ltr'>Punico</span> <span class='ocrx_word' id='word_1_243' title='bbox 296 2158 346 2186; x_wconf 85' lang='lat' dir='ltr'>mox</span> <span class='ocrx_word' id='word_1_244' title='bbox 362 2133 418 2187; x_wconf 88' lang='lat' dir='ltr'>bello</span> <span class='ocrx_word' id='word_1_245' title='bbox 434 2140 530 2187; x_wconf 90' lang='lat' dir='ltr'>secundo</span> <span class='ocrx_word' id='word_1_246' title='bbox 546 2140 607 2188; x_wconf 87' lang='lat' dir='ltr'>finito</span> <span class='ocrx_word' id='word_1_247' title='bbox 623 2154 725 2212; x_wconf 82' lang='lat' dir='ltr'>coeptum</span> <span class='ocrx_word' id='word_1_248' title='bbox 741 2153 780 2189; x_wconf 89' lang='lat' dir='ltr'>est.</span> <span class='ocrx_word' id='word_1_249' title='bbox 797 2133 908 2191; x_wconf 85' lang='lat' dir='ltr'>Mentium</span> <span class='ocrx_word' id='word_1_250' title='bbox 923 2144 981 2191; x_wconf 90' lang='lat' dir='ltr'>enim</span> 
     </span>
    </p>

    <p class='ocr_par' dir='ltr' id='par_1_8' title="bbox 149 2204 1046 2422">
     <span class='ocr_line' id='line_1_28' title="bbox 149 2204 982 2280; baseline 0.003 -21"><span class='ocrx_word' id='word_1_251' title='bbox 149 2244 151 2250; x_wconf 92' lang='lat'>·</span> <span class='ocrx_word' id='word_1_252' title='bbox 197 2210 336 2260; x_wconf 88' lang='lat' dir='ltr'>adversarum</span> <span class='ocrx_word' id='word_1_253' title='bbox 347 2210 441 2270; x_wconf 86' lang='lat' dir='ltr'>populus</span> <span class='ocrx_word' id='word_1_254' title='bbox 453 2212 563 2261; x_wconf 85' lang='lat' dir='ltr'>Romanus</span> <span class='ocrx_word' id='word_1_255' title='bbox 574 2233 658 2261; x_wconf 91' lang='lat' dir='ltr'>memor</span> <span class='ocrx_word' id='word_1_256' title='bbox 669 2204 756 2263; x_wconf 89' lang='lat' dir='ltr'>bellum</span> <span class='ocrx_word' id='word_1_257' title='bbox 761 2235 806 2263; x_wconf 92' lang='lat' dir='ltr'>uno</span> <span class='ocrx_word' id='word_1_258' title='bbox 816 2234 884 2280; x_wconf 90' lang='lat' dir='ltr'>prope</span> <span class='ocrx_word' id='word_1_259' title='bbox 896 2216 982 2265; x_wconf 90' lang='lat' dir='ltr'>decreto</span> 
     </span>
     <span class='ocr_line' id='line_1_29' title="bbox 199 2283 1042 2345; baseline 0.008 -15"><span class='ocrx_word' id='word_1_260' title='bbox 199 2283 348 2339; x_wconf 82' lang='lat' dir='ltr'>Macedoniae,</span> <span class='ocrx_word' id='word_1_261' title='bbox 366 2284 485 2340; x_wconf 66' lang='lat' dir='ltr'>nabothae,</span> <span class='ocrx_word' id='word_1_262' title='bbox 503 2285 567 2334; x_wconf 73' lang='lat' dir='ltr'>Asiae</span> <span class='ocrx_word' id='word_1_263' title='bbox 585 2285 654 2345; x_wconf 89' lang='lat' dir='ltr'>(quod</span> <span class='ocrx_word' id='word_1_264' title='bbox 671 2287 754 2335; x_wconf 87' lang='lat' dir='ltr'>Punico</span> <span class='ocrx_word' id='word_1_265' title='bbox 772 2287 828 2335; x_wconf 87' lang='lat' dir='ltr'>bello</span> <span class='ocrx_word' id='word_1_266' title='bbox 846 2289 942 2337; x_wconf 90' lang='lat' dir='ltr'>secundo</span> <span class='ocrx_word' id='word_1_267' title='bbox 960 2310 983 2337; x_wconf 87' lang='lat' dir='ltr'>se</span> <span class='ocrx_word' id='word_1_268' title='bbox 1041 2295 1042 2298; x_wconf 66' lang='grc'>’</span> 
     </span>
     <span class='ocr_line' id='line_1_30' title="bbox 199 2348 1046 2422; baseline 0.008 -19"><span class='ocrx_word' id='word_1_269' title='bbox 199 2352 316 2404; x_wconf 87' lang='lat' dir='ltr'>Hannibali</span> <span class='ocrx_word' id='word_1_270' title='bbox 331 2355 418 2405; x_wconf 80' lang='lat' dir='ltr'>loedere</span> <span class='ocrx_word' id='word_1_271' title='bbox 433 2357 578 2416; x_wconf 85' lang='lat' dir='ltr'>colligassent)</span> <span class='ocrx_word' id='word_1_272' title='bbox 592 2359 677 2408; x_wconf 87' lang='lat' dir='ltr'>indixit</span> <span class='ocrx_word' id='word_1_273' title='bbox 691 2348 745 2408; x_wconf 73' lang='lat' dir='ltr'>Aliis</span> <span class='ocrx_word' id='word_1_274' title='bbox 761 2360 851 2418; x_wconf 84' lang='lat' dir='ltr'>quidem</span> <span class='ocrx_word' id='word_1_275' title='bbox 865 2361 905 2409; x_wconf 88' lang='lat' dir='ltr'>alia</span> <span class='ocrx_word' id='word_1_276' title='bbox 920 2361 983 2416; x_wconf 87' lang='lat' dir='ltr'>bella,</span> <span class='ocrx_word' id='word_1_277' title='bbox 1041 2366 1046 2422; x_wconf 53' lang='grc' dir='ltr'>ξ</span> 
     </span>
    </p>

    <p class='ocr_par' dir='ltr' id='par_1_9' title="bbox 157 2429 1046 2634">
     <span class='ocr_line' id='line_1_31' title="bbox 157 2429 1046 2495; baseline 0.003 -17"><span class='ocrx_word' id='word_1_278' title='bbox 157 2430 187 2478; x_wconf 81' lang='lat'>30</span> <span class='ocrx_word' id='word_1_279' title='bbox 201 2429 240 2477; x_wconf 90' lang='lat' dir='ltr'>sed</span> <span class='ocrx_word' id='word_1_280' title='bbox 250 2429 326 2488; x_wconf 83' lang='lat' dir='ltr'>quod</span> <span class='ocrx_word' id='word_1_281' title='bbox 320 2450 343 2478; x_wconf 87' lang='lat' dir='ltr'>rn</span> <span class='ocrx_word' id='word_1_282' title='bbox 352 2429 457 2479; x_wconf 79' lang='lat' dir='ltr'>Aethotos</span> <span class='ocrx_word' id='word_1_283' title='bbox 468 2445 524 2480; x_wconf 92' lang='lat' dir='ltr'>esset</span> <span class='ocrx_word' id='word_1_284' title='bbox 534 2431 653 2490; x_wconf 84' lang='lat' dir='ltr'>gerendum</span> <span class='ocrx_word' id='word_1_285' title='bbox 663 2432 745 2482; x_wconf 87' lang='lat' dir='ltr'>bellum</span> <span class='ocrx_word' id='word_1_286' title='bbox 756 2433 790 2483; x_wconf 86' lang='lat' dir='ltr'>M.</span> <span class='ocrx_word' id='word_1_287' title='bbox 802 2433 878 2484; x_wconf 88' lang='lat' dir='ltr'>Fulvio</span> <span class='ocrx_word' id='word_1_288' title='bbox 889 2435 983 2495; x_wconf 90' lang='lat' dir='ltr'>populus</span> <span class='ocrx_word' id='word_1_289' title='bbox 1041 2474 1046 2481; x_wconf 70' lang='grc'><em>,</em></span> 
     </span>
     <span class='ocr_line' id='line_1_32' title="bbox 200 2503 983 2566; baseline 0.008 -16"><span class='ocrx_word' id='word_1_290' title='bbox 200 2503 311 2551; x_wconf 87' lang='lat' dir='ltr'>Romanus</span> <span class='ocrx_word' id='word_1_291' title='bbox 330 2503 396 2553; x_wconf 93' lang='lat' dir='ltr'>dedit.</span> <span class='ocrx_word' id='word_1_292' title='bbox 415 2503 490 2552; x_wconf 89' lang='lat' dir='ltr'>Victor</span> <span class='ocrx_word' id='word_1_293' title='bbox 507 2518 580 2553; x_wconf 87' lang='lat' dir='ltr'>autern</span> <span class='ocrx_word' id='word_1_294' title='bbox 598 2505 687 2555; x_wconf 83' lang='lat' dir='ltr'>Fulvius</span> <span class='ocrx_word' id='word_1_295' title='bbox 705 2507 796 2555; x_wconf 92' lang='lat' dir='ltr'>domum</span> <span class='ocrx_word' id='word_1_296' title='bbox 814 2527 911 2556; x_wconf 88' lang='lat' dir='ltr'>reversus</span> <span class='ocrx_word' id='word_1_297' title='bbox 930 2529 983 2566; x_wconf 83' lang='lat' dir='ltr'>quas</span> 
     </span>
     <span class='ocr_line' id='line_1_33' title="bbox 201 2575 1046 2634; baseline 0.007 -12"><span class='ocrx_word' id='word_1_298' title='bbox 201 2575 277 2623; x_wconf 89' lang='lat' dir='ltr'>habuit</span> <span class='ocrx_word' id='word_1_299' title='bbox 291 2576 404 2624; x_wconf 88' lang='lat' dir='ltr'>manubias</span> <span class='ocrx_word' id='word_1_300' title='bbox 419 2596 505 2624; x_wconf 90' lang='lat' dir='ltr'>summo</span> <span class='ocrx_word' id='word_1_301' title='bbox 520 2595 559 2634; x_wconf 90' lang='lat' dir='ltr'>pro</span> <span class='ocrx_word' id='word_1_302' title='bbox 575 2577 656 2625; x_wconf 89' lang='lat' dir='ltr'>honore</span> <span class='ocrx_word' id='word_1_303' title='bbox 671 2578 743 2625; x_wconf 84' lang='lat' dir='ltr'>Musis</span> <span class='ocrx_word' id='word_1_304' title='bbox 761 2578 826 2626; x_wconf 82' lang='lat' dir='ltr'>Ennii</span> <span class='ocrx_word' id='word_1_305' title='bbox 844 2581 984 2628; x_wconf 88' lang='lat' dir='ltr'>consecravit.</span> <span class='ocrx_word' id='word_1_306' title='bbox 1045 2630 1046 2634; x_wconf 60' lang='grc'>,</span> 
     </span>
    </p>
   </div>
   <div class='ocr_carea' id='block_1_3' title="bbox 158 2732 983 2864">
    <p class='ocr_par' dir='ltr' id='par_1_10' title="bbox 158 2732 983 2864">
     <span class='ocr_line' id='line_1_34' title="bbox 194 2732 983 2804; baseline 0.009 -12"><span class='ocrx_word' id='word_1_307' title='bbox 194 2757 211 2792; x_wconf 75' lang='lat' dir='ltr'>a.</span> <span class='ocrx_word' id='word_1_308' title='bbox 223 2756 259 2794; x_wconf 69' lang='lat' dir='ltr'>cre.</span> <span class='ocrx_word' id='word_1_309' title='bbox 272 2758 318 2795; x_wconf 67' lang='lat' dir='ltr'>aaa.</span> <span class='ocrx_word' id='word_1_310' title='bbox 331 2756 360 2794; x_wconf 82' lang='lat'>57.</span> <span class='ocrx_word' id='word_1_311' title='bbox 409 2758 425 2794; x_wconf 82' lang='lat' dir='ltr'>a.</span> <span class='ocrx_word' id='word_1_312' title='bbox 439 2756 481 2794; x_wconf 73' lang='lat' dir='ltr'>an.</span> <span class='ocrx_word' id='word_1_313' title='bbox 494 2732 538 2801; x_wconf 57' lang='lat' dir='ltr'>aiud</span> <span class='ocrx_word' id='word_1_314' title='bbox 551 2757 594 2795; x_wconf 67' lang='lat' dir='ltr'>cer.</span> <span class='ocrx_word' id='word_1_315' title='bbox 607 2758 659 2797; x_wconf 85' lang='lat' dir='ltr'>xvir.</span> <span class='ocrx_word' id='word_1_316' title='bbox 676 2759 701 2797; x_wconf 84' lang='lat' dir='ltr'>u.</span> <span class='ocrx_word' id='word_1_317' title='bbox 718 2760 731 2797; x_wconf 78' lang='grc' dir='ltr'>ι,</span> <span class='ocrx_word' id='word_1_318' title='bbox 784 2760 809 2796; x_wconf 79' lang='lat' dir='ltr'>n.</span> <span class='ocrx_word' id='word_1_319' title='bbox 821 2760 864 2797; x_wconf 71' lang='lat' dir='ltr'>ann.</span> <span class='ocrx_word' id='word_1_320' title='bbox 877 2761 921 2804; x_wconf 63' lang='lat' dir='ltr'>apua</span> <span class='ocrx_word' id='word_1_321' title='bbox 935 2762 983 2799; x_wconf 68' lang='lat' dir='ltr'>nise</span> 
     </span>
     <span class='ocr_line' id='line_1_35' title="bbox 158 2817 487 2864; baseline 0.006 -10"><span class='ocrx_word' id='word_1_322' title='bbox 158 2819 198 2854; x_wconf 72' lang='lat' dir='ltr'>nn.</span> <span class='ocrx_word' id='word_1_323' title='bbox 210 2817 255 2854; x_wconf 86' lang='lat' dir='ltr'>nu.</span> <span class='ocrx_word' id='word_1_324' title='bbox 268 2818 290 2855; x_wconf 82' lang='lat' dir='ltr'>m</span> <span class='ocrx_word' id='word_1_325' title='bbox 303 2818 325 2862; x_wconf 72' lang='lat' dir='ltr'>(r,</span> <span class='ocrx_word' id='word_1_326' title='bbox 337 2833 354 2861; x_wconf 70' lang='lat' dir='ltr'>p.</span> <span class='ocrx_word' id='word_1_327' title='bbox 367 2818 407 2856; x_wconf 78' lang='lat'>434.</span> <span class='ocrx_word' id='word_1_328' title='bbox 423 2818 444 2855; x_wconf 84' lang='lat' dir='ltr'>ro</span> <span class='ocrx_word' id='word_1_329' title='bbox 457 2817 487 2864; x_wconf 79' lang='lat' dir='ltr'>rc).</span> 
     </span>
    </p>
   </div>
   <div class='ocr_carea' id='block_1_4' title="bbox 160 2916 303 2924">
    <p class='ocr_par' dir='ltr' id='par_1_11' title="bbox 160 2916 303 2924">
     <span class='ocr_line' id='line_1_36' title="bbox 160 2916 303 2924; baseline 0.007 -1"><span class='ocrx_word' id='word_1_330' title='bbox 160 2916 303 2924; x_wconf 52' lang='grc' dir='ltr'><em>Ἣ</em></span> 
     </span>
    </p>
   </div>
   <div class='ocr_carea' id='block_1_5' title="bbox 200 2940 836 3048">
    <p class='ocr_par' dir='ltr' id='par_1_12' title="bbox 200 2940 836 3048">
     <span class='ocr_line' id='line_1_37' title="bbox 200 2940 836 3048; baseline 0.005 -27"><span class='ocrx_word' id='word_1_331' title='bbox 200 2975 219 3021; x_wconf 85' lang='lat'>3.</span> <span class='ocrx_word' id='word_1_332' title='bbox 233 2974 264 3022; x_wconf 81' lang='lat' dir='ltr'>Ex</span> <span class='ocrx_word' id='word_1_333' title='bbox 278 2975 359 3021; x_wconf 87' lang='lat' dir='ltr'>secundi</span> <span class='ocrx_word' id='word_1_334' title='bbox 373 2974 420 3022; x_wconf 87' lang='lat' dir='ltr'>belli</span> <span class='ocrx_word' id='word_1_335' title='bbox 434 2980 492 3029; x_wconf 79' lang='lat' dir='ltr'>signis</span> <span class='ocrx_word' id='word_1_336' title='bbox 505 2974 520 3048; x_wconf 82' lang='lat' dir='ltr'>b</span> <span class='ocrx_word' id='word_1_337' title='bbox 533 2994 545 3021; x_wconf 92' lang='lat' dir='ltr'>a</span> <span class='ocrx_word' id='word_1_338' title='bbox 558 2994 607 3021; x_wconf 83' lang='lat' dir='ltr'>corr.</span> <span class='ocrx_word' id='word_1_339' title='bbox 664 2977 694 3023; x_wconf 88' lang='grc'>19.</span> <span class='ocrx_word' id='word_1_340' title='bbox 702 2940 778 3023; x_wconf 86' lang='lat' dir='ltr'>habuit</span> <span class='ocrx_word' id='word_1_341' title='bbox 791 2997 836 3024; x_wconf 85' lang='lat' dir='ltr'>sscr.</span> 
     </span>
    </p>
   </div>
   <div class='ocr_carea' id='block_1_6' title="bbox 0 0 1064 3253">
    <p class='ocr_par' dir='ltr' id='par_1_13' title="bbox 0 0 1064 3253">
     <span class='ocr_line' id='line_1_38' title="bbox 0 0 1064 3253; baseline 0 0"><span class='ocrx_word' id='word_1_342' title='bbox 0 0 1064 3253; x_wconf 95' lang='lat' dir='ltr'> </span> 
     </span>
    </p>
   </div>
  </div>
 </body>
</html>
