2093 3253
126 159 165 214 124
422 179 518 212 sicconis
533 179 653 211 roraurom

167 296 295 352 imperatore
312 294 442 342 Domiciano
459 306 543 353 putant3
561 293 650 352 quidam
666 293 836 353 haudquaquam
853 286 951 344 illumin
1011 286 1028 350 ς]

167 367 266 417 Paridem
280 368 319 417 secl
332 368 356 417 in
370 366 437 416 alium
456 365 498 421 alii,
519 366 592 425 ipsum
607 386 695 426 quoque
714 367 737 416 in
756 366 871 416 Caesarem
884 368 951 427 aliqui

168 441 236 489 tactos
246 441 336 489 malunt.
348 439 440 489 Dentosi
451 440 541 498 quidem
552 454 603 488 sunt
613 453 635 487 et
645 440 756 487 mordaces
767 444 848 488 uersus.
859 440 951 489 Proinde

167 513 263 562 occultos
275 512 370 561 tenuisse
382 511 430 561 illos
442 511 520 570 perdiu
531 510 612 566 lerunt,
623 512 684 570 quod
695 511 823 571 intelligeret
835 512 894 562 stulti
906 533 952 563 esse
1027 534 1029 536 “

142 587 154 636 5
171 586 247 636 latrare
256 587 279 635 in
290 607 341 635 eum
351 586 389 645 qui
400 586 498 634 mordere
508 598 588 645 posset.

210 660 319 708 Maturior
326 672 399 709 autem
407 658 484 713 lactus,
493 679 520 707 ne
528 678 613 716 semper
621 658 707 707 auditor
714 659 753 707 sed
760 658 877 717 aliquando
885 660 952 718 scrip-
1014 704 1028 725 ·z

167 745 201 780 tor
212 744 274 787 esset,
286 732 309 780 id
320 731 361 780 sibi
373 732 457 791 negocii
468 731 568 790 sumpsit,
580 731 641 790 quod
652 745 732 790 satyras
743 733 828 791 scripsit
839 733 862 781 in
872 725 952 791 ouibus

168 818 190 853 et
204 805 311 853 luxuriam
326 818 346 853 et
362 825 417 863 quae
431 805 483 853 vitia
497 804 557 852 urbis
573 817 650 859 essent,
666 817 691 853 ut
706 804 776 853 solent
790 819 866 863 poetae
880 807 952 863 satyri,

169 878 237 926 libero
255 890 354 936 poemate
372 877 507 935 increparet.'
518 876 576 934 Quas
589 877 660 934 igitur
678 877 782 926 habemus
801 890 881 936 satyras
899 879 952 933 eius,
1016 869 1035 924 1⁵2,

129 952 155 997 l-ll
171 970 227 1007 quae
241 970 278 997 sex
292 970 317 997 ac
333 950 408 997 decem
424 961 482 1002 sunt,
498 948 558 995 libris
575 949 674 1006 quinque
689 949 815 997 distributas
830 950 916 1008 scripsit
931 963 952 997 et

169 1041 224 1081 quos
235 1035 291 1077 ante,
303 1035 328 1071 ut
339 1022 463 1077 memoravi,
476 1019 561 1070 lecisset
572 1039 646 1070 versus
658 1020 706 1071 loco
718 1021 785 1081 magis
796 1021 875 1071 idoneo
886 1043 952 1082 quam
1026 1024 1033 1059 ἶ

169 1095 254 1145 occulto
264 1096 381 1145 contexuit.
393 1095 450 1144 Sunt
460 1096 519 1144 enim
530 1095 565 1143 illa
576 1096 598 1143 in
609 1107 679 1153 satyra
689 1115 745 1153 quac
755 1096 804 1144 libri
815 1097 873 1145 tertii
883 1096 953 1155 prima
1030 1106 1035 1134 ·ῖ

169 1182 208 1218 est.
224 1169 271 1217 Hos
285 1182 333 1218 tum
347 1188 421 1217 versus
439 1167 525 1222 Caesar,
542 1169 575 1216 uti
592 1181 652 1216 erant
669 1188 717 1216 mea
734 1169 845 1224 sententia,
863 1169 909 1217 eius
926 1170 953 1217 ad

169 1242 324 1290 contumeliam
339 1242 408 1290 dictos
425 1254 483 1290 ratus
499 1241 522 1289 in
538 1262 589 1289 eum
605 1241 656 1290 odio
671 1242 736 1290 tacito
752 1241 897 1291 stomachatus
913 1254 952 1297 est,

131 1317 156 1364 15
171 1328 237 1374 atque
248 1315 280 1363 uti
293 1314 362 1364 luerat
373 1327 437 1372 poeta
449 1327 522 1362 noster
534 1314 634 1372 perplexe
646 1335 671 1363 ac
683 1314 773 1362 obscure
786 1314 877 1369 locutus,
890 1315 919 1363 ita
931 1316 954 1362 in

170 1408 220 1437 eum
234 1387 291 1438 illius
305 1388 334 1437 ad
348 1388 466 1447 perniciem
481 1387 521 1436 hac
535 1400 567 1436 est
582 1387 719 1436 simulatione
733 1408 793 1437 usus:
808 1388 881 1446 ipsum
895 1389 954 1436 enim
968 1415 969 1418 =

169 1462 233 1508 tacite
244 1463 267 1508 in
279 1461 367 1508 exilium
379 1460 421 1508 sub
433 1460 521 1507 honoris
533 1461 605 1517 specie
617 1461 682 1508 misit.
695 1460 813 1507 Ducendos
826 1461 915 1518 quidem
926 1461 954 1507 ad

170 1533 256 1582 ordines
264 1534 336 1591 ipsum
345 1532 457 1591 propalam
464 1531 578 1580 tribunum
586 1532 681 1580 militum
689 1532 808 1591 designavit
816 1532 955 1590 eundemque

169 1608 192 1656 in
205 1607 301 1657 Scotiam
313 1619 337 1656 ut
349 1606 445 1656 exularet
457 1605 497 1654 hac
509 1605 551 1654 sub
566 1605 654 1655 honoris
669 1605 747 1656 umbra
762 1606 868 1666 proficisci
884 1607 954 1656 iussit.

129 1682 157 1728 20
214 1680 286 1729 Scotia
300 1699 351 1729 vero
365 1698 415 1738 pars
429 1692 462 1727 est
476 1679 558 1727 insulae
573 1678 667 1727 Occeani
682 1700 737 1738 quae
752 1700 810 1734 nunc
821 1679 902 1739 Anglia
916 1679 955 1727 sed

170 1753 280 1801 Britannia
291 1753 350 1807 olim,
363 1752 423 1810 quod
435 1752 492 1809 regia
509 1764 565 1799 esset
581 1751 640 1809 apud
652 1752 699 1799 illos
717 1753 785 1806 sedes,
797 1752 904 1811 appellata
915 1764 954 1799 est.
1026 1755 1047 1824 {123a

173 1825 197 1873 ln
213 1845 237 1873 ea
255 1825 345 1885 quidem
362 1823 435 1884 Angli,
454 1824 561 1879 Britones,
580 1823 662 1879 Scothi,
678 1823 743 1880 Pitbi,
762 1845 818 1883 quae
833 1838 907 1883 gentes
922 1825 954 1873 uti

170 1900 259 1947 nomine
270 1900 300 1946 ita
310 1896 388 1957 lingua⁸
395 1910 446 1945 sunt
458 1910 479 1945 et
491 1896 588 1945 moribus
600 1897 676 1947 variae.
690 1897 766 1947 Latere
778 1919 822 1947 uno
834 1918 874 1947 nec
886 1891 955 1947 multo

170 1972 282 2019 interiecto
296 1972 349 2018 mari
361 1971 467 2018 orientem
477 1970 505 2016 ad
516 1970 584 2017 solem
595 1982 717 2028 prospectat
729 1969 829 2018 Galliam.
841 1970 886 2019 Sed
896 1972 919 2018 in
929 1985 955 2018 ea

129 2044 157 2092 25
172 2043 256 2091 lucidae
266 2043 321 2091 adeo
332 2055 406 2091 noctes
417 2055 469 2090 sunt
479 2042 540 2101 quod
550 2042 623 2090 medio
631 2043 704 2091 noctis
714 2056 813 2101 tempore
823 2056 898 2091 utrum
908 2062 954 2090 cre·

170 2114 287 2172 pusculum
306 2113 379 2162 adbuc
398 2114 547 2183 vespertinum
567 2127 652 2163 maneat
673 2135 700 2163 an
721 2115 852 2164 matutinum
872 2115 954 2163 venerit
1032 2169 1047 2181 ,

170 2209 234 2246 saepe
247 2189 355 2247 incertum
368 2189 403 2235 sit.
418 2187 571 2243 Longitudinis
584 2207 673 2245 quoque
686 2188 792 2244 plurimae
803 2200 827 2244 vet
840 2189 955 2235 inaestate

171 2259 217 2307 dies
228 2259 282 2307 etin
293 2258 363 2307 hieme
374 2270 447 2307 noctes
458 2270 516 2307 sunt.
528 2257 581 2306 Dies
586 2278 679 2318 „nanque
689 2258 759 2314 horas,
770 2278 821 2307 cum
832 2271 864 2308 est
874 2258 956 2309 brevis»

170 2334 245 2388 simus,
255 2353 299 2388 sex,
308 2353 360 2381 cum
367 2351 419 2381 vero
428 2344 461 2381 est
469 2330 616 2390 longissimus,
625 2331 703 2381 XVlll
714 2332 786 2383 habet.
798 2333 882 2382 Insulae
890 2333 954 2382 huius

128 2409 158 2456 30
172 2407 263 2456 latitudo
277 2407 376 2461 ducenta,
390 2405 503 2464 longitudo
517 2406 646 2464 octingenta,
660 2407 786 2456 circumitus
799 2407 955 2472 veroquadrau
1032 2394 1047 2450 'i

170 2481 215 2537 gies
229 2481 295 2527 octies
310 2480 446 2536 septuaginta
460 2479 558 2535 quinque
573 2478 631 2527 milia
645 2499 757 2536 passuum,
771 2492 797 2527 ut
811 2479 885 2527 scribit
899 2479 956 2528 Soli·

169 2571 211 2601 nus
226 2564 254 2606 et,
264 2552 302 2611 qui
311 2550 395 2610 Anglus
403 2549 453 2605 luit.
462 2549 591 2600 venerabilis
600 2550 666 2604 Beda,
676 2551 778 2610 complet.
787 2551 817 2600 At
825 2571 876 2600 vero
887 2553 954 2601 lulius

171 2623 250 2674 Caesar
264 2625 309 2673 suis
318 2625 342 2680 in
353 2623 520 2673 Commentariis
531 2643 582 2672 cum
593 2623 675 2673 bellum
685 2624 795 2673 Gallicum
805 2625 891 2683 scripsit
900 2624 956 2673 lianc

184 2759 201 2795 6.
214 2758 249 2795 luv.
263 2758 275 2795 l.
292 2759 305 2795 l.
358 2757 383 2794 18.
397 2757 529 2795 Vialueeaatts.
579 2758 607 2794 3l.
620 2757 708 2795 Soliutt.
724 2759 775 2800 l,l8.
824 2759 852 2796 32.
864 2759 955 2799 Bedetsr.

128 2819 172 2858 Eccl.
185 2819 198 2857 l.
214 2819 228 2857 l.
277 2817 306 2856 33.
319 2819 366 2857 Caes.
380 2819 400 2857 Β.
412 2818 435 2856 G.
447 2817 468 2855 V.
484 2818 511 2855 l3.
524 2819 540 2855 7.

186 2929 216 2972 l3.
229 2921 299 2971 eiust.
313 2946 329 2972 r.
388 2926 418 2971 15.
431 2944 454 2970 ac
468 2933 482 2971 ι’.
497 2943 520 2987 r.;
530 2936 573 2971 erut
587 2938 648 2979 atque
663 2927 773 2983 velaeque.
829 2928 861 2973 22.
870 2927 902 2975 Ex
911 2928 956 2975 Bri-

127 3006 199 3039 tonnes
208 3012 257 3039 corr,
272 2993 300 3048 (in
315 2993 377 3038 iudice
393 2992 496 3037 Britonnes
511 3012 548 3038 non
563 2994 628 3049 corn).
683 2994 716 3039 24.
731 2994 772 3040 Sed
787 2997 807 3039 in
822 3013 844 3040 aa
857 3002 871 3041 ι’.
886 3014 902 3042 r.
