2093 3253
74 186 76 190 ·
146 163 185 209 282
449 179 541 211 sicconis
555 180 669 211 roraurom

187 306 208 340 et
223 292 251 349 Q
266 294 397 342 Hortensius
413 293 553 360 excellebant.
568 295 645 344 Aetate
660 296 728 343 maior
742 294 807 344 Cotta
822 308 873 349 erat,
886 295 970 347 dicendi
1035 349 1036 352 Ἴ

187 383 239 413 vero
254 366 350 423 quodam
364 366 441 413 ardore
457 385 482 413 ac
498 379 567 415 aetate
584 367 661 415 Cicero
678 368 767 425 propior
783 367 902 415 Hortensio
912 368 971 418 vide·

189 437 259 486 batur.
275 437 304 485 Se
319 437 409 497 quidem
421 458 472 487 cum
483 451 584 498 utroque,
596 459 672 489 verum
684 440 779 500 quadam
790 439 922 489 emulatione
927 440 971 500 glo·

188 511 232 558 riae
246 510 332 568 saepius
347 531 398 559 cum
414 510 532 560 Hortensio
547 513 667 560 exercebat.
682 512 771 571 Quippe
785 512 883 561 ascendit
894 526 972 571 presto,

162 582 174 631 5
191 601 230 630 nec
245 582 354 641 gradibus,
371 595 395 631 ut
411 583 505 635 solerent
519 583 563 638 alii,
583 586 715 633 enumeratis
735 585 838 639 ascendit,
855 585 894 633 sed
914 590 973 643 quasi
1032 620 1033 652 1

189 667 301 704 momento
316 655 412 713 quodam
427 655 456 704 ita
470 675 582 705 summum
595 656 623 705 ad
636 655 748 716 fastigium
761 656 854 707 evolavit
872 671 897 706 ut
911 655 974 716 longe
1031 672 1033 675 “

189 728 269 777 relictis
277 729 361 778 cunctis
370 729 417 787 ipse
425 729 448 777 in
456 730 526 777 causis
535 729 632 778 dicendis
641 730 742 789 princeps
751 731 850 780 omnium
858 724 973 781 videretur.

226 800 305 850 ¹Homo
320 814 365 850 erat
381 802 458 851 Cicero
470 812 521 852 cum
531 823 560 857 ‚ex
571 802 623 851 Asia
635 802 699 851 rediit
711 815 755 851 ‘non
773 804 811 862 qui
824 803 902 852 soleret
914 804 973 861 prius

190 874 232 921 sed,
243 874 306 932 longe
320 874 405 921 doctior
418 875 597 933 exercitatiorque
610 895 635 923 ac
649 874 694 923 lere
708 875 735 923 de
748 874 838 936 {integro
852 888 973 926 renovatus.

135 970 140 975 '¹
152 947 177 993 l0
193 945 240 994 Sibi
248 946 307 996 enim
314 967 363 1002 vox,
371 967 416 995 non
423 947 456 996 uti
464 940 525 1006 prius
532 966 614 1006 aspera,
623 967 667 995 non
680 948 783 996 continua
795 948 842 996 sine
849 947 974 998 remissione

191 1033 212 1066 et
227 1020 329 1068 varietate
343 1019 394 1074 ulla,
410 1020 450 1068 sed
464 1020 566 1077 castigata
587 1020 701 1078 dulcisque
720 1040 745 1068 ac
765 1033 841 1068 ornata
861 1029 913 1075 erat,
934 1021 974 1069 sibi
1034 1013 1039 1072 f.

138 1126 140 1128 -
191 1091 283 1140 laterum
298 1092 443 1149 suppetebant
457 1092 520 1146 vires,
535 1092 576 1140 sibi
590 1093 687 1150 corporis
707 1092 793 1140 habitus
808 1092 976 1151 haudquaquam
1032 1088 1037 1155 ἦ

134 1185 136 1188 ’
192 1163 277 1222 gracilis
289 1163 328 1213 sed
340 1163 455 1214 mediocris
468 1178 520 1214 erat.
535 1162 592 1214 Illud
605 1164 671 1213 modo
683 1164 725 1214 sibi
738 1165 813 1214 deesse
824 1165 852 1214 ad
864 1166 975 1223 integrita·

155 1260 157 1263 ·
191 1251 236 1286 tem
249 1258 275 1287 ex
287 1238 389 1286 omnibus
402 1238 523 1292 videbatur,
536 1239 597 1297 quod
608 1239 632 1286 in
644 1239 714 1287 causis
726 1238 822 1297 agendis,
835 1238 976 1298 quemadmo·
1033 1232 1047 1289 l

154 1310 180 1359 15
196 1310 249 1358 dum
265 1310 292 1358 de
307 1309 457 1358 Demosthene
467 1307 518 1359 cum
528 1323 584 1358 esset
593 1311 677 1358 iuvenis
687 1312 802 1359 memorari
811 1310 872 1366 solet,
882 1312 978 1368 corporis
1045 1304 1047 1307 ‚

193 1395 266 1440 gestus
275 1383 366 1431 idoneos
376 1383 426 1430 satis
436 1402 463 1430 ex
472 1383 579 1430 desiderio
589 1401 633 1429 non
643 1381 739 1430 haberet.
749 1381 797 1430 Hac
806 1383 828 1430 in
838 1401 862 1431 re
870 1382 977 1441 corrigen»

194 1455 248 1504 dum
262 1476 285 1503 se
299 1474 325 1504 ac
343 1456 505 1503 emendandum
524 1455 584 1503 dedit
602 1455 676 1514 Esopo
694 1455 868 1518 (tragoediarum
881 1468 926 1505 erat
938 1454 977 1512 ,hic

193 1528 253 1576 actor
263 1527 371 1594 egregius)
376 1548 401 1576 ac
411 1528 461 1576 Sex.
468 1528 553 1582 Rossio,
560 1548 633 1586 quern,
643 1540 668 1575 ut
677 1528 729 1582 dixi,
735 1540 860 1576 accusatum
869 1526 977 1586 parricidii

196 1599 336 1656 defendisset.
353 1600 440 1649 Horum
455 1621 542 1660 nanque
557 1601 656 1649 doctrina
671 1613 692 1648 et
708 1599 819 1658 diligentia
834 1601 858 1649 id
867 1612 977 1649 assecutus
1038 1597 1047 1671 l

153 1675 182 1723 20
197 1687 229 1724 est
243 1674 311 1729 brevi,
319 1686 351 1728 ut,
360 1673 547 1732 quemadmodum
554 1687 637 1723 caetera
645 1694 701 1733 quae
709 1673 788 1722 oratori
796 1673 818 1723 in
826 1675 909 1731 agenda
916 1694 978 1722 causa
1036 1693 1040 1741 r

195 1748 335 1805 pertinerent,
352 1747 381 1795 ita
397 1748 462 1794 etiam
478 1759 550 1794 motus
565 1746 662 1804 corporis
678 1765 702 1794 ac
718 1759 791 1804 gestus
806 1766 882 1794 omnes
897 1746 979 1794 ratione
1036 1765 1040 1802 r

195 1821 290 1878 quadam
304 1819 401 1868 adhibita
412 1818 440 1866 ad
451 1818 524 1866 omnia
534 1839 578 1876 que
588 1819 742 1876 pronunciaret
752 1818 904 1866 accomodatos
916 1816 979 1866 lrabe-

197 1905 236 1941 ret.
252 1891 364 1940 Stomachi
380 1909 431 1939 vero
447 1890 584 1944 cruditatem,
600 1910 644 1949 qua
659 1909 816 1949 saepenumero
830 1889 979 1948 torquebatur,

197 1985 221 2013 ea
229 1965 286 2013 vitae
294 1964 443 2013 moderatione
453 1963 565 2022 castigavit
575 1976 600 2011 ut
611 1962 709 2026 quotidie
719 1964 784 2011 certis
792 1962 895 2010 horarum
905 1960 981 2021 spaciis

156 2038 184 2086 25
199 2037 327 2086 ambularet.
337 2036 415 2084 Passus
430 2036 489 2084 enim
503 2048 612 2093 quotquot
627 2034 706 2083 laceret
721 2055 747 2083 ex
756 2035 833 2083 ordine
847 2034 980 2094 numerabat.

198 2110 280 2158 Cibum
288 2128 340 2157 vero
349 2108 372 2156 in
381 2107 417 2156 die
426 2126 474 2157 raro
488 2106 581 2166 amplius
591 2126 657 2166 quam
671 2106 738 2155 semel
748 2126 788 2155 nec
796 2119 847 2155 ante
860 2105 912 2155 solis
921 2125 981 2155 occa·
1040 2101 1047 2173 l

198 2203 254 2238 sum,
270 2183 293 2231 ni
308 2194 394 2239 urgeret
411 2181 503 2235 occasio,
520 2181 651 2229 assumebat.
669 2180 716 2229 Hac
733 2180 823 2239 quidem
839 2180 880 2228 ista
896 2177 981 2228 vivendi
1042 2175 1047 2198 ⁵*

199 2255 310 2304 moderata
324 2266 357 2302 est
372 2254 455 2312 ratione
471 2250 554 2302 lactum
570 2266 595 2302 ut
612 2252 650 2310 qui
667 2251 745 2300 debilis
762 2272 809 2300 esse
825 2252 878 2301 vitio
895 2263 982 2300 naturae

199 2328 284 2382 soleret,
297 2328 315 2375 is
327 2326 390 2374 tortis
403 2337 458 2373 esset
471 2339 492 2374 et
504 2345 560 2384 quos
572 2324 636 2373 vellet
649 2325 742 2373 dicendo
754 2324 838 2373 labores
851 2322 907 2373 lerre
919 2323 983 2372 etiam

156 2401 185 2450 30
200 2420 289 2458 magnos
300 2412 380 2459 posset.
508 2422 510 2426 ·
798 2434 800 2437 <
959 2408 960 2411 ’
1044 2457 1046 2463 χ

243 2474 340 2522 Uxorem
354 2472 426 2530 ampla
442 2492 494 2520 cum
511 2472 562 2519 dote
575 2471 636 2519 ‘istos
653 2489 692 2529 per
709 2471 755 2518 dies
771 2470 898 2518 Terentiam
915 2468 983 2521 duxit,
1044 2466 1047 2540 i

149 2578 151 2580 -
201 2565 257 2603 quae
272 2546 368 2603 primum
378 2563 403 2591 ac
413 2543 492 2601 perdiu
503 2543 536 2590 sui
548 2542 651 2596 studiosa,
663 2554 774 2600 postremo
784 2554 858 2590 autem
868 2553 984 2590 contumax
1046 2545 1047 2548 ’

202 2638 226 2666 ac
242 2630 342 2677 proterva
355 2615 405 2666 tuit.
420 2615 530 2673 Principio
543 2614 633 2674 quidem
651 2615 707 2663 adeo
719 2635 790 2673 usque
802 2615 882 2662 amavit
896 2633 947 2662 eum
960 2622 983 2659 ut

169 2734 171 2736 ,
203 2691 252 2746 sibi,
268 2690 322 2740 dum
336 2702 374 2739 aut
392 2689 534 2738 meditaretur
552 2701 589 2737 aut
608 2687 718 2742 scriberet,
737 2687 850 2736 candelam
872 2703 983 2735 accensam

162 2765 190 2814 35
206 2774 376 2814 manuteneret.

202 2947 234 2992 28.
250 2958 280 2990 est
294 2945 384 3000 raltione)
400 2952 413 2988 ι’.
428 2963 443 2987 r.
