<?xml version="1.0" encoding="UTF-8"?>
<!DOCTYPE html PUBLIC "-//W3C//DTD XHTML 1.0 Transitional//EN"
    "http://www.w3.org/TR/xhtml1/DTD/xhtml1-transitional.dtd">
<html xmlns="http://www.w3.org/1999/xhtml" xml:lang="en" lang="en">
 <head>
  <title>
</title>
<meta http-equiv="Content-Type" content="text/html;charset=utf-8" />
  <meta name='ocr-system' content='tesseract 3.04.00' />
  <meta name='ocr-capabilities' content='ocr_page ocr_carea ocr_par ocr_line ocrx_word'/>
</head>
<body>
  <div class='ocr_page' id='page_1' title='image "MN40033ucmf_2_0196.png"; bbox 0 0 2093 3253; ppageno 0'>
   <div class='ocr_carea' id='block_1_1' title="bbox 132 180 653 228">
    <p class='ocr_par' dir='ltr' id='par_1_1' title="bbox 132 180 653 228">
     <span class='ocr_line' id='line_1_1' title="bbox 132 180 653 228; baseline 0.002 -3"><span class='ocrx_word' id='word_1_1' title='bbox 132 180 169 228; x_wconf 83' lang='grc'><strong>126</strong></span> <span class='ocrx_word' id='word_1_2' title='bbox 432 182 524 225; x_wconf 77' lang='lat' dir='ltr'><strong>sicconis</strong></span> <span class='ocrx_word' id='word_1_3' title='bbox 537 195 653 226; x_wconf 75' lang='lat' dir='ltr'><strong>rousurour</strong></span> 
     </span>
    </p>
   </div>
   <div class='ocr_carea' id='block_1_2' title="bbox 172 306 1032 594">
    <p class='ocr_par' dir='ltr' id='par_1_2' title="bbox 172 306 1035 522">
     <span class='ocr_line' id='line_1_2' title="bbox 172 306 955 366; baseline 0.006 -11"><span class='ocrx_word' id='word_1_4' title='bbox 172 320 208 356; x_wconf 88' lang='lat' dir='ltr'><strong>tur</strong></span> <span class='ocrx_word' id='word_1_5' title='bbox 216 306 353 364; x_wconf 64' lang='lat' dir='ltr'><strong>Prudentius</strong></span> <span class='ocrx_word' id='word_1_6' title='bbox 359 307 451 356; x_wconf 82' lang='lat' dir='ltr'><strong>habetur</strong></span> <span class='ocrx_word' id='word_1_7' title='bbox 458 307 544 363; x_wconf 71' lang='lat' dir='ltr'><strong>Arator,</strong></span> <span class='ocrx_word' id='word_1_8' title='bbox 553 308 776 358; x_wconf 77' lang='lat' dir='ltr'><strong>bomines&#39;Christiani</strong></span> <span class='ocrx_word' id='word_1_9' title='bbox 788 323 809 357; x_wconf 87' lang='lat' dir='ltr'><strong>et</strong></span> <span class='ocrx_word' id='word_1_10' title='bbox 818 310 878 358; x_wconf 88' lang='lat' dir='ltr'><strong>docti</strong></span> <span class='ocrx_word' id='word_1_11' title='bbox 883 311 955 366; x_wconf 73' lang='lat' dir='ltr'><strong>ambo:</strong></span> 
     </span>
     <span class='ocr_line' id='line_1_3' title="bbox 173 379 955 439; baseline 0.003 -11"><span class='ocrx_word' id='word_1_12' title='bbox 173 400 224 428; x_wconf 88' lang='lat' dir='ltr'><strong>cum</strong></span> <span class='ocrx_word' id='word_1_13' title='bbox 238 381 354 439; x_wconf 79' lang='lat' dir='ltr'>imperaret</span> <span class='ocrx_word' id='word_1_14' title='bbox 368 379 538 435; x_wconf 76' lang='lat' dir='ltr'><strong>Valentinianus,</strong></span> <span class='ocrx_word' id='word_1_15' title='bbox 555 400 619 430; x_wconf 91' lang='lat' dir='ltr'><strong>versu</strong></span> <span class='ocrx_word' id='word_1_16' title='bbox 636 381 804 439; x_wconf 78' lang='lat' dir='ltr'>haudquaquam</span> <span class='ocrx_word' id='word_1_17' title='bbox 819 382 904 439; x_wconf 88' lang='lat' dir='ltr'><strong>plebeio</strong></span> <span class='ocrx_word' id='word_1_18' title='bbox 923 384 955 431; x_wconf 88' lang='lat' dir='ltr'><strong>di·</strong></span> 
     </span>
     <span class='ocr_line' id='line_1_4' title="bbox 173 446 1032 522; baseline 0.005 -23"><span class='ocrx_word' id='word_1_19' title='bbox 173 451 223 500; x_wconf 89' lang='lat' dir='ltr'><strong>vina</strong></span> <span class='ocrx_word' id='word_1_20' title='bbox 240 453 379 511; x_wconf 87' lang='lat' dir='ltr'><strong>scripserunt.</strong></span> <span class='ocrx_word' id='word_1_21' title='bbox 1018 446 1032 522; x_wconf 13' lang='grc' dir='ltr'><strong>ΛΑ</strong></span> 
     </span>
    </p>

    <p class='ocr_par' dir='ltr' id='par_1_3' title="bbox 215 525 1032 594">
     <span class='ocr_line' id='line_1_5' title="bbox 215 525 1032 594; baseline 0.006 -20"><span class='ocrx_word' id='word_1_22' title='bbox 215 526 284 574; x_wconf 88' lang='lat' dir='ltr'><strong>Proba</strong></span> <span class='ocrx_word' id='word_1_23' title='bbox 293 547 388 584; x_wconf 82' lang='lat' dir='ltr'><strong>quoque,</strong></span> <span class='ocrx_word' id='word_1_24' title='bbox 393 525 488 584; x_wconf 72' lang='lat' dir='ltr'><strong>Adelphi</strong></span> <span class='ocrx_word' id='word_1_25' title='bbox 497 526 605 585; x_wconf 83' lang='lat' dir='ltr'><strong>magnifici</strong></span> <span class='ocrx_word' id='word_1_26' title='bbox 613 541 635 575; x_wconf 90' lang='lat' dir='ltr'><strong>et</strong></span> <span class='ocrx_word' id='word_1_27' title='bbox 643 528 760 576; x_wconf 84' lang='lat' dir='ltr'><strong>consularis</strong></span> <span class='ocrx_word' id='word_1_28' title='bbox 765 529 805 576; x_wconf 89' lang='lat' dir='ltr'><strong>viri</strong></span> <span class='ocrx_word' id='word_1_29' title='bbox 814 547 875 583; x_wconf 87' lang='lat' dir='ltr'><strong>uxor,</strong></span> <span class='ocrx_word' id='word_1_30' title='bbox 881 528 955 584; x_wconf 86' lang='lat' dir='ltr'><strong>doctos</strong></span> <span class='ocrx_word' id='word_1_31' title='bbox 1018 555 1032 594; x_wconf 72' lang='lat' dir='ltr'><strong>:j</strong></span> 
     </span>
    </p>
   </div>
   <div class='ocr_carea' id='block_1_3' title="bbox 146 599 956 658">
    <p class='ocr_par' dir='ltr' id='par_1_4' title="bbox 146 593 1036 661">
     <span class='ocr_line' id='line_1_6' title="bbox 146 599 956 658; baseline 0.004 -12"><span class='ocrx_word' id='word_1_32' title='bbox 146 599 160 647; x_wconf 84' lang='grc'><strong><em>5</em></strong></span> <span class='ocrx_word' id='word_1_33' title='bbox 176 599 232 647; x_wconf 86' lang='lat' dir='ltr'><strong>inter</strong></span> <span class='ocrx_word' id='word_1_34' title='bbox 244 600 338 651; x_wconf 85' lang='lat' dir='ltr'><strong>virosae</strong></span> <span class='ocrx_word' id='word_1_35' title='bbox 351 611 424 658; x_wconf 88' lang='lat' dir='ltr'><strong>poetas</strong></span> <span class='ocrx_word' id='word_1_36' title='bbox 438 600 577 649; x_wconf 88' lang='lat' dir='ltr'><strong>memoranda</strong></span> <span class='ocrx_word' id='word_1_37' title='bbox 589 601 654 649; x_wconf 86' lang='lat' dir='ltr'><strong>venit.</strong></span> <span class='ocrx_word' id='word_1_38' title='bbox 669 601 755 649; x_wconf 84' lang='lat' dir='ltr'><strong>Litteris</strong></span> <span class='ocrx_word' id='word_1_39' title='bbox 769 601 827 648; x_wconf 91' lang='lat' dir='ltr'><strong>enim</strong></span> <span class='ocrx_word' id='word_1_40' title='bbox 835 614 861 648; x_wconf 89' lang='lat' dir='ltr'><strong>et</strong></span> <span class='ocrx_word' id='word_1_41' title='bbox 875 600 956 649; x_wconf 81' lang='lat' dir='ltr'><strong>Latinis</strong></span> 
     </span>
    </p>
   </div>
   <div class='ocr_carea' id='block_1_4' title="bbox 173 667 956 875">
    <p class='ocr_par' dir='ltr' id='par_1_5' title="bbox 173 667 1037 875">
     <span class='ocr_line' id='line_1_7' title="bbox 173 667 956 732; baseline 0.003 -13"><span class='ocrx_word' id='word_1_42' title='bbox 173 683 195 719; x_wconf 89' lang='lat' dir='ltr'><strong>et</strong></span> <span class='ocrx_word' id='word_1_43' title='bbox 210 670 298 720; x_wconf 88' lang='lat' dir='ltr'><strong>Graecis</strong></span> <span class='ocrx_word' id='word_1_44' title='bbox 313 671 364 720; x_wconf 89' lang='lat' dir='ltr'><strong>haec</strong></span> <span class='ocrx_word' id='word_1_45' title='bbox 378 671 474 730; x_wconf 84' lang='lat' dir='ltr'><strong>praedita</strong></span> <span class='ocrx_word' id='word_1_46' title='bbox 487 670 568 720; x_wconf 76' lang='lat' dir='ltr'><strong>lomina</strong></span> <span class='ocrx_word' id='word_1_47' title='bbox 581 685 651 721; x_wconf 92' lang='lat' dir='ltr'><strong>metro</strong></span> <span class='ocrx_word' id='word_1_48' title='bbox 664 673 758 722; x_wconf 90' lang='lat' dir='ltr'><strong>diversas</strong></span> <span class='ocrx_word' id='word_1_49' title='bbox 772 673 867 731; x_wconf 90' lang='lat' dir='ltr'><strong>primum</strong></span> <span class='ocrx_word' id='word_1_50' title='bbox 875 667 956 732; x_wconf 75' lang='lat' dir='ltr'><strong>¹regum</strong></span> 
     </span>
     <span class='ocr_line' id='line_1_8' title="bbox 174 743 956 803; baseline 0.002 -10"><span class='ocrx_word' id='word_1_51' title='bbox 174 764 236 793; x_wconf 85' lang='lat' dir='ltr'><strong>neces</strong></span> <span class='ocrx_word' id='word_1_52' title='bbox 248 763 273 793; x_wconf 89' lang='lat' dir='ltr'><strong>ac</strong></span> <span class='ocrx_word' id='word_1_53' title='bbox 285 744 383 793; x_wconf 89' lang='lat' dir='ltr'><strong>Romana</strong></span> <span class='ocrx_word' id='word_1_54' title='bbox 395 743 451 793; x_wconf 88' lang='lat' dir='ltr'><strong>bella</strong></span> <span class='ocrx_word' id='word_1_55' title='bbox 463 744 583 803; x_wconf 75' lang='lat' dir='ltr'><strong>descripsit,</strong></span> <span class='ocrx_word' id='word_1_56' title='bbox 600 758 674 803; x_wconf 88' lang='lat' dir='ltr'><strong>postea</strong></span> <span class='ocrx_word' id='word_1_57' title='bbox 692 764 742 794; x_wconf 90' lang='lat' dir='ltr'><strong>vero</strong></span> <span class='ocrx_word' id='word_1_58' title='bbox 754 745 850 794; x_wconf 88' lang='lat' dir='ltr'><strong>divinam</strong></span> <span class='ocrx_word' id='word_1_59' title='bbox 866 746 894 794; x_wconf 87' lang='lat' dir='ltr'><strong>ad</strong></span> <span class='ocrx_word' id='word_1_60' title='bbox 911 765 956 794; x_wconf 89' lang='lat' dir='ltr'><strong>rem</strong></span> 
     </span>
     <span class='ocr_line' id='line_1_9' title="bbox 173 816 955 875; baseline 0.006 -11"><span class='ocrx_word' id='word_1_61' title='bbox 173 835 276 865; x_wconf 89' lang='lat' dir='ltr'><strong>conversa</strong></span> <span class='ocrx_word' id='word_1_62' title='bbox 287 818 378 875; x_wconf 89' lang='lat' dir='ltr'><strong>scriptos</strong></span> <span class='ocrx_word' id='word_1_63' title='bbox 390 816 475 865; x_wconf 92' lang='lat' dir='ltr'><strong>dudum</strong></span> <span class='ocrx_word' id='word_1_64' title='bbox 486 831 535 866; x_wconf 90' lang='lat' dir='ltr'><strong>ante</strong></span> <span class='ocrx_word' id='word_1_65' title='bbox 546 835 620 866; x_wconf 85' lang='lat' dir='ltr'><strong>versus</strong></span> <span class='ocrx_word' id='word_1_66' title='bbox 632 830 653 865; x_wconf 91' lang='lat' dir='ltr'><strong>et</strong></span> <span class='ocrx_word' id='word_1_67' title='bbox 662 818 733 866; x_wconf 81' lang='lat' dir='ltr'><strong>Latini</strong></span> <span class='ocrx_word' id='word_1_68' title='bbox 738 817 840 866; x_wconf 75' lang='lat' dir='ltr'><strong>&#39;Maronis</strong></span> <span class='ocrx_word' id='word_1_69' title='bbox 848 831 870 866; x_wconf 88' lang='lat' dir='ltr'><strong>et</strong></span> <span class='ocrx_word' id='word_1_70' title='bbox 878 817 955 866; x_wconf 88' lang='lat' dir='ltr'><strong>Graeci</strong></span> 
     </span>
    </p>
   </div>
   <div class='ocr_carea' id='block_1_5' title="bbox 174 888 956 948">
    <p class='ocr_par' dir='ltr' id='par_1_6' title="bbox 174 878 1040 948">
     <span class='ocr_line' id='line_1_10' title="bbox 174 888 956 948; baseline 0.003 -12"><span class='ocrx_word' id='word_1_71' title='bbox 174 888 271 942; x_wconf 88' lang='lat' dir='ltr'><strong>Homeri,</strong></span> <span class='ocrx_word' id='word_1_72' title='bbox 281 908 357 937; x_wconf 86' lang='lat' dir='ltr'><strong>eorum</strong></span> <span class='ocrx_word' id='word_1_73' title='bbox 367 909 378 935; x_wconf 93' lang='lat' dir='ltr'><strong>e</strong></span> <span class='ocrx_word' id='word_1_74' title='bbox 388 888 447 936; x_wconf 90' lang='lat' dir='ltr'><strong>libris</strong></span> <span class='ocrx_word' id='word_1_75' title='bbox 457 889 508 946; x_wconf 86' lang='lat' dir='ltr'><strong>hinc</strong></span> <span class='ocrx_word' id='word_1_76' title='bbox 516 902 582 948; x_wconf 83' lang='lat' dir='ltr'><strong>arque</strong></span> <span class='ocrx_word' id='word_1_77' title='bbox 591 891 642 937; x_wconf 86' lang='lat' dir='ltr'><strong>inde</strong></span> <span class='ocrx_word' id='word_1_78' title='bbox 651 891 723 947; x_wconf 81' lang='lat' dir='ltr'><strong>legens</strong></span> <span class='ocrx_word' id='word_1_79' title='bbox 732 910 788 948; x_wconf 85' lang='lat' dir='ltr'><strong>quae</strong></span> <span class='ocrx_word' id='word_1_80' title='bbox 797 909 837 937; x_wconf 90' lang='lat' dir='ltr'><strong>suo</strong></span> <span class='ocrx_word' id='word_1_81' title='bbox 845 889 956 948; x_wconf 83' lang='lat' dir='ltr'><strong>proposito</strong></span> 
     </span>
    </p>
   </div>
   <div class='ocr_carea' id='block_1_6' title="bbox 136 962 1037 1022">
    <p class='ocr_par' dir='ltr' id='par_1_7' title="bbox 136 956 1037 1035">
     <span class='ocr_line' id='line_1_11' title="bbox 136 962 1037 1022; baseline 0.002 -13"><span class='ocrx_word' id='word_1_82' title='bbox 136 964 161 1010; x_wconf 83' lang='grc'><strong>11]</strong></span> <span class='ocrx_word' id='word_1_83' title='bbox 175 963 322 1018; x_wconf 88' lang='lat' dir='ltr'><strong>convenirent,</strong></span> <span class='ocrx_word' id='word_1_84' title='bbox 336 976 397 1013; x_wconf 89' lang='lat' dir='ltr'><strong>tanto</strong></span> <span class='ocrx_word' id='word_1_85' title='bbox 410 964 500 1012; x_wconf 82' lang='lat' dir='ltr'><strong>artificio</strong></span> <span class='ocrx_word' id='word_1_86' title='bbox 514 976 535 1013; x_wconf 93' lang='lat' dir='ltr'><strong>et</strong></span> <span class='ocrx_word' id='word_1_87' title='bbox 549 964 631 1014; x_wconf 88' lang='lat' dir='ltr'><strong>ratione</strong></span> <span class='ocrx_word' id='word_1_88' title='bbox 644 962 736 1022; x_wconf 85' lang='lat' dir='ltr'><strong>collegit,</strong></span> <span class='ocrx_word' id='word_1_89' title='bbox 751 963 869 1017; x_wconf 86' lang='lat' dir='ltr'><strong>coniunxit,</strong></span> <span class='ocrx_word' id='word_1_90' title='bbox 883 962 956 1022; x_wconf 74' lang='lat' dir='ltr'><strong>dispo·v</strong></span> <span class='ocrx_word' id='word_1_91' title='bbox 1023 1000 1037 1004; x_wconf 79' lang='lat'><em>.</em></span> 
     </span>
    </p>
   </div>
   <div class='ocr_carea' id='block_1_7' title="bbox 174 1036 957 1241">
    <p class='ocr_par' dir='ltr' id='par_1_8' title="bbox 174 1036 1041 1241">
     <span class='ocr_line' id='line_1_12' title="bbox 174 1036 957 1097; baseline 0.002 -14"><span class='ocrx_word' id='word_1_92' title='bbox 174 1036 223 1084; x_wconf 91' lang='lat' dir='ltr'><strong>suit.</strong></span> <span class='ocrx_word' id='word_1_93' title='bbox 232 1048 256 1084; x_wconf 87' lang='lat' dir='ltr'><strong>ut</strong></span> <span class='ocrx_word' id='word_1_94' title='bbox 270 1049 346 1095; x_wconf 86' lang='lat' dir='ltr'><strong>poetae</strong></span> <span class='ocrx_word' id='word_1_95' title='bbox 361 1036 391 1084; x_wconf 92' lang='lat' dir='ltr'><strong>illi</strong></span> <span class='ocrx_word' id='word_1_96' title='bbox 406 1057 450 1085; x_wconf 91' lang='lat' dir='ltr'><strong>non</strong></span> <span class='ocrx_word' id='word_1_97' title='bbox 465 1037 535 1086; x_wconf 81' lang='lat' dir='ltr'><strong>dicere</strong></span> <span class='ocrx_word' id='word_1_98' title='bbox 550 1058 606 1097; x_wconf 86' lang='lat' dir='ltr'><strong>quae</strong></span> <span class='ocrx_word' id='word_1_99' title='bbox 616 1037 717 1087; x_wconf 84' lang='lat' dir='ltr'><strong>dixerunt</strong></span> <span class='ocrx_word' id='word_1_100' title='bbox 731 1037 770 1085; x_wconf 89' lang='lat' dir='ltr'><strong>sed</strong></span> <span class='ocrx_word' id='word_1_101' title='bbox 780 1037 853 1085; x_wconf 85' lang='lat' dir='ltr'><strong>divina</strong></span> <span class='ocrx_word' id='word_1_102' title='bbox 863 1036 957 1095; x_wconf 86' lang='lat' dir='ltr'><strong>quadam</strong></span> 
     </span>
     <span class='ocr_line' id='line_1_13' title="bbox 175 1105 957 1168; baseline 0.001 -13"><span class='ocrx_word' id='word_1_103' title='bbox 175 1122 247 1156; x_wconf 90' lang='lat' dir='ltr'><strong>mente</strong></span> <span class='ocrx_word' id='word_1_104' title='bbox 259 1122 280 1156; x_wconf 91' lang='lat' dir='ltr'><strong>et</strong></span> <span class='ocrx_word' id='word_1_105' title='bbox 292 1110 382 1157; x_wconf 88' lang='lat' dir='ltr'><strong>consilio</strong></span> <span class='ocrx_word' id='word_1_106' title='bbox 394 1109 517 1157; x_wconf 87' lang='lat' dir='ltr'><strong>Christiano</strong></span> <span class='ocrx_word' id='word_1_107' title='bbox 529 1105 588 1158; x_wconf 88' lang='lat' dir='ltr'><strong>ducti</strong></span> <span class='ocrx_word' id='word_1_108' title='bbox 601 1109 724 1168; x_wconf 77' lang='lat' dir='ltr'><strong>praedicere</strong></span> <span class='ocrx_word' id='word_1_109' title='bbox 735 1122 859 1157; x_wconf 89' lang='lat' dir='ltr'><strong>sanctorum</strong></span> <span class='ocrx_word' id='word_1_110' title='bbox 871 1122 957 1167; x_wconf 87' lang='lat' dir='ltr'><strong>patrum</strong></span> 
     </span>
     <span class='ocr_line' id='line_1_14' title="bbox 174 1180 957 1241; baseline 0.002 -13"><span class='ocrx_word' id='word_1_111' title='bbox 174 1181 251 1229; x_wconf 87' lang='lat' dir='ltr'><strong>veteris</strong></span> <span class='ocrx_word' id='word_1_112' title='bbox 266 1181 388 1231; x_wconf 83' lang='lat' dir='ltr'><strong>testamenti</strong></span> <span class='ocrx_word' id='word_1_113' title='bbox 404 1191 469 1241; x_wconf 77' lang='lat' dir='ltr'><strong>gesta,</strong></span> <span class='ocrx_word' id='word_1_114' title='bbox 490 1181 566 1231; x_wconf 89' lang='lat' dir='ltr'><strong>mundi</strong></span> <span class='ocrx_word' id='word_1_115' title='bbox 587 1182 717 1231; x_wconf 87' lang='lat' dir='ltr'><strong>creationem</strong></span> <span class='ocrx_word' id='word_1_116' title='bbox 731 1192 797 1241; x_wconf 86' lang='lat' dir='ltr'><strong>atque</strong></span> <span class='ocrx_word' id='word_1_117' title='bbox 816 1180 922 1240; x_wconf 88' lang='lat' dir='ltr'><strong>principia</strong></span> <span class='ocrx_word' id='word_1_118' title='bbox 936 1193 957 1230; x_wconf 89' lang='lat' dir='ltr'><strong>et</strong></span> 
     </span>
    </p>
   </div>
   <div class='ocr_carea' id='block_1_8' title="bbox 175 1253 956 1313">
    <p class='ocr_par' dir='ltr' id='par_1_9' title="bbox 175 1250 1044 1316">
     <span class='ocr_line' id='line_1_15' title="bbox 175 1253 956 1313; baseline -0.002 -11"><span class='ocrx_word' id='word_1_119' title='bbox 175 1274 231 1313; x_wconf 85' lang='lat' dir='ltr'><strong>quae</strong></span> <span class='ocrx_word' id='word_1_120' title='bbox 245 1275 302 1303; x_wconf 88' lang='lat' dir='ltr'><strong>novo</strong></span> <span class='ocrx_word' id='word_1_121' title='bbox 319 1259 448 1304; x_wconf 88' lang='lat' dir='ltr'><strong>testamento</strong></span> <span class='ocrx_word' id='word_1_122' title='bbox 465 1256 603 1304; x_wconf 87' lang='lat' dir='ltr'><strong>continentur</strong></span> <span class='ocrx_word' id='word_1_123' title='bbox 621 1256 704 1304; x_wconf 92' lang='lat' dir='ltr'><strong>domini</strong></span> <span class='ocrx_word' id='word_1_124' title='bbox 722 1256 789 1303; x_wconf 87' lang='lat' dir='ltr'><strong>nostri</strong></span> <span class='ocrx_word' id='word_1_125' title='bbox 809 1255 858 1303; x_wconf 86' lang='lat' dir='ltr'><strong>Iesu</strong></span> <span class='ocrx_word' id='word_1_126' title='bbox 876 1253 956 1303; x_wconf 76' lang='lat' dir='ltr'><strong>Christi</strong></span> 
     </span>
    </p>
   </div>
   <div class='ocr_carea' id='block_1_9' title="bbox 136 1328 1047 1454">
    <p class='ocr_par' dir='ltr' id='par_1_10' title="bbox 136 1323 1047 1454">
     <span class='ocr_line' id='line_1_16' title="bbox 136 1328 1047 1385; baseline -0.002 -10"><span class='ocrx_word' id='word_1_127' title='bbox 136 1329 161 1375; x_wconf 87' lang='grc'><strong>15</strong></span> <span class='ocrx_word' id='word_1_128' title='bbox 177 1328 333 1375; x_wconf 89' lang='lat' dir='ltr'><strong>sanctissimam</strong></span> <span class='ocrx_word' id='word_1_129' title='bbox 341 1329 407 1375; x_wconf 89' lang='lat' dir='ltr'><strong>vitam</strong></span> <span class='ocrx_word' id='word_1_130' title='bbox 415 1341 437 1375; x_wconf 86' lang='lat' dir='ltr'><strong>et</strong></span> <span class='ocrx_word' id='word_1_131' title='bbox 444 1329 584 1382; x_wconf 81' lang='lat' dir='ltr'><strong>nativitatem,</strong></span> <span class='ocrx_word' id='word_1_132' title='bbox 592 1329 730 1375; x_wconf 85' lang='lat' dir='ltr'><strong>durissimam</strong></span> <span class='ocrx_word' id='word_1_133' title='bbox 738 1328 860 1385; x_wconf 84' lang='lat' dir='ltr'><strong>passionem</strong></span> <span class='ocrx_word' id='word_1_134' title='bbox 867 1345 892 1374; x_wconf 85' lang='lat' dir='ltr'><strong>ac</strong></span> <span class='ocrx_word' id='word_1_135' title='bbox 900 1345 957 1374; x_wconf 92' lang='lat' dir='ltr'><strong>mor·</strong></span> <span class='ocrx_word' id='word_1_136' title='bbox 1046 1346 1047 1355; x_wconf 61' lang='lat'>¹</span> 
     </span>
     <span class='ocr_line' id='line_1_17' title="bbox 175 1398 957 1454; baseline -0.001 -8"><span class='ocrx_word' id='word_1_137' title='bbox 175 1406 227 1453; x_wconf 77' lang='lat' dir='ltr'><strong>teni,</strong></span> <span class='ocrx_word' id='word_1_138' title='bbox 236 1399 364 1447; x_wconf 87' lang='lat' dir='ltr'><strong>descensum</strong></span> <span class='ocrx_word' id='word_1_139' title='bbox 373 1399 401 1447; x_wconf 91' lang='lat' dir='ltr'><strong>ad</strong></span> <span class='ocrx_word' id='word_1_140' title='bbox 411 1398 498 1454; x_wconf 78' lang='lat' dir='ltr'><strong>inferos,</strong></span> <span class='ocrx_word' id='word_1_141' title='bbox 509 1400 676 1448; x_wconf 84' lang='lat' dir='ltr'><strong>resurectionem</strong></span> <span class='ocrx_word' id='word_1_142' title='bbox 685 1399 803 1454; x_wconf 86' lang='lat' dir='ltr'><strong>amortuis,</strong></span> <span class='ocrx_word' id='word_1_143' title='bbox 812 1418 925 1446; x_wconf 88' lang='lat' dir='ltr'><strong>ascensum</strong></span> <span class='ocrx_word' id='word_1_144' title='bbox 935 1400 957 1445; x_wconf 86' lang='lat' dir='ltr'><strong>in</strong></span> 
     </span>
    </p>
   </div>
   <div class='ocr_carea' id='block_1_10' title="bbox 105 1471 961 2704">
    <p class='ocr_par' dir='ltr' id='par_1_11' title="bbox 105 1464 1046 2704">
     <span class='ocr_line' id='line_1_18' title="bbox 176 1471 958 1521; baseline -0.002 -2"><span class='ocrx_word' id='word_1_145' title='bbox 176 1471 259 1519; x_wconf 89' lang='lat' dir='ltr'><strong>caelum</strong></span> <span class='ocrx_word' id='word_1_146' title='bbox 273 1492 299 1519; x_wconf 85' lang='lat' dir='ltr'><strong>ex</strong></span> <span class='ocrx_word' id='word_1_147' title='bbox 313 1472 388 1521; x_wconf 88' lang='lat' dir='ltr'><strong>ordine</strong></span> <span class='ocrx_word' id='word_1_148' title='bbox 402 1472 522 1521; x_wconf 85' lang='lat' dir='ltr'><strong>videantur.</strong></span> <span class='ocrx_word' id='word_1_149' title='bbox 537 1472 599 1521; x_wconf 90' lang='lat' dir='ltr'><strong>Hanc</strong></span> <span class='ocrx_word' id='word_1_150' title='bbox 613 1491 664 1521; x_wconf 88' lang='lat' dir='ltr'><strong>vero</strong></span> <span class='ocrx_word' id='word_1_151' title='bbox 678 1473 741 1521; x_wconf 85' lang='lat' dir='ltr'><strong>istam</strong></span> <span class='ocrx_word' id='word_1_152' title='bbox 755 1472 844 1520; x_wconf 89' lang='lat' dir='ltr'><strong>obrem</strong></span> <span class='ocrx_word' id='word_1_153' title='bbox 858 1471 913 1519; x_wconf 91' lang='lat' dir='ltr'><strong>illud</strong></span> <span class='ocrx_word' id='word_1_154' title='bbox 927 1483 958 1518; x_wconf 87' lang='lat' dir='ltr'><strong>est</strong></span> 
     </span>
     <span class='ocr_line' id='line_1_19' title="bbox 176 1543 957 1604; baseline -0.001 -12"><span class='ocrx_word' id='word_1_155' title='bbox 176 1543 257 1593; x_wconf 82' lang='lat' dir='ltr'><strong>lemina</strong></span> <span class='ocrx_word' id='word_1_156' title='bbox 268 1544 321 1592; x_wconf 89' lang='lat' dir='ltr'><strong>haec</strong></span> <span class='ocrx_word' id='word_1_157' title='bbox 333 1545 597 1604; x_wconf 78' lang='lat' dir='ltr'><strong>cognomentum-adepta,</strong></span> <span class='ocrx_word' id='word_1_158' title='bbox 611 1545 671 1604; x_wconf 87' lang='lat' dir='ltr'><strong>quod</strong></span> <span class='ocrx_word' id='word_1_159' title='bbox 683 1544 788 1599; x_wconf 78' lang='lat' dir='ltr'><strong>Centone,</strong></span> <span class='ocrx_word' id='word_1_160' title='bbox 802 1558 827 1592; x_wconf 90' lang='lat' dir='ltr'><strong>ut</strong></span> <span class='ocrx_word' id='word_1_161' title='bbox 838 1543 908 1592; x_wconf 88' lang='lat' dir='ltr'><strong>solent</strong></span> <span class='ocrx_word' id='word_1_162' title='bbox 920 1545 957 1601; x_wconf 85' lang='lat' dir='ltr'><strong>qui</strong></span> 
     </span>
     <span class='ocr_line' id='line_1_20' title="bbox 175 1615 958 1677; baseline -0.003 -12"><span class='ocrx_word' id='word_1_163' title='bbox 175 1615 244 1665; x_wconf 86' lang='lat' dir='ltr'><strong>aliena</strong></span> <span class='ocrx_word' id='word_1_164' title='bbox 255 1629 406 1671; x_wconf 87' lang='lat' dir='ltr'><strong>transmutant,</strong></span> <span class='ocrx_word' id='word_1_165' title='bbox 417 1634 457 1675; x_wconf 90' lang='lat' dir='ltr'><strong>pro</strong></span> <span class='ocrx_word' id='word_1_166' title='bbox 469 1637 547 1676; x_wconf 81' lang='lat' dir='ltr'><strong>magno</strong></span> <span class='ocrx_word' id='word_1_167' title='bbox 558 1638 583 1666; x_wconf 90' lang='lat' dir='ltr'><strong>ac</strong></span> <span class='ocrx_word' id='word_1_168' title='bbox 594 1617 695 1677; x_wconf 81' lang='lat' dir='ltr'><strong>singulari</strong></span> <span class='ocrx_word' id='word_1_169' title='bbox 708 1617 796 1672; x_wconf 83' lang='lat' dir='ltr'><strong>honore,</strong></span> <span class='ocrx_word' id='word_1_170' title='bbox 807 1616 878 1671; x_wconf 86' lang='lat' dir='ltr'><strong>laude,</strong></span> <span class='ocrx_word' id='word_1_171' title='bbox 890 1616 958 1664; x_wconf 82' lang='lat' dir='ltr'><strong>excel-</strong></span> 
     </span>
     <span class='ocr_line' id='line_1_21' title="bbox 135 1689 959 1750; baseline 0 -12"><span class='ocrx_word' id='word_1_172' title='bbox 135 1690 163 1738; x_wconf 80' lang='grc'><strong>20</strong></span> <span class='ocrx_word' id='word_1_173' title='bbox 178 1689 243 1739; x_wconf 86' lang='lat' dir='ltr'><strong>lentia</strong></span> <span class='ocrx_word' id='word_1_174' title='bbox 252 1690 379 1750; x_wconf 80' lang='lat' dir='ltr'><strong>appelletur.</strong></span> <span class='ocrx_word' id='word_1_175' title='bbox 390 1689 434 1739; x_wconf 85' lang='lat' dir='ltr'><strong>Sed</strong></span> <span class='ocrx_word' id='word_1_176' title='bbox 444 1689 477 1739; x_wconf 84' lang='lat' dir='ltr'><strong>his</strong></span> <span class='ocrx_word' id='word_1_177' title='bbox 488 1690 599 1749; x_wconf 85' lang='lat' dir='ltr'><strong>praesidiis</strong></span> <span class='ocrx_word' id='word_1_178' title='bbox 609 1691 641 1740; x_wconf 89' lang='lat' dir='ltr'><strong>uti</strong></span> <span class='ocrx_word' id='word_1_179' title='bbox 651 1709 720 1739; x_wconf 87' lang='lat' dir='ltr'><strong>sacras</strong></span> <span class='ocrx_word' id='word_1_180' title='bbox 730 1690 758 1739; x_wconf 93' lang='lat' dir='ltr'><strong>ad</strong></span> <span class='ocrx_word' id='word_1_181' title='bbox 768 1690 848 1739; x_wconf 83' lang='lat' dir='ltr'><strong>litteras</strong></span> <span class='ocrx_word' id='word_1_182' title='bbox 859 1709 903 1739; x_wconf 93' lang='lat' dir='ltr'><strong>non</strong></span> <span class='ocrx_word' id='word_1_183' title='bbox 913 1689 959 1748; x_wconf 88' lang='lat' dir='ltr'><strong>pla-</strong></span> 
     </span>
     <span class='ocr_line' id='line_1_22' title="bbox 176 1757 957 1821; baseline -0.003 -10"><span class='ocrx_word' id='word_1_184' title='bbox 176 1776 210 1812; x_wconf 88' lang='lat' dir='ltr'><strong>cet</strong></span> <span class='ocrx_word' id='word_1_185' title='bbox 225 1763 366 1821; x_wconf 88' lang='lat' dir='ltr'><strong>Hieronymo,</strong></span> <span class='ocrx_word' id='word_1_186' title='bbox 375 1764 441 1821; x_wconf 70' lang='lat' dir='ltr'><strong>quod</strong></span> <span class='ocrx_word' id='word_1_187' title='bbox 455 1764 487 1813; x_wconf 91' lang='lat' dir='ltr'><strong>vir</strong></span> <span class='ocrx_word' id='word_1_188' title='bbox 501 1764 569 1821; x_wconf 82' lang='lat' dir='ltr'><strong>gravis</strong></span> <span class='ocrx_word' id='word_1_189' title='bbox 584 1778 605 1812; x_wconf 91' lang='lat' dir='ltr'><strong>et</strong></span> <span class='ocrx_word' id='word_1_190' title='bbox 615 1777 702 1813; x_wconf 85' lang='lat' dir='ltr'><strong>sanctus</strong></span> <span class='ocrx_word' id='word_1_191' title='bbox 712 1757 835 1812; x_wconf 84' lang='lat' dir='ltr'><strong>testimonia</strong></span> <span class='ocrx_word' id='word_1_192' title='bbox 846 1763 925 1811; x_wconf 87' lang='lat' dir='ltr'><strong>divinis</strong></span> <span class='ocrx_word' id='word_1_193' title='bbox 935 1764 957 1809; x_wconf 90' lang='lat' dir='ltr'><strong>in</strong></span> 
     </span>
     <span class='ocr_line' id='line_1_23' title="bbox 176 1835 961 1894; baseline -0.001 -12"><span class='ocrx_word' id='word_1_194' title='bbox 176 1835 241 1883; x_wconf 89' lang='lat' dir='ltr'><strong>rebus</strong></span> <span class='ocrx_word' id='word_1_195' title='bbox 252 1856 295 1884; x_wconf 93' lang='lat' dir='ltr'><strong>non</strong></span> <span class='ocrx_word' id='word_1_196' title='bbox 307 1837 404 1894; x_wconf 79' lang='lat' dir='ltr'><strong>gentium</strong></span> <span class='ocrx_word' id='word_1_197' title='bbox 415 1856 426 1883; x_wconf 95' lang='lat' dir='ltr'><strong>e</strong></span> <span class='ocrx_word' id='word_1_198' title='bbox 437 1837 506 1894; x_wconf 90' lang='lat' dir='ltr'><strong>poetis</strong></span> <span class='ocrx_word' id='word_1_199' title='bbox 517 1835 556 1884; x_wconf 86' lang='lat' dir='ltr'><strong>sed</strong></span> <span class='ocrx_word' id='word_1_200' title='bbox 566 1837 632 1884; x_wconf 86' lang='lat' dir='ltr'><strong>veteri</strong></span> <span class='ocrx_word' id='word_1_201' title='bbox 643 1857 655 1883; x_wconf 91' lang='lat' dir='ltr'><strong>e</strong></span> <span class='ocrx_word' id='word_1_202' title='bbox 665 1847 794 1884; x_wconf 89' lang='lat' dir='ltr'><strong>testamento</strong></span> <span class='ocrx_word' id='word_1_203' title='bbox 805 1847 870 1893; x_wconf 83' lang='lat' dir='ltr'><strong>atque</strong></span> <span class='ocrx_word' id='word_1_204' title='bbox 880 1835 961 1882; x_wconf 86' lang='lat' dir='ltr'><strong>sanctis</strong></span> 
     </span>
     <span class='ocr_line' id='line_1_24' title="bbox 105 1901 502 1968; baseline 0.003 -11"><span class='ocrx_word' id='word_1_205' title='bbox 105 1901 106 1905; x_wconf 11' lang='grc' dir='ltr'><strong>Ἰ</strong></span> <span class='ocrx_word' id='word_1_206' title='bbox 154 1933 156 1935; x_wconf 60' lang='grc'>’</span> <span class='ocrx_word' id='word_1_207' title='bbox 177 1930 189 1957; x_wconf 87' lang='lat' dir='ltr'><strong>e</strong></span> <span class='ocrx_word' id='word_1_208' title='bbox 203 1908 300 1967; x_wconf 80' lang='lat' dir='ltr'><strong>patribus</strong></span> <span class='ocrx_word' id='word_1_209' title='bbox 315 1909 420 1958; x_wconf 88' lang='lat' dir='ltr'><strong>sumenda</strong></span> <span class='ocrx_word' id='word_1_210' title='bbox 434 1921 502 1968; x_wconf 87' lang='lat' dir='ltr'><strong>putet.</strong></span> 
     </span>
     <span class='ocr_line' id='line_1_25' title="bbox 219 1980 959 2040; baseline -0.003 -11"><span class='ocrx_word' id='word_1_211' title='bbox 219 1980 326 2030; x_wconf 89' lang='lat' dir='ltr'><strong>Nostrum</strong></span> <span class='ocrx_word' id='word_1_212' title='bbox 337 1984 388 2030; x_wconf 88' lang='lat' dir='ltr'><strong>vero</strong></span> <span class='ocrx_word' id='word_1_213' title='bbox 403 1982 431 2029; x_wconf 84' lang='lat' dir='ltr'><strong>ad</strong></span> <span class='ocrx_word' id='word_1_214' title='bbox 442 1982 578 2040; x_wconf 91' lang='lat' dir='ltr'><strong>propositum</strong></span> <span class='ocrx_word' id='word_1_215' title='bbox 589 1995 664 2040; x_wconf 87' lang='lat' dir='ltr'><strong>poetae</strong></span> <span class='ocrx_word' id='word_1_216' title='bbox 675 1982 748 2030; x_wconf 91' lang='lat' dir='ltr'><strong>locum</strong></span> <span class='ocrx_word' id='word_1_217' title='bbox 758 2001 783 2029; x_wconf 90' lang='lat' dir='ltr'><strong>ac</strong></span> <span class='ocrx_word' id='word_1_218' title='bbox 794 2001 874 2029; x_wconf 91' lang='lat' dir='ltr'><strong>nomen</strong></span> <span class='ocrx_word' id='word_1_219' title='bbox 889 1981 959 2028; x_wconf 92' lang='lat' dir='ltr'><strong>tenuit</strong></span> 
     </span>
     <span class='ocr_line' id='line_1_26' title="bbox 136 2051 959 2112; baseline -0.001 -12"><span class='ocrx_word' id='word_1_220' title='bbox 136 2055 164 2102; x_wconf 84' lang='lat'><strong>25</strong></span> <span class='ocrx_word' id='word_1_221' title='bbox 180 2053 320 2108; x_wconf 82' lang='lat' dir='ltr'><strong>Claudianus,</strong></span> <span class='ocrx_word' id='word_1_222' title='bbox 335 2054 405 2102; x_wconf 89' lang='lat' dir='ltr'><strong>tenuit</strong></span> <span class='ocrx_word' id='word_1_223' title='bbox 419 2053 508 2107; x_wconf 79' lang='lat' dir='ltr'><strong>Alanus,</strong></span> <span class='ocrx_word' id='word_1_224' title='bbox 524 2054 593 2102; x_wconf 92' lang='lat' dir='ltr'><strong>tenuit</strong></span> <span class='ocrx_word' id='word_1_225' title='bbox 609 2052 740 2108; x_wconf 79' lang='lat' dir='ltr'><strong>Gaulredus,</strong></span> <span class='ocrx_word' id='word_1_226' title='bbox 754 2054 792 2112; x_wconf 89' lang='lat' dir='ltr'><strong>qui</strong></span> <span class='ocrx_word' id='word_1_227' title='bbox 803 2065 866 2111; x_wconf 81' lang='lat' dir='ltr'><strong>gente</strong></span> <span class='ocrx_word' id='word_1_228' title='bbox 876 2051 959 2110; x_wconf 76' lang='lat' dir='ltr'><strong>Anglus</strong></span> 
     </span>
     <span class='ocr_line' id='line_1_27' title="bbox 178 2124 959 2185; baseline -0.003 -11"><span class='ocrx_word' id='word_1_229' title='bbox 178 2125 233 2174; x_wconf 84' lang='lat' dir='ltr'><strong>libro</strong></span> <span class='ocrx_word' id='word_1_230' title='bbox 245 2147 289 2174; x_wconf 92' lang='lat' dir='ltr'><strong>uno</strong></span> <span class='ocrx_word' id='word_1_231' title='bbox 301 2126 415 2181; x_wconf 87' lang='lat' dir='ltr'><strong>Poetriam,</strong></span> <span class='ocrx_word' id='word_1_232' title='bbox 428 2145 474 2174; x_wconf 93' lang='lat' dir='ltr'><strong>rem</strong></span> <span class='ocrx_word' id='word_1_233' title='bbox 485 2127 567 2185; x_wconf 85' lang='lat' dir='ltr'><strong>quippe</strong></span> <span class='ocrx_word' id='word_1_234' title='bbox 578 2147 623 2174; x_wconf 92' lang='lat' dir='ltr'><strong>non</strong></span> <span class='ocrx_word' id='word_1_235' title='bbox 634 2126 796 2174; x_wconf 90' lang='lat' dir='ltr'><strong>incommodam</strong></span> <span class='ocrx_word' id='word_1_236' title='bbox 807 2125 916 2180; x_wconf 85' lang='lat' dir='ltr'><strong>studiosis,</strong></span> <span class='ocrx_word' id='word_1_237' title='bbox 929 2124 959 2172; x_wconf 89' lang='lat' dir='ltr'><strong>al-</strong></span> 
     </span>
     <span class='ocr_line' id='line_1_28' title="bbox 177 2199 764 2264; baseline 0 -17"><span class='ocrx_word' id='word_1_238' title='bbox 177 2212 224 2247; x_wconf 89' lang='lat' dir='ltr'><strong>tero</strong></span> <span class='ocrx_word' id='word_1_239' title='bbox 240 2199 341 2264; x_wconf 83' lang='lat' dir='ltr'><strong>Ironiam,</strong></span> <span class='ocrx_word' id='word_1_240' title='bbox 354 2219 408 2258; x_wconf 90' lang='lat' dir='ltr'><strong>opus</strong></span> <span class='ocrx_word' id='word_1_241' title='bbox 421 2200 465 2247; x_wconf 89' lang='lat' dir='ltr'><strong>non</strong></span> <span class='ocrx_word' id='word_1_242' title='bbox 476 2212 560 2258; x_wconf 81' lang='lat' dir='ltr'><strong>gratum</strong></span> <span class='ocrx_word' id='word_1_243' title='bbox 572 2199 676 2259; x_wconf 85' lang='lat' dir='ltr'><strong>pontifici,</strong></span> <span class='ocrx_word' id='word_1_244' title='bbox 689 2199 764 2248; x_wconf 86' lang='lat' dir='ltr'><strong>edidit.</strong></span> 
     </span>
     <span class='ocr_line' id='line_1_29' title="bbox 220 2271 959 2330; baseline -0.004 -9"><span class='ocrx_word' id='word_1_245' title='bbox 220 2271 261 2321; x_wconf 88' lang='lat' dir='ltr'><strong>His</strong></span> <span class='ocrx_word' id='word_1_246' title='bbox 276 2273 381 2330; x_wconf 90' lang='lat' dir='ltr'><strong>posterior</strong></span> <span class='ocrx_word' id='word_1_247' title='bbox 397 2271 522 2321; x_wconf 79' lang='lat' dir='ltr'><strong>Albertinus</strong></span> <span class='ocrx_word' id='word_1_248' title='bbox 540 2272 640 2322; x_wconf 86' lang='lat' dir='ltr'><strong>Musatus</strong></span> <span class='ocrx_word' id='word_1_249' title='bbox 657 2271 707 2322; x_wconf 80' lang='lat' dir='ltr'><strong>luit.</strong></span> <span class='ocrx_word' id='word_1_250' title='bbox 724 2272 838 2321; x_wconf 89' lang='lat' dir='ltr'><strong>Paduanus</strong></span> <span class='ocrx_word' id='word_1_251' title='bbox 855 2271 891 2320; x_wconf 89' lang='lat' dir='ltr'><strong>hic</strong></span> <span class='ocrx_word' id='word_1_252' title='bbox 906 2271 959 2319; x_wconf 88' lang='lat' dir='ltr'><strong>civis</strong></span> 
     </span>
     <span class='ocr_line' id='line_1_30' title="bbox 177 2341 960 2410; baseline -0.001 -19"><span class='ocrx_word' id='word_1_253' title='bbox 177 2344 288 2392; x_wconf 69' lang='lat' dir='ltr'><strong>fortunam</strong></span> <span class='ocrx_word' id='word_1_254' title='bbox 298 2358 367 2392; x_wconf 86' lang='lat' dir='ltr'><strong>aetate</strong></span> <span class='ocrx_word' id='word_1_255' title='bbox 377 2345 447 2409; x_wconf 90' lang='lat' dir='ltr'><strong>prima</strong></span> <span class='ocrx_word' id='word_1_256' title='bbox 457 2357 546 2410; x_wconf 88' lang='lat' dir='ltr'><strong>tenuem</strong></span> <span class='ocrx_word' id='word_1_257' title='bbox 557 2344 639 2398; x_wconf 83' lang='lat' dir='ltr'><strong>habuit;</strong></span> <span class='ocrx_word' id='word_1_258' title='bbox 650 2345 720 2402; x_wconf 89' lang='lat' dir='ltr'><strong>pubes</strong></span> <span class='ocrx_word' id='word_1_259' title='bbox 731 2343 907 2403; x_wconf 83' lang='lat' dir='ltr'><strong>quidemmaiori</strong></span> <span class='ocrx_word' id='word_1_260' title='bbox 919 2341 960 2390; x_wconf 82' lang='lat' dir='ltr'><strong>sub</strong></span> 
     </span>
     <span class='ocr_line' id='line_1_31' title="bbox 137 2415 960 2477; baseline -0.004 -12"><span class='ocrx_word' id='word_1_261' title='bbox 137 2418 166 2465; x_wconf 75' lang='lat'><strong>30</strong></span> <span class='ocrx_word' id='word_1_262' title='bbox 180 2417 282 2475; x_wconf 84' lang='lat' dir='ltr'><strong>magistro</strong></span> <span class='ocrx_word' id='word_1_263' title='bbox 296 2436 349 2476; x_wconf 83' lang='lat' dir='ltr'><strong>quas</strong></span> <span class='ocrx_word' id='word_1_264' title='bbox 363 2416 466 2466; x_wconf 88' lang='lat' dir='ltr'><strong>didicerat</strong></span> <span class='ocrx_word' id='word_1_265' title='bbox 480 2416 560 2466; x_wconf 86' lang='lat' dir='ltr'><strong>litteras</strong></span> <span class='ocrx_word' id='word_1_266' title='bbox 573 2436 651 2477; x_wconf 88' lang='lat' dir='ltr'><strong>pueros</strong></span> <span class='ocrx_word' id='word_1_267' title='bbox 665 2416 747 2466; x_wconf 80' lang='lat' dir='ltr'><strong>docuit.</strong></span> <span class='ocrx_word' id='word_1_268' title='bbox 761 2415 837 2465; x_wconf 92' lang='lat' dir='ltr'><strong>Unum</strong></span> <span class='ocrx_word' id='word_1_269' title='bbox 850 2428 923 2464; x_wconf 88' lang='lat' dir='ltr'><strong>autem</strong></span> <span class='ocrx_word' id='word_1_270' title='bbox 936 2435 960 2462; x_wconf 87' lang='lat' dir='ltr'><strong>ac</strong></span> 
     </span>
     <span class='ocr_line' id='line_1_32' title="bbox 178 2488 960 2547; baseline -0.003 -10"><span class='ocrx_word' id='word_1_271' title='bbox 178 2489 221 2538; x_wconf 85' lang='lat' dir='ltr'><strong>XX</strong></span> <span class='ocrx_word' id='word_1_272' title='bbox 235 2510 303 2539; x_wconf 92' lang='lat' dir='ltr'><strong>annos</strong></span> <span class='ocrx_word' id='word_1_273' title='bbox 319 2503 381 2539; x_wconf 91' lang='lat' dir='ltr'><strong>natus</strong></span> <span class='ocrx_word' id='word_1_274' title='bbox 396 2502 480 2547; x_wconf 89' lang='lat' dir='ltr'><strong>patrem</strong></span> <span class='ocrx_word' id='word_1_275' title='bbox 494 2490 572 2544; x_wconf 90' lang='lat' dir='ltr'><strong>amisit,</strong></span> <span class='ocrx_word' id='word_1_276' title='bbox 591 2503 659 2538; x_wconf 90' lang='lat' dir='ltr'><strong>matre</strong></span> <span class='ocrx_word' id='word_1_277' title='bbox 673 2488 751 2544; x_wconf 87' lang='lat' dir='ltr'><strong>vetula,</strong></span> <span class='ocrx_word' id='word_1_278' title='bbox 767 2508 839 2537; x_wconf 91' lang='lat' dir='ltr'><strong>sorore</strong></span> <span class='ocrx_word' id='word_1_279' title='bbox 854 2488 960 2547; x_wconf 88' lang='lat' dir='ltr'><strong>septenni,</strong></span> 
     </span>
     <span class='ocr_line' id='line_1_33' title="bbox 178 2560 960 2620; baseline -0.003 -11"><span class='ocrx_word' id='word_1_280' title='bbox 178 2563 264 2610; x_wconf 90' lang='lat' dir='ltr'><strong>duobus</strong></span> <span class='ocrx_word' id='word_1_281' title='bbox 273 2561 375 2611; x_wconf 69' lang='lat' dir='ltr'><strong>iratribus</strong></span> <span class='ocrx_word' id='word_1_282' title='bbox 385 2563 457 2620; x_wconf 87' lang='lat' dir='ltr'><strong>pueris</strong></span> <span class='ocrx_word' id='word_1_283' title='bbox 467 2582 541 2610; x_wconf 84' lang='lat' dir='ltr'><strong>secum</strong></span> <span class='ocrx_word' id='word_1_284' title='bbox 550 2563 612 2611; x_wconf 86' lang='lat' dir='ltr'><strong>vivis.</strong></span> <span class='ocrx_word' id='word_1_285' title='bbox 622 2560 673 2611; x_wconf 86' lang='lat' dir='ltr'><strong>Erat</strong></span> <span class='ocrx_word' id='word_1_286' title='bbox 682 2560 779 2611; x_wconf 76' lang='lat' dir='ltr'><strong>liherales</strong></span> <span class='ocrx_word' id='word_1_287' title='bbox 788 2561 816 2609; x_wconf 92' lang='lat' dir='ltr'><strong>ad</strong></span> <span class='ocrx_word' id='word_1_288' title='bbox 825 2573 880 2609; x_wconf 84' lang='lat' dir='ltr'><strong>artes</strong></span> <span class='ocrx_word' id='word_1_289' title='bbox 890 2560 960 2619; x_wconf 86' lang='lat' dir='ltr'><strong>philo·</strong></span> 
     </span>
     <span class='ocr_line' id='line_1_34' title="bbox 178 2629 960 2704; baseline -0.005 -21"><span class='ocrx_word' id='word_1_290' title='bbox 178 2629 320 2694; x_wconf 84' lang='lat' dir='ltr'><strong>sophiamque</strong></span> <span class='ocrx_word' id='word_1_291' title='bbox 333 2656 358 2683; x_wconf 91' lang='lat' dir='ltr'><strong>ac</strong></span> <span class='ocrx_word' id='word_1_292' title='bbox 372 2634 501 2683; x_wconf 88' lang='lat' dir='ltr'><strong>medicinam</strong></span> <span class='ocrx_word' id='word_1_293' title='bbox 515 2636 592 2683; x_wconf 91' lang='lat' dir='ltr'><strong>iturus.</strong></span> <span class='ocrx_word' id='word_1_294' title='bbox 607 2634 643 2683; x_wconf 89' lang='lat' dir='ltr'><strong>Sic</strong></span> <span class='ocrx_word' id='word_1_295' title='bbox 657 2636 715 2683; x_wconf 89' lang='lat' dir='ltr'><strong>enim</strong></span> <span class='ocrx_word' id='word_1_296' title='bbox 729 2647 801 2682; x_wconf 91' lang='lat' dir='ltr'><strong>mente</strong></span> <span class='ocrx_word' id='word_1_297' title='bbox 815 2647 923 2704; x_wconf 82' lang='lat' dir='ltr'><strong>statuerat,</strong></span> <span class='ocrx_word' id='word_1_298' title='bbox 939 2633 960 2680; x_wconf 90' lang='lat' dir='ltr'><strong>ni</strong></span> 
     </span>
    </p>
   </div>
   <div class='ocr_carea' id='block_1_11' title="bbox 190 2794 717 2841">
    <p class='ocr_par' dir='ltr' id='par_1_12' title="bbox 190 2794 717 2841">
     <span class='ocr_line' id='line_1_35' title="bbox 190 2794 717 2841; baseline 0.002 -9"><span class='ocrx_word' id='word_1_299' title='bbox 190 2795 206 2832; x_wconf 81' lang='grc'><strong>4.</strong></span> <span class='ocrx_word' id='word_1_300' title='bbox 221 2794 259 2832; x_wconf 81' lang='lat' dir='ltr'><strong>lsid.</strong></span> <span class='ocrx_word' id='word_1_301' title='bbox 271 2795 325 2841; x_wconf 73' lang='lat' dir='ltr'><strong>Etym.</strong></span> <span class='ocrx_word' id='word_1_302' title='bbox 338 2796 350 2833; x_wconf 85' lang='grc' dir='ltr'><strong>Ι.</strong></span> <span class='ocrx_word' id='word_1_303' title='bbox 364 2795 425 2833; x_wconf 79' lang='grc'>39-26.</span> <span class='ocrx_word' id='word_1_304' title='bbox 475 2796 503 2832; x_wconf 82' lang='grc'><strong>21.</strong></span> <span class='ocrx_word' id='word_1_305' title='bbox 517 2796 563 2838; x_wconf 78' lang='lat' dir='ltr'><strong>Vulg-</strong></span> <span class='ocrx_word' id='word_1_306' title='bbox 576 2794 632 2839; x_wconf 67' lang='lat' dir='ltr'><strong>Prot.</strong></span> <span class='ocrx_word' id='word_1_307' title='bbox 645 2796 717 2834; x_wconf 74' lang='lat' dir='ltr'><strong>Paulino.</strong></span> 
     </span>
    </p>
   </div>
   <div class='ocr_carea' id='block_1_12' title="bbox 192 2957 652 3015">
    <p class='ocr_par' dir='ltr' id='par_1_13' title="bbox 192 2957 652 3015">
     <span class='ocr_line' id='line_1_36' title="bbox 192 2957 652 3015; baseline 0 -12"><span class='ocrx_word' id='word_1_308' title='bbox 192 2957 224 3003; x_wconf 83' lang='lat'><strong>29.</strong></span> <span class='ocrx_word' id='word_1_309' title='bbox 239 2958 340 3015; x_wconf 87' lang='lat' dir='ltr'><strong>(qui)dem</strong></span> <span class='ocrx_word' id='word_1_310' title='bbox 353 2959 422 3004; x_wconf 88' lang='lat' dir='ltr'><strong>maiori</strong></span> <span class='ocrx_word' id='word_1_311' title='bbox 432 2960 469 3004; x_wconf 88' lang='lat' dir='ltr'><strong>sub</strong></span> <span class='ocrx_word' id='word_1_312' title='bbox 484 2959 594 3014; x_wconf 73' lang='lat' dir='ltr'><strong>mlagistro)</strong></span> <span class='ocrx_word' id='word_1_313' title='bbox 608 2965 622 3003; x_wconf 84' lang='grc' dir='ltr'><strong>ι’.</strong></span> <span class='ocrx_word' id='word_1_314' title='bbox 636 2978 652 3004; x_wconf 89' lang='lat' dir='ltr'><strong>r.</strong></span> 
     </span>
    </p>
   </div>
   <div class='ocr_carea' id='block_1_13' title="bbox 0 0 1061 3253">
    <p class='ocr_par' dir='ltr' id='par_1_14' title="bbox 0 0 1061 3253">
     <span class='ocr_line' id='line_1_37' title="bbox 0 0 1061 3253; baseline 0 0"><span class='ocrx_word' id='word_1_315' title='bbox 0 0 1061 3253; x_wconf 95' lang='lat' dir='ltr'><strong> </strong></span> 
     </span>
    </p>
   </div>
  </div>
 </body>
</html>
