2093 3253
259 196 390 229 scmmonum
405 197 530 229 ntusmrum
543 209 557 214 -
571 197 629 228 mam
642 197 687 229 xm.
842 184 878 230 371

99 312 218 366 tumeliam,
227 304 369 370 ignominiam
379 311 513 361 cavillabant.
523 312 651 361 Ciceronem
662 331 720 367 vero,
729 326 753 361 ut
763 326 808 361 tam
818 313 885 362 absti-

60 408 62 410 ’
100 399 175 435 nenter
189 398 278 445 tamque
302 385 413 434 mansuete
436 405 461 433 ac
476 386 569 444 benigne
592 386 721 444 gubernaret
744 387 885 445 provinciam,

99 459 228 514 adducebat,
244 480 296 515 non,
307 471 331 508 ut
342 458 512 507 criminabantur
523 459 589 517 Appii
600 457 703 514 fautores,
715 459 821 518 malignus
836 480 885 519 erga

99 533 198 591 Appium
210 533 308 597 animus,v
316 551 392 581 verum
405 551 460 590 quae
473 551 511 581 sua
524 545 579 589 esset
593 545 669 582 natura
679 553 704 582 ac
715 553 800 592 semper
810 533 886 583 luisset

74 607 86 656 5
102 605 199 654 modesta
214 605 349 654 consuetudo
365 604 459 653 vivendi.
476 604 564 664 Quippe
579 607 692 654 institutus
707 606 735 654 ab
751 605 841 656 infantia
856 608 885 656 ita

100 692 144 727 erat
159 678 220 737 quod
234 692 296 736 rapto
313 679 391 732 vivere,
410 678 531 735 obturgere‚
543 681 681 728 contemnere
698 701 831 738 quemquam
844 681 885 729 sibi

100 771 167 810 quarn
179 750 271 798 maxime
288 750 417 808 displiceret.
428 750 572 798 adducebant
583 751 663 800 laudati
675 772 744 800 mores
755 766 777 801 et
787 754 885 802 instituta

101 824 214 878 maiorum,
228 823 266 882 qui
280 824 386 872 rationem
399 844 443 871 non
456 843 518 871 suam
532 823 597 871 morlo
610 843 686 872 verum
699 821 764 873 etiam
776 826 885 875 sociorum

101 896 223 947 habendam
235 916 281 945 esse
292 910 411 945 censerent.
423 896 567 945 Adducebant
579 897 616 955 qui
629 898 672 946 iam
683 909 743 946 erant
754 896 782 945 ab
794 917 820 945 eo
835 897 884 962 libri

62 973 88 1021 10
103 970 130 1019 de
145 970 177 1018 Re
191 969 280 1019 Publica
296 971 377 1029 scripti.
395 970 441 1019 Hos
458 970 589 1029 nanque'ob
605 971 697 1029 scriptos
713 970 779 1019 libros
795 971 894 1029 putabat,

101 1044 183 1090 nemini
193 1044 292 1090 omnium
301 1044 324 1090 in
334 1044 364 1090 rei
374 1043 473 1101 publicae
483 1043 638 1100 gubernatione
645 1043 709 1090 licere
717 1035 806 1101 peccare
814 1045 885 1091 minus

101 1135 167 1174 quam
182 1114 230 1170 sibi,
242 1114 302 1173 quod
312 1114 392 1165 multos
402 1115 522 1173 ignorantia
532 1128 648 1170 excusaret,
660 1115 706 1174 ipse
715 1129 789 1165 autem
799 1115 885 1165 docuis=

101 1202 133 1237 set
141 1188 231 1247 imperia
241 1188 310 1247 parari
319 1189 391 1244 armis,
401 1188 440 1237 sed
448 1187 584 1245 abstinentia,
591 1187 733 1250 benignitate,
744 1188 827 1237 iusticia
835 1189 886 1238 reti·

102 1264 205 1315 neri‚.nec
215 1280 238 1309 re
247 1262 290 1309 ulla
299 1261 384 1309 {acilius
393 1282 460 1320 quam
469 1262 579 1309 beneficiis
589 1274 610 1309 et
619 1262 751 1319 populorum
760 1262 885 1326 benivolen-

64 1333 88 1383 15
103 1334 133 1381 tia
147 1334 277 1382 conservari.

144 1406 223 1465 Neque
237 1412 288 1456 vero
302 1406 395 1466 amplius
411 1407 529 1466 quicquam
543 1407 572 1455 ad
587 1407 725 1456 retinendam
738 1408 761 1456 in
776 1407 820 1456 fide
835 1426 885 1466 pro·

102 1480 195 1528 vinciam
210 1479 251 1528 sibi
266 1500 316 1528 mox
331 1480 458 1538 urgentibus
472 1480 556 1528 Parthis
571 1499 638 1539 quam
652 1480 704 1528 haec
718 1481 758 1529 ista
773 1500 839 1539 quam
853 1493 886 1529 te-

103 1552 150 1600 nuit
164 1552 299 1610 gubernandi
314 1553 368 1600 ratio
382 1546 471 1611 proluit.
481 1552 562 1600 Eorum
571 1572 657 1611 nanque
665 1553 756 1601 nimiam
765 1553 797 1601 ob
811 1570 886 1611 super-

102 1625 168 1680 biam,
181 1626 301 1681 avariciam,
315 1625 465 1674 crudelitatem
477 1625 515 1685 qui
528 1626 587 1674 missi
600 1645 613 1673 a
625 1638 701 1674 senatu
714 1638 735 1674 et
747 1625 830 1685 populo
843 1625 886 1673 Ro-

62 1698 90 1748 20
105 1720 169 1748 mano
184 1697 243 1749 illam
257 1698 390 1758 provinciam
402 1698 529 1759 tenuissent,
543 1698 662 1749 exacerbati
676 1711 736 1749 erant
749 1697 824 1759 populi
837 1719 887 1758 spe·

89 1781 148 1828 ‘que'
160 1770 278 1819 rebellandi
293 1772 321 1820 ad
336 1772 432 1826 Parthos,
448 1772 543 1819 nominis
558 1772 650 1819 Romani
666 1772 745 1826 hostes,
760 1771 835 1820 audito
850 1792 886 1820 eo·

103 1862 152 1892 rum
161 1843 256 1893 adventu
264 1843 348 1892 animos
358 1842 501 1893 declinabant.
511 1842 556 1892 Sed
565 1842 639 1893 lenivit
649 1863 685 1893 eos
695 1842 772 1893 Cicero
782 1843 886 1893 modestia

103 1929 124 1965 et
138 1918 240 1966 comitate
253 1935 292 1966 sua
307 1938 387 1977 eosque
398 1918 426 1966 ad
437 1917 529 1966 Romani
540 1917 625 1976 imperii
637 1917 737 1966 stabilem
748 1917 814 1966 fidem
825 1917 886 1966 beni·

103 1990 263 2048 valentiamque
278 1990 370 2040 reduxit.
393 1990 481 2048 Quippe
503 2009 583 2039 nomen
605 1989 716 2039 Ciceronis
739 2010 842 2048 magnum
863 2010 888 2039 ac

62 2061 95 2109 25
105 2060 245 2120 splendidum
260 2062 320 2121 apud
337 2061 415 2110 Cilices
432 2061 568 2122 populosque
584 2082 609 2110 ac
626 2081 686 2120 reges
702 2062 806 2111 finitimos
823 2061 888 2112 lacie-

87 2149 89 2151 ’
104 2133 156 2181 bant
170 2134 218 2182 ista.
231 2134 315 2182 Mirum
326 2134 392 2181 etiarn
402 2134 425 2181 in
437 2134 528 2200 modum
539 2134 585 2182 eius
597 2133 725 2192 dignitatem
735 2134 827 2193 augebat
838 2155 887 2194 pas·

103 2208 145 2256 sim
156 2206 284 2267 'pervulgata
297 2206 355 2256 lama
369 2208 441 2267 ipsum
455 2228 501 2256 esse
515 2207 577 2257 illurn
591 2208 629 2267 qui
644 2207 720 2256 consul
734 2208 756 2256 in
770 2220 826 2267 toga,
841 2208 887 2257 sine

103 2281 175 2335 armis,
191 2281 237 2328 sine
257 2280 353 2329 tumultu
372 2280 450 2329 urbem
469 2293 534 2340 atque
554 2300 601 2328 rem
619 2280 731 2337 publicam
750 2301 762 2329 e
781 2279 887 2329 Catilinae

104 2352 204 2400 manibus
219 2351 337 2400 liberasset.
355 2352 423 2410 lgitur
438 2352 467 2400 ad
482 2352 597 2400 visendum
613 2372 670 2407 eum,
687 2351 738 2400 curn
754 2353 888 2411 provinciam

63 2422 91 2471 30
106 2437 234 2482 peragraret,
249 2445 293 2474 non
307 2425 373 2473 modo
387 2424 514 2485 laudiceae,
528 2425 644 2484 Apameae,
658 2424 759 2479 Sinodis,
768 2424 888 2479 Philomeli,
904 2463 906 2468 ,

106 2497 173 2551 lconi,
188 2517 244 2555 quae
259 2510 309 2546 sunt
320 2498 443 2555 provinciae
454 2499 541 2555 oppida,
553 2517 630 2546 verum
640 2518 773 2557 quocunque
783 2510 888 2555 pergeret,

104 2568 170 2618 veluti
184 2564 250 2619 deum
263 2569 373 2628 quendam
386 2570 409 2617 in
421 2570 490 2624 terris,
504 2570 619 2618 hominum
632 2569 750 2619 multitudo
763 2570 864 2619 omnibus
877 2590 890 2618 e

103 2642 167 2698 villis,
184 2664 196 2692 e
211 2642 311 2697 castellis,
328 2643 451 2691 civitatibus
467 2642 590 2692 confluebat
607 2654 727 2701 manusque
742 2663 767 2691 ac
783 2663 847 2691 voces
862 2642 891 2690 ad

104 2715 188 2764 caelum
200 2735 241 2774 pro
252 2717 298 2764 eius
310 2715 378 2764 salute
390 2728 539 2775 perpetuoque
550 2737 576 2764 ac
587 2715 644 2765 felici
656 2728 713 2764 statu
730 2716 822 2764 Romani
847 2717 889 2764 irn-

63 2785 91 2834 35
106 2789 160 2846 perii
176 2788 279 2844 elevabat,
296 2789 357 2847 quod
372 2789 405 2838 vir
420 2810 466 2837 esse
482 2790 529 2847 ipse
544 2789 654 2838 videretur
669 2810 726 2837 unus
742 2789 780 2848 qui
796 2801 852 2837 esset
865 2809 892 2837 ex

65 2904 207 2914 Ἢ...

107 2970 123 3015 1.
137 2972 167 3018 Ex
182 2971 292 3018 cavilabant
304 2989 353 3017 corr.
407 2972 427 3016 2.
441 2972 471 3017 Ex
484 2972 594 3025 gubernare
606 2989 655 3017 corr.
710 2971 730 3016 6.
744 2971 775 3017 Ex
787 2981 829 3016 rato
840 2989 890 3017 corr.
