2093 3253
141 487 249 536 Srccorus
264 486 395 536 Porturour
413 486 481 535 Lrarx
497 485 644 535 Scmrronuu
663 485 800 534 lmusrruuu

182 573 282 621 Lxrruxa
298 572 402 622 Lrucuxc
417 571 439 620 X
454 571 561 620 Exmcn
577 587 603 619 ar
620 571 708 620 lucrrrr
723 570 755 619 xl

259 652 289 708 xo'
304 659 390 708 Futura
405 659 548 708 Potvoonuu
565 658 681 708 Frucnue

142 866 261 915 Consulem
271 866 408 924 designatum
418 865 547 913 Ciceronem
556 885 626 913 annus
637 867 724 914 maximi
734 878 755 930 et
765 866 852 914 honoris
863 877 884 912 et

98 939 176 987 laboris
188 938 280 995 excepit.
293 937 329 985 Sic
341 939 400 985 enim
412 939 519 984 humanae
530 936 635 984 falluntur
646 957 702 994 spes,
711 930 737 985 ut
748 936 792 995 quo
803 939 826 984 in
835 938 885 985 loco

97 1031 143 1060 esse
151 1010 200 1070 plus
209 1010 289 1069 gloriae
296 1029 321 1059 ac
330 1010 440 1069 dignitatis
449 1022 534 1068 putent,
543 1010 565 1057 in
574 1030 600 1058 eo
609 1010 681 1058 minus
690 1011 738 1066 ocii,
748 1003 813 1069 pacis,
823 1011 884 1069 quie-

97 1085 125 1134 tis
140 1084 258 1134 inveniant.
273 1082 333 1132 Tum
347 1083 438 1142 quidem
451 1082 504 1135 loris
519 1082 634 1142 tranquille
649 1101 682 1132 res
697 1097 757 1133 erant
772 1084 810 1145 sed
825 1084 884 1132 domi

71 1160 84 1209 5
99 1157 203 1207 factiones
213 1156 294 1206 civium
304 1156 376 1206 omnia
386 1149 548 1215 perturbarunt.
561 1156 611 1215 Ipso
621 1176 707 1217 nanque
717 1158 768 1229 anni
778 1157 885 1216 principio

98 1231 174 1279 incidit
189 1229 266 1278 Cicero
277 1229 300 1278 in
312 1229 382 1288 legem
393 1230 505 1287 agrariam
517 1229 594 1278 incidit
605 1230 628 1278 in
640 1229 695 1279 filios
707 1231 885 1289 proscriptorum

67 1355 68 1359 ,
97 1303 173 1352 incidit
184 1303 207 1350 in
218 1302 390 1350 coniurationem
401 1301 513 1357 Catilinae,
526 1323 581 1360 quae
593 1323 632 1350 suo
644 1302 734 1351 consilio
752 1316 817 1368 atque
832 1320 885 1362 pru*

98 1377 196 1426 dentiae
210 1376 292 1425 cervice
306 1375 415 1426 bonorum
429 1376 510 1425 civium
524 1396 549 1425 ac
563 1377 593 1425 rei
608 1375 707 1435 publicae
721 1373 783 1436 pulsa
796 1376 884 1427 tandem

97 1451 199 1498 suumin
214 1461 279 1506 caput
295 1461 361 1508 atque
377 1450 496 1506 perniciem
513 1449 669 1496 redundarunt.
716 1476 718 1478 ·
767 1472 769 1474 ·

60 1526 84 1573 lO
101 1527 103 1529 ’
141 1522 220 1572 Statim
234 1521 300 1579 igitur
310 1533 335 1571 ut
347 1521 471 1579 designatus
483 1533 515 1570 est
526 1520 609 1576 consul,
621 1541 672 1569 cum
684 1523 734 1571 novi
746 1522 822 1571 dietim
834 1542 883 1571 exo·

97 1598 133 1644 riri
149 1596 177 1644 ad
192 1594 362 1654 perturbandam
377 1613 424 1643 rem
439 1594 549 1653 publicam
567 1594 693 1643 audirentur
712 1608 783 1644 motus
798 1596 842 1654 qui
863 1609 884 1644 et

97 1671 170 1728 ipsu'm
184 1682 206 1717 et
221 1681 315 1716 caeteros
331 1669 368 1726 qui
384 1669 414 1716 rei
430 1667 529 1725 publicae
543 1668 672 1722 libertatem,
687 1688 775 1726 pacem,
789 1670 884 1727 quietem

97 1734 301 1791 amarent'attentos
316 1740 418 1795 lacerent,
430 1735 558 1794 excitarent,
575 1739 710 1789 stimularent
725 1754 749 1790 ut
764 1733 883 1801 vigilarent,

97 1827 203 1868 curarent,
217 1825 317 1861 caverent
330 1834 357 1861 ne
370 1813 425 1871 quid
437 1813 561 1860 detrimenti
575 1832 608 1860 res
621 1812 708 1871 publica
721 1827 837 1872 pateretur,
851 1816 884 1862 ni-

60 1887 84 1938 l5
100 1887 130 1936 bil
143 1907 189 1936 esse
202 1887 262 1946 prius
275 1886 396 1934 curandum
409 1886 539 1935 existimavit
552 1907 618 1944 quam
631 1886 768 1938 reconciliare
780 1886 884 1947 collegam

98 1961 237 2018 eundemque
251 1960 281 2007 ita
290 1959 375 2017 placare
384 1980 409 2007 ac
419 1960 542 2018 propicium
552 1958 622 2007 lacere
631 1958 659 2007 ut
666 1960 738 2018 ipsum
748 1961 771 2008 in
780 1961 884 2009 adminis-

99 2033 176 2082 tranda
191 2050 214 2081 re
230 2031 324 2090 publica,
337 2033 358 2081 si
375 2052 419 2081 non
435 2031 564 2086 adiutorem,
581 2032 656 2080 saltem
672 2038 715 2081 non
734 2033 883 2095 adversantem

98 2107 193 2156 haberet.
203 2103 281 2166 Neque
290 2124 340 2155 vero
349 2123 382 2154 res
391 2105 513 2165 spernenda
522 2118 573 2162 erat,
580 2118 630 2154 tum
644 2106 703 2165 quod
716 2105 779 2156 illum
791 2105 883 2156 Catilina

97 2181 195 2229 traxisset
210 2180 253 2227 iam
268 2180 291 2227 in
306 2192 389 2237 partem
409 2199 477 2234 suam,
497 2192 546 2227 tum
565 2180 625 2237 quod
644 2180 739 2237 plebem
750 2181 784 2229 lex
802 2183 883 2239 agraria

57 2254 84 2300 20
98 2254 187 2310 agitaret
201 2271 241 2305 nec
256 2252 319 2309 pauci
330 2264 401 2298 essent
411 2271 423 2298 e
433 2251 546 2305 nobilitate
555 2263 654 2309 potentes
665 2265 686 2299 et
697 2254 768 2310 magni
779 2254 835 2300 cives
845 2254 882 2311 qui

97 2325 268 2384 proscriptorum
283 2318 386 2379 filioss‘ut
401 2345 423 2373 se
438 2324 521 2373 restitui
537 2337 642 2383 peterent,
658 2324 778 2381 incitarent,
794 2325 883 2384 quidam

97 2399 162 2446 etiam
173 2397 247 2455 cupidi
259 2416 331 2445 rerum
343 2417 448 2446 novarum
459 2410 531 2445 essent
542 2418 582 2445 nec
593 2398 676 2445 avidius
689 2399 884 2457 quicquaquuam

97 2469 217 2527 perturbari
233 2470 306 2517 omnia
320 2489 346 2517 ac
360 2470 427 2518 everti
443 2486 490 2517 rem
506 2469 617 2526 publicam
632 2483 775 2527 expectarent.
791 2470 884 2520 Proinde

97 2542 123 2590 C.
139 2542 267 2595 Antonium,
283 2542 321 2599 qui
336 2562 390 2596 esse,
405 2542 437 2589 uti
453 2554 507 2595 erat„
522 2542 637 2599 perniciosi
652 2543 718 2590 animi
733 2563 758 2590 ac
773 2550 886 2600 suspectae

56 2614 82 2664 25
97 2614 148 2664 fidei
157 2615 278 2670 videbatur,
287 2615 394 2675 imprimis
403 2634 515 2674 aggressus
524 2628 556 2663 est
564 2614 642 2664 Cicero
650 2636 690 2664 nec
699 2615 804 2665 solicitare
813 2616 884 2667 bomi-

97 2710 147 2737 nem
162 2689 226 2738 desiit
240 2709 292 2737 cum
304 2688 389 2737 blandis
402 2689 473 2738 verbis
486 2702 534 2737 tum
547 2690 611 2746 gratis
624 2710 649 2737 ac
661 2689 724 2738 bonis
737 2689 799 2739 lactis
811 2692 884 2748 quoad

81 2877 101 2923 2.
115 2896 160 2932 spes
169 2884 236 2923 statim
247 2897 270 2924 ex
280 2879 402 2934 re(s?).corr.
453 2880 472 2924 9.
484 2896 544 2923 suum
554 2886 567 2924 i.
578 2897 601 2930 r.;
611 2888 653 2923 erut
664 2879 748 2925 ineius„
796 2880 825 2925 tt.
836 2899 884 2928 exo·

56 2944 138 2997 ririeex
151 2964 197 2990 sscr.
255 2945 284 2990 15.
299 2946 436 3002 exi(stimavit)
450 2952 464 2990 ι’.
479 2965 494 2990 r.
532 2945 582 2990 vl5.
597 2945 722 2991 reconciliare
736 2952 748 2991 ι’.
762 2965 779 2991 r.
