2093 3253
134 251 135 254 Ἴ
157 193 184 237 38
454 203 549 234 sicconis
566 202 686 234 rorrnronr
751 210 752 214 =

196 320 228 381 ob
239 320 324 368 varium
334 319 425 372 cultum,
438 317 498 377 quod
508 318 555 376 ipse
566 318 691 376 posterique
702 318 735 367 sui
747 317 814 366 deum
825 318 877 366 caeli
889 318 959 366 colere

160 441 162 444 ,
201 392 339 456 eundemque
349 411 419 440 unum
431 391 497 439 modo
508 410 554 439 esse
566 391 669 445 dicerent,
680 391 716 439 alii
727 389 778 439 itero
789 390 841 439 deos
853 391 926 449 plures
937 410 970 438 ess

192 477 307 523 putarent,
327 465 422 513 divisum
440 463 475 511 sit.
494 463 567 512 Taceo
588 464 671 518 lsaiam,
690 476 751 513 taceo
767 462 907 518 Hieremiam,
923 475 983 512 taceo

160 578 162 582 Α
202 537 274 586 David
281 538 363 598 ,etsqui
372 537 432 585 omni
442 535 484 586 tuit
494 536 601 596 sapientia
608 537 884 596 praeditussSalomonem:
894 537 985 586 Possent

174 612 186 660 5
202 610 244 660 hoc
253 611 301 660 loco
310 609 427 671 prophetae
436 611 542 659 nominari
551 610 681 669 complures
687 610 768 669 quibus
775 623 861 659 tantum
868 610 985 668 sapientiae

163 725 164 729 ,
200 684 242 733 tuit
252 685 312 743 quod
320 685 377 733 dicta
386 702 424 732 sua
432 683 460 731 ad
468 684 571 732 corticem
580 683 642 731 multi
651 683 690 731 sed
698 682 800 731 nucleum
808 684 912 741 attingere
920 702 986 731 nemo

203 757 225 805 ni
242 750 346 816 sapientia
362 768 449 804 ornatus
466 775 543 815 magna
559 756 634 815 possit.

243 831 345 891 Denique
356 833 415 880 venit
429 831 531 879 dominus
543 843 616 879 noster
630 831 689 879 Iesus
701 830 809 880 Christus,
820 830 902 879 Vereor
909 832 986 879 nemi·
1021 843 1033 858 ¹*

204 925 244 952 nus
255 917 376 966 reverenter
386 904 459 961 ipsum
467 923 533 961 quam
544 904 635 951 debeam
645 904 764 951 nominem.
774 903 844 951 Verus
855 922 942 962 nanque
952 904 966 950 h

163 977 189 1026 ll]
204 976 258 1026 deus
265 995 359 1035 veraque
369 975 403 1025 dei
419 976 532 1033 progenies
544 995 569 1023 ac
582 994 645 1023 verus
656 976 722 1023 homo
732 975 829 1034 virgineo
838 989 914 1024 ventre
923 989 960 1024 nat

198 1049 312 1108 universas
324 1049 408 1098 vocavit
423 1067 583 1103 oves-sensum
594 1048 678 1106 aperuit
690 1049 851 1106 scripturarum,
864 1061 948 1097 rectum
959 1068 972 1096 a

189 1180 190 1183 Ἰ
203 1121 331 1181 sapientiam
345 1134 367 1171 et
382 1120 473 1170 salutem
488 1119 589 1179 patefecit
603 1121 651 1169 iter.
667 1120 757 1169 Curavit
772 1141 800 1169 ne
809 1120 917 1170 aberraret
927 1120 965 1180 qui

203 1213 276 1252 quam,
287 1193 326 1242 sed
336 1213 407 1244 unum
416 1194 505 1242 tandem
515 1193 576 1241 fieret
587 1193 642 1241 ovile
658 1206 679 1241 et
690 1213 746 1242 unus
758 1205 838 1252 pastor.
849 1192 907 1242 Hinc
922 1193 957 1242 eni

205 1285 264 1316 sacra
277 1266 386 1325 theologia
400 1278 453 1322 orta,
469 1286 525 1325 quae
540 1265 650 1329 intellectu
657 1266 797 1323 *trans-,cendit
806 1266 881 1316 caelos
897 1279 918 1315 et
933 1286 989 1326 quae
1027 1264 1047 1320 ἓ

166 1340 191 1391 15
206 1359 271 1400 supra
278 1353 377 1391 naturam
388 1353 445 1395 sunt,
456 1360 481 1389 ea
491 1361 536 1389 non
546 1339 673 1398 ambagibus
681 1340 720 1389 sed
730 1340 812 1390 lumine
822 1340 879 1389 clero
890 1359 978 1399 perscru

168 1469 170 1475 ¹
195 1427 295 1462 ›taturac
309 1413 375 1462 videte
397 1413 477 1461 Mundi
493 1426 566 1461 autem
581 1414 689 1461 doctrinas
702 1434 727 1461 ac
737 1413 897 1472 philosophiam
912 1413 959 1471 ipsa

169 1540 171 1543 ,
207 1506 263 1544 quae
276 1485 400 1535 studiorum
408 1503 485 1543 parens
493 1505 518 1533 ac
527 1485 615 1534 domina
623 1498 741 1544 putaretur,
750 1485 804 1534 adeo
813 1484 897 1534 excellit
905 1485 964 1544 sapie

185 1576 196 1593 ²
208 1559 245 1613 tia,
259 1560 355 1614 veritate,
369 1557 414 1608 fide
427 1571 452 1607 ut
465 1558 507 1606 sibi
520 1557 619 1607 famulari
633 1559 706 1606 omnia
718 1558 839 1607 videantur.

170 1679 173 1684 .
219 1691 221 1693 v
249 1630 346 1687 Absolvi,
362 1650 417 1686 reor,
433 1643 458 1679 ut
473 1649 532 1679 eram
547 1630 663 1690 pollicitus,
679 1631 717 1680 sed
732 1632 804 1680 minus
819 1630 910 1680 fortasse
925 1651 968 1689 qua

166 1705 195 1753 20
210 1705 329 1762 expectatio
343 1716 405 1758 esset,
424 1704 485 1762 quasi
502 1702 597 1763 libamen
614 1704 685 1761 operis
703 1704 771 1751 nostri
788 1704 894 1762 originem
911 1705 962 1752 doct

210 1795 294 1842 narum.
305 1776 374 1825 Orsus
386 1796 473 1835 nanque
484 1796 534 1825 sum
544 1776 597 1835 ipsis
608 1796 621 1825 a
632 1776 708 1826 litteris
719 1788 784 1835 atque
796 1776 935 1836 progrediens
947 1776 992 1825 sin·

209 1849 268 1909 gulas
283 1870 322 1909 per
335 1863 391 1899 artes
407 1862 428 1898 et
443 1849 515 1899 studia
530 1870 556 1898 ex
571 1850 647 1899 ordine
662 1870 731 1905 sacras
747 1871 817 1910 usque
832 1851 860 1900 ad
875 1850 956 1900 litteras
971 1864 992 1899 et

211 1925 326 1981 sapientiae
340 1924 426 1972 culmen
440 1923 535 1971 ascendi.
550 1922 616 1971 Nunc
630 1936 703 1970 autem
716 1924 776 1981 ipsos
790 1923 818 1971 ad
832 1925 954 1982 scriptores,
969 1936 994 1971 ut

209 2009 281 2044 nostra
292 1996 357 2054 exigit
368 1995 475 2045 institutio
486 1995 617 2054 principalis,
630 1995 668 2044 sed
679 1997 775 2056 primum
786 1995 814 2046 acl
826 2009 899 2055 poetas
911 2016 994 2046 eamus.
1036 2017 1038 2021 ·

216 2977 248 3026 23.
262 2979 341 3025 ascendi
355 2986 369 3025 i.
384 2996 407 3028 r.;
421 2987 464 3023 erat
479 2981 532 3024 veni.
