2093 3253
241 218 382 253 “scnreronuu
397 222 521 253 ntusuuun
535 234 549 240 -
562 222 620 253 tisun
634 223 670 254 vu.
825 199 872 256 189

129 337 260 397 Quoniam
254 336 320 395 igitur
336 334 415 383 Caesar
431 348 475 383 est
479 335 541 384 nobis
558 335 593 384 hic
609 348 695 395 togatus
712 335 831 404 habendus,
848 357 872 384 ea

88 432 188 479 peragam
203 411 268 474 modo
277 430 332 469 quae
341 409 421 458 litteras
430 421 451 458 et
459 430 599 459 communem
606 410 673 468 togati
681 410 721 458 viri
729 430 754 458 ac
762 410 872 469 scriptoris

89 489 138 537 clari
152 488 220 534 vitam
233 485 356 541 inspiciant.
371 483 432 539 Quae
446 502 497 531 vero
511 484 539 531 ad
553 474 635 531 bellum
649 485 761 536 attineant,
776 503 800 531 ea
814 503 873 531 nunc

89 558 245 620 pretermittam
255 554 420 610 consultatum
431 555 491 613 quod
500 555 535 604 illa
546 574 665 605 memorare
675 575 726 604 cum
736 555 818 605 litterae
828 577 872 605 non

63 637 148 686 5arma
168 642 286 679 tractentur
305 628 363 695 haud
382 641 552 676 consentaneum
571 629 675 684 videatur,
701 641 749 677 tum
769 628 829 688 quod
848 648 873 676 ea

90 708 132 755 sint
154 716 175 753 et
166 703 216 753 tab
231 723 257 751 eo
271 702 319 761 ipso
334 714 355 750 et
371 692 444 750 multis
459 700 505 749 aliis
520 702 606 760 copiose
620 721 645 750 ac
660 714 734 750 ornate
749 693 872 750 dicentibus

88 789 190 826 enarrata.

130 848 244 907 Proprium
262 847 312 895 huic
330 866 411 895 nomen
429 845 495 901 Caius
513 844 562 895 luit.
581 845 732 904 Cognomento
749 858 823 895 autem
840 845 873 896 Ian

89 924 159 973 miliae
175 921 242 971 Iulius
258 920 336 969 Caesar
350 920 471 980 appellatus
486 932 525 969 est.
543 919 610 969 Iulius
626 920 715 979 quidem
730 920 779 969 ideo
794 921 872 976 dictus,

52 999 76 1047 11]
91 996 150 1078 quod
165 995 201 1042 illa
217 1015 229 1042 e
245 992 326 1041 familia
342 1006 397 1041 esset
414 985 520 1057 quaeab'
531 992 586 1041 Iulio
602 992 702 1046 Ascanio,
719 992 804 1041 Aeneae
820 993 872 1047 filio,

89 1068 193 1127 originem
204 1065 292 1115 duceret
303 1085 328 1114 ac
341 1065 395 1114 IuIIa
406 1076 525 1114 vocaretur.
537 1063 616 1114 Caesar
626 1082 678 1114 vero
688 1064 771 1113 ideo
749 1065 846 1114 nominat
847 1085 872 1114 us

20 1191 22 1194 ,
89 1155 127 1195 est,
139 1140 199 1198 quod
209 1139 297 1187 illorum
307 1159 319 1186 e
330 1138 410 1202 familia
422 1139 568 1186 descendisset
579 1158 617 1195 qur
611 1138 684 1185 Iulia
695 1158 707 1185 e
718 1150 781 1194 gente
792 1158 872 1195 cogno

90 1225 162 1260 mento
168 1212 269 1259 Caesares
274 1223 409 1259 vocarentur
420 1201 524 1258 Iuliorum
532 1208 728 1268 quidemefamrha
733 1210 818 1257 dudum
823 1220 873 1258 ante

90 1284 203 1333 Caesarem
219 1283 278 1332 hunc
294 1295 370 1332 natum
386 1282 456 1331 luerat
473 1282 588 1340 quisquam
600 1281 638 1340 qui
650 1300 688 1330 seu
705 1280 873 1339 pulcherrimam

53 1358 75 1407 15
91 1357 119 1405 ob
133 1358 248 1405 caesariem
257 1376 351 1415 quacum
359 1357 387 1404 sit
396 1368 466 1410 natus,
476 1367 500 1404 ut
509 1355 599 1414 quidam
607 1366 691 1412 putant,
701 1373 739 1402 seu
748 1354 780 1403 01)ἒ
786 1374 873 1403 caesum

89 1430 212 1487 pregnantis
223 1449 248 1477 ac
260 1441 357 1476 mortuae
370 1429 443 1476 matris
454 1440 558 1481 ventrem,
569 1440 594 1475 ut
601 1426 637 1474 alii
649 1420 739 1481 malunt,
748 1425 826 1475 Caesar
834 1447 873 1475 von

89 1514 179 1551 caretur.
195 1501 260 1551 Unde
276 1502 320 1550 nati
337 1501 417 1561 posteri
433 1512 484 1549 sunt
499 1521 556 1549 novo
571 1499 646 1548 addito
662 1511 806 1558 cognomento
824 1499 872 1549 Iulii

90 1573 189 1622 Caesares
200 1574 309 1634 appellati.
322 1573 379 1622 Illud
389 1587 462 1622 autem
473 1586 505 1621 est
515 1593 569 1622 vane
579 1572 687 1620 creditum
697 1593 709 1620 a
720 1571 800 1627 multis,
812 1573 872 1632 quod

90 1648 167 1695 Caesar
180 1649 208 1695 sit
221 1649 261 1695 iste
275 1660 419 1705 cognomento
432 1659 482 1694 ante
496 1647 548 1694 alios
561 1645 688 1704 appellatus,
703 1646 742 1693 sed
755 1666 820 1693 nemo
834 1647 872 1704 qui
887 1678 888 1682 =

50 1721 77 1768 211
91 1721 167 1785 viderit
178 1721 276 1769 historias
286 1720 408 1769 affirmabit.
420 1719 473 1768 Belli
486 1739 573 1778 nanque
585 1718 674 1767 secundi
685 1718 760 1767 Punici
771 1739 828 1768 anno
838 1718 871 1768 XI
917 1720 919 1725 ’

89 1792 138 1842 Sex,
155 1793 235 1842 Iulium
252 1792 366 1842 Caesarem
382 1804 403 1841 et
420 1804 541 1852 praetorem
557 1791 642 1840 Siciliae
658 1803 679 1839 et
695 1790 790 1850 legatum
805 1789 872 1840 luisse

89 1865 116 1914 T.
132 1867 206 1915 Livius
222 1879 334 1915 memorat.
348 1866 408 1915 Bello
422 1885 510 1924 quoque
523 1865 587 1920 civili,
602 1884 646 1923 quo
659 1864 738 1913 Caesar
752 1864 786 1912 hic
799 1877 872 1913 noster

89 1950 110 1985 et
124 1939 239 2002 imperium
255 1952 276 1987 et
293 1940 428 1997 magistratus
441 1939 538 1996 arripuit,
554 1937 635 1994 legatus
651 1937 679 1984 ad
694 1936 823 1994 Pompeium
833 1938 871 1996 qui

89 2011 115 2060 de
130 2033 182 2071 pace
192 2013 316 2062 conveniret
327 2013 354 2062 L.
365 2011 444 2061 Caesar
453 2011 573 2071 appellatus
583 2024 623 2060 est.
862 2004 863 2007 Ἴ
912 2014 913 2018 ’

50 2083 75 2131 25
132 2084 203 2134 Huius
214 2099 287 2134 autem
301 2085 349 2134 Iulii
361 2084 458 2133 Caesaris
469 2096 553 2143 patrem
565 2083 591 2131 L.
605 2082 685 2131 Iulium
697 2082 811 2131 Caesarem
822 2083 872 2141 qui·

89 2157 139 2205 dam
153 2160 289 2207 nominatum
304 2170 388 2219 putant.
404 2158 476 2206 Mater
490 2150 541 2205 vero
555 2155 643 2204 Aurelia
657 2155 745 2204 nomine
760 2156 817 2204 dicta
831 2168 871 2204 est.

89 2229 169 2280 Romae
183 2246 246 2280 natus
261 2245 295 2280 est
308 2231 386 2279 Caesar
401 2231 441 2279 iste
455 2251 512 2278 anno
526 2229 554 2278 ab
568 2228 623 2278 urbe
637 2228 724 2277 condita
738 2228 780 2277 VI⁰
794 2228 871 2277 thlt.

89 2302 174 2353 Patrem
186 2325 251 2364 agens
265 2304 318 2353 XVI
333 2324 423 2359 annum,
438 2315 530 2352 matrem
543 2303 586 2351 iam
600 2314 697 2351 maturus
715 2321 740 2350 ac
753 2319 829 2360 gerens
848 2302 871 2350 in

89 2374 163 2424 Gallos
176 2377 258 2426 bellum
268 2377 347 2425 amisit.
358 2375 458 2425 Teneros
468 2394 536 2423 annos
547 2375 622 2423 litteris
633 2374 777 2432 percipiendis
788 2393 800 2422 e
811 2391 871 2422 more

50 2444 76 2493 30
90 2447 181 2496 civitatis
193 2449 253 2497 dedit
265 2469 344 2507 easque
356 2461 377 2496 et
391 2448 478 2495 Latinas
490 2459 512 2495 et
520 2446 614 2494 Graecas
625 2466 650 2494 ac
662 2445 796 2504 eloquentiae
808 2446 871 2493 insti-

88 2531 134 2569 tuta
144 2522 303 2571 accuratissime
314 2521 396 2570 didicit.
409 2520 507 2569 Uxorem
516 2538 567 2568 vero
577 2524 631 2579 puer
641 2530 707 2578 atque
721 2517 793 2566 adhuc
808 2536 871 2578 prae-

88 2604 180 2643 textatus
195 2596 314 2654 spopondit
329 2594 453 2643 Corsutiam
468 2593 602 2651 eandemque
617 2593 720 2641 intactam
734 2592 804 2650 posita
820 2611 871 2640 mox
939 2613 941 2615 ·

85 2732 110 2771 13.
123 2733 141 2772 S.
154 2733 176 2773 Η.
189 2735 210 2774 Α.
224 2735 262 2775 Hel.
275 2736 292 2773 2.
341 2735 369 2772 22.
386 2733 422 2772 Liv.
439 2732 509 2772 XXVII.
526 2732 545 2770 21
564 2746 600 2777 sqq.
650 2724 678 2770 28.
691 2730 737 2769 Suet.
750 2729 781 2769 Iul.
796 2730 810 2768 1.
839 2749 840 2752 “

52 2811 190 2823 κ.-

87 2856 106 2900 6.
125 2857 191 2903 multis
212 2866 225 2904 i.
247 2877 273 2909 r.‚·
294 2866 336 2903 erut
356 2855 465 2912 plurisque.
522 2853 552 2901 16.
571 2853 603 2899 alii
625 2860 637 2899 ι’.
658 2872 685 2906 r.,·
704 2861 746 2898 erot
762 2851 870 2908 plurique?

53 2918 81 2964 18.
97 2923 163 2969 multis
180 2930 193 2969 ι’.
207 2938 233 2974 r.;
248 2933 289 2969 erot
306 2922 426 2977 plurisque?
482 2922 515 2967 24.
530 2920 561 2967 Ex
577 2919 691 2965 convenIret
707 2918 733 2963 de
748 2936 796 2972 pace
811 2924 871 2972 signis

5 3037 7 3039 ,
52 2982 64 3027 b
77 3006 88 3031 a
100 3008 149 3035 corr.
204 2991 237 3038 32.
251 2990 290 3037 Pro
304 2990 429 3040 Cossutiam;
444 2987 536 3033 Corsutia
549 2992 611 3033 etr'cm
622 2992 642 3033 in
657 2985 726 3031 indice.
