2093 3253
245 179 377 211 SCRIPTORUM
392 178 520 211 ILLUSTRIUM
532 189 547 195 *
561 178 620 210 LIBER
634 178 667 210 nr.
778 160 780 165 .
845 166 870 210 79

87 301 113 356 L,
129 279 156 348 de
171 296 259 347 Moreto
274 295 382 345 CXXIII.
398 295 433 345 De
448 295 525 356 Priapo
540 296 595 344 liber
609 308 642 344 est
657 316 721 344 unus.
733 270 870 352 ΒεἈεῒΙιηᾱ,

87 385 160 422 monte
171 370 251 426 Siculo,
264 388 337 418 versus
349 369 413 417 etiam
424 369 534 428 scripsisse
544 368 620 418 lertur.

127 445 200 493 Valvis
215 463 304 502 quoque
317 443 392 490 aulicis
406 443 445 490 hos
460 442 524 491 llllaro
537 443 605 491 affixit
618 462 700 492 versus:
714 443 802 492 «Nocte
816 444 871 501 pluit

86 532 138 573 tota,
155 517 246 565 redeunt
262 514 383 575 spectacula
401 535 471 570 mane;
487 535 603 564 commune
619 515 736 576 imperium
752 536 803 563 cum
822 516 871 564 love

60 595 72 643 5
89 593 167 641 Caesar
182 590 253 640 habet.
264 607 273 631 »
286 589 332 640 lam
343 590 432 648 quidem
443 590 513 649 sopita
523 589 650 639 triumvirali
662 603 722 649 peste
733 590 791 638 solus
802 590 872 649 impe-

87 664 146 713 rabat
157 663 276 720 Augustus.
288 663 406 710 Auctorem
417 681 475 717 vero,
487 662 547 720 quod
558 663 604 710 sine
615 664 704 710 nomine
715 664 789 720 scripti
800 676 872 711 essent

55 745 57 747 ’
87 749 107 784 et
122 734 196 784 laudes
206 734 342 781 continerent
352 733 472 788 Octaviani,
483 754 534 782 curn
544 734 678 792 perquireret
688 733 774 787 Caesar,
785 753 808 781 se
817 733 871 781 falso

87 820 200 867 poetarum
213 826 225 853 e
238 806 302 853 turba
316 806 406 864 quidam
420 805 512 854 Bacillus
526 807 615 854 nomine
628 805 748 863 appellatus
761 804 871 863 professus

87 893 126 928 est.
141 879 214 938 Atque
224 879 253 926 ob
263 899 311 926 eam
321 897 367 926 rem
377 891 398 926 et
408 878 482 927 laudes
492 891 513 926 et
524 878 581 926 dona
591 879 692 936 suscepit.
703 877 753 926 Erat
764 878 798 926 hic
808 891 872 935 poeta

50 957 75 1002 10
90 953 179 1011 quidem
191 953 230 999 sed
243 952 412 1014 haudquaquam
422 952 514 1009 amplius
526 972 592 1009 quam
603 951 721 999 mediocres
732 951 787 999 inter
798 964 872 1008 poetas

88 1024 207 1073 habendus.
220 1022 284 1070 llllaro
296 1036 369 1071 autem
381 1024 404 1070 id
416 1023 466 1071 tulit
476 1042 546 1081 aegre.
558 1023 631 1081 Atque
643 1023 708 1071 valvis
721 1022 798 1070 iisdem
810 1041 872 1080 repe-

87 1099 152 1146 titum
167 1109 242 1155 quater
257 1096 298 1144 hoc
308 1096 440 1155 principium
449 1115 523 1145 versus
538 1114 547 1138 (r
553 1096 583 1144 sic
593 1117 630 1145 vos
640 1117 684 1145 non
692 1091 755 1145 lvobis
763 1113 772 1136 t)
781 1097 873 1154 inscrip-

87 1170 122 1217 sit.
138 1169 216 1227 Neque
230 1187 280 1216 vero
294 1168 327 1215 his
338 1168 439 1226 patefecit
450 1178 537 1217 nornen.
549 1168 593 1225 Qui
604 1182 677 1217 autem
693 1188 743 1217 suos
759 1188 805 1216 esse
820 1169 872 1216 istos

88 1240 224 1299 profiteretur
239 1252 304 1299 atque
314 1239 432 1298 compleret
441 1240 540 1298 Augusto
550 1240 644 1288 multum
652 1260 677 1288 ac
687 1239 725 1288 diu
734 1240 872 1299 perquirente

50 1314 74 1362 15
90 1314 190 1361 inventus
202 1326 234 1361 est
246 1334 318 1361 nemo.
331 1311 391 1360 Tum
404 1312 468 1360 Maro
478 1333 558 1361 nomen
566 1313 667 1371 apposuit
675 1333 740 1361 suum
747 1315 812 1371 atque
820 1313 873 1361 sub-

88 1385 164 1433 iunxit:
174 1385 238 1432 «Hos
248 1406 287 1443 ego
296 1385 413 1433 versiculos
422 1385 470 1441 leci,
480 1386 529 1433 tulit
538 1386 590 1433 alter
599 1386 712 1434 honorem.
726 1386 763 1433 Sic
776 1378 814 1445 vos
828 1406 872 1433 non

88 1458 149 1505 vobis
163 1457 277 1505 nidificatis
291 1477 348 1506 aves.
363 1457 399 1505 Sic
413 1477 451 1505 vos
465 1478 509 1506 non
523 1458 585 1506 vobis
598 1458 676 1506 vellera
689 1456 749 1505 fertis
763 1477 822 1507 oves.
836 1458 873 1505 Sic

88 1551 126 1580 vos
141 1552 185 1580 non
199 1531 261 1580 vobis
276 1531 403 1580 mellificatis
418 1550 476 1590 apes.
492 1529 528 1579 Sic
542 1549 580 1579 vos
595 1550 639 1578 non
654 1529 715 1579 vobis
730 1528 790 1578 lertis
804 1543 872 1578 aratra

88 1603 161 1652 boves.
179 1604 276 1662 luppiter
289 1605 312 1652 in
326 1603 396 1659 caelis,
411 1602 489 1652 Caesar
500 1604 557 1660 regit
571 1604 643 1651 omnia
657 1603 747 1652 mundo.
757 1619 766 1643 1)
780 1604 873 1651 Proinde

48 1678 75 1724 21)
90 1678 182 1725 Bacillus
194 1678 285 1726 multam
295 1679 318 1725 in
329 1678 470 1736 ignominiam
481 1698 506 1725 ac
517 1678 592 1725 odium
603 1677 685 1731 incidit,
697 1668 757 1734 quod
768 1675 822 1725 lalso
833 1698 872 1725 no-

88 1769 137 1798 men
147 1770 212 1799 suum
222 1771 276 1810 quos
287 1750 331 1799 dixi
341 1750 438 1799 versibus
448 1744 597 1808 inscripsisset.
608 1749 652 1807 Qui
662 1761 735 1799 autem
744 1767 807 1799 verus
817 1763 873 1799 esset

87 1836 161 1871 auctor
173 1823 237 1871 llllaro
248 1844 260 1871 a
271 1824 354 1872 cunctis
366 1836 431 1882 atque
442 1825 490 1880 ipso
501 1844 513 1871 a
525 1823 616 1871 Caesare
627 1843 712 1871 summe
723 1823 822 1871 laudatus
833 1837 872 1872 est.
938 1845 940 1877 ξ
950 1845 951 1848 ’

130 1896 190 1943 Haec
202 1908 267 1954 atque
279 1897 320 1943 alia
332 1897 454 1944 ludibunde
466 1897 494 1944 ab
506 1917 532 1944 eo
545 1915 584 1961 per
596 1898 664 1944 risum
676 1910 698 1944 et
709 1898 782 1945 iocum
794 1898 873 1954 scripta

89 1965 194 2016 feruntur.
210 1967 326 2017 Materiam
340 1986 390 2017 vero
404 1967 514 2026 amplioris
529 1968 638 2026 dignitatis
652 1987 764 2026 aggressus
778 1969 874 2026 primurn

47 2038 75 2087 25
90 2059 166 2088 canere
176 2060 252 2098 regum
263 2041 318 2090 bella
329 2043 407 2099 coepit.
418 2041 449 2090 Ea
459 2055 531 2090 tamen
542 2042 565 2099 in
576 2061 598 2091 re
609 2062 653 2090 non
664 2042 807 2100 perseveravit
813 2041 874 2090 ‘mul-

88 2124 143 2161 tum.
155 2113 238 2163 Interea
248 2134 298 2163 vero
308 2115 362 2163 dum
371 2126 491 2178 versaretur
500 2114 523 2162 in
533 2113 608 2179 litteris
618 2113 788 2179 Cremonensem
798 2134 874 2173 agrum

60 2199 61 2202 ’
89 2181 220 2233 Octavianus
238 2185 298 2234 dedit
315 2186 420 2234 militibus
437 2187 549 2241 veteranis,
567 2186 627 2244 quod
643 2205 719 2234 eorum
736 2188 802 2244 opera
818 2200 874 2234 esset

41 2308 49 2318 ff
64 2274 65 2277 ’
88 2257 147 2313 apud
162 2257 273 2307 Mutinam
286 2272 307 2307 et
319 2258 381 2308 lusus
394 2273 415 2307 et
427 2259 514 2317 fugatus
526 2258 642 2307 Antonius.
655 2258 752 2307 Romana
765 2273 809 2307 erat
821 2273 874 2307 tunc

60 2344 61 2347 ’
89 2330 173 2378 colonia
190 2331 305 2394 Cremona.
323 2331 353 2381 Ea
371 2332 460 2391 quidem
477 2332 541 2381 simul
559 2346 580 2381 et
596 2333 703 2382 Placentia
720 2332 834 2381 Gallorum
851 2333 874 2381 in

36 2400 77 2451 ‚30
92 2402 174 2457 odium,
185 2424 229 2461 quo
238 2424 295 2452 anno
306 2405 426 2454 secundum
436 2405 518 2454 bellum
527 2405 634 2454 Punicum
640 2405 758 2461 oriebatur,
769 2405 874 2454 deductae

89 2487 147 2523 sunt.
163 2474 227 2523 Missi
240 2489 314 2524 autem
327 2478 365 2534 qui
379 2477 484 2525 militibus
498 2477 573 2525 datum
586 2498 598 2525 a
612 2477 703 2525 Caesare
715 2497 791 2534 agrum
804 2498 874 2536 aequo

48 2591 191 2602 Ἢ

96 2657 112 2694 3.
125 2658 186 2695 Donat.
199 2659 225 2696 ed.
238 2660 345 2697 humanistiea
361 2660 464 2705 (Sabbadini,
481 2660 530 2698 Stndr'
546 2665 564 2697 r‘t.
580 2662 597 2698 dr'
611 2662 637 2705 fil.
654 2663 673 2699 cl.
691 2662 728 2704 XV,
745 2677 762 2705 p.
779 2661 820 2698 211.
840 2662 875 2708 17),

50 2714 76 2752 12.
91 2716 132 2755 lbid.
145 2734 161 2756 v.
174 2720 203 2757 23.
252 2720 281 2757 30.
294 2720 331 2758 Liv.
344 2720 391 2759 XXI.
405 2721 433 2757 25.
447 2721 463 2757 2.

49 2819 190 2829 -ᾓ---η1

91 2878 107 2923 l.
121 2892 151 2925 est
165 2900 217 2926 unus
231 2889 244 2928 ι’.
259 2903 275 2926 r.
333 2883 363 2929 l9.
380 2882 489 2937 luppiter...
504 2883 580 2938 mundo
594 2892 607 2930 ι’.
621 2904 646 2929 m.
660 2885 696 2939 ins.
706 2886 752 2930 add.
806 2885 875 2932 29.si¹

49 2942 90 2986 mul
103 2964 148 2989 sacr.
203 2949 236 2993 3l.
251 2948 346 2993 militibus
360 2956 374 2994 ι’.
389 2970 404 2994 r.
