2093 3253
255 162 384 201 scaurorum
398 162 523 193 ritusruruu
536 174 550 180 -
563 162 621 193 arura
635 163 671 194 vir.
834 147 871 194 201

90 303 132 343 que
146 281 169 330 in
185 300 209 329 ea
224 298 247 328 re
256 279 304 333 ocii,
313 278 425 337 temporis,
435 278 515 341 ingenii
524 278 597 337 posuit
605 278 666 337 quod
674 277 796 326 secundum
804 276 877 326 locum

90 354 184 410 tenuisse
195 353 217 400 in
229 352 304 411 ordine
315 356 432 404 oratorum,
444 351 481 409 qui
492 363 544 398 tunc
554 350 700 408 amplissimus
714 362 769 397 esset
780 362 801 397 et
811 370 878 407 quam

92 425 183 477 maxime
204 422 336 484 perfloreret,
358 423 416 471 docti
441 442 516 471 omnes
542 422 614 471 Latini
634 421 820 481 atqueGraecus
841 421 877 470 ille

89 499 223 554 Plutarchus,
235 497 273 556 qui
289 497 343 546 vitas
360 497 485 556 principum
501 496 618 546 illustrium
634 517 689 556 quos
706 496 740 545 vel
758 496 827 545 Roma
843 495 877 546 vel

64 577 76 626 5
92 573 183 622 Graecia
191 570 267 619 habuit
275 570 423 628 copiosissime
436 570 569 626 memoravit,
582 570 628 618 sine
640 569 757 618 certamine
769 567 877 618 fateantur

12 642 22 656 ⁹
91 666 115 694 ac
129 644 254 702 praedicent
268 643 337 701 idque.
345 642 453 691 affirment
463 662 546 697 omnes,
557 642 624 701 quod,
635 643 657 690 ni
669 642 796 699 magnitudo
809 642 876 690 animi

90 740 114 768 ac
130 715 257 766 dominandi
266 715 347 775 cupido
356 716 429 775 ipsum
438 734 450 763 a
459 714 507 763 loro
521 727 542 763 et
555 715 631 764 litteris
646 715 801 769 disperissent,
816 712 877 765 lutu-

91 811 140 841 rum
154 789 230 840 luisset
245 787 308 838 lacile
318 789 379 848 quod
388 789 461 838 locum
471 801 581 838 oratorum
591 789 614 837 in
623 806 714 838 numero
724 788 821 847 primum
830 789 877 837 sine

91 864 158 912 dubio
173 862 291 928 habuisset.
307 862 352 910 Sed
366 881 417 910 cum
431 862 472 910 viis
487 861 571 910 duabus
586 861 655 910 Roma
669 874 723 909 tunc
737 881 834 910 summos
849 862 877 910 ad
944 893 946 896 ·

53 939 77 988 10
92 937 182 985 honores
193 934 300 990 eveheret,
311 947 386 984 etuna
397 935 420 983 in
431 934 495 990 bello,
506 933 572 983 altera
582 934 605 982 in
616 932 738 993 eloquentia
749 947 877 990 versaretun

91 1010 176 1064 Caesar,
191 1029 219 1056 ne
234 1008 275 1056 sibi
291 1008 374 1056 deesset
389 1009 514 1068 quicquam,
529 1021 644 1066 utramque
659 1007 688 1055 ita
702 1006 829 1066 complexus
844 1021 876 1056 est

91 1081 150 1141 quod
163 1082 236 1130 locum
248 1081 271 1129 in
283 1081 349 1129 altera
362 1082 465 1140 primum,
478 1082 501 1129 in
513 1080 578 1129 altera
591 1082 712 1130 secundum
724 1081 819 1129 haberet.
833 1081 877 1144 Qui

91 1155 149 1203 eninr
160 1153 273 1203 excelleret
287 1154 360 1212 ipsum
371 1155 466 1213 gerendo
476 1155 499 1203 in
509 1153 566 1202 bello
576 1174 648 1209 nemo,
659 1154 682 1202 in
692 1153 815 1213 eloq'uentia
825 1173 884 1203 vero·

91 1226 148 1274 solus
164 1227 240 1274 Cicero
255 1227 356 1275 inventus
372 1240 410 1275 est.
467 1290 469 1293 Ι

54 1301 77 1351 15
134 1299 184 1349 Fuit
199 1299 289 1359 quidem
307 1300 419 1358 ingenium
437 1300 479 1349 sibi
496 1299 525 1349 ad
542 1299 615 1349 omnia
632 1320 688 1359 quae
706 1311 806 1349 tractaret
823 1299 878 1349 adeo

91 1381 184 1433 pronum
200 1387 221 1421 et
235 1372 298 1421 facile
313 1386 338 1421 ut
352 1387 415 1422 natus
430 1375 458 1422 ad
473 1394 616 1433 quaecunque
631 1394 654 1421 se
667 1374 764 1433 flecteret
779 1375 878 1422 omnium

91 1446 171 1495 iudicio
185 1446 302 1494 videretur.
318 1446 450 1494 Memoriam
464 1464 522 1500 vero,
538 1447 561 1494 in
575 1464 618 1504 qua
632 1446 665 1495 vis
680 1465 757 1502 magna
771 1447 877 1500 consistit,

91 1520 144 1568 adeo
159 1518 260 1568 stabilem
269 1541 294 1569 ac
304 1519 390 1569 firmam
405 1519 481 1569 habuit
495 1532 520 1569 ut
530 1519 638 1569 diceretur
647 1518 701 1569 nihil
713 1519 812 1568 omnium
822 1540 878 1580 quae

51 1604 53 1606 ’
90 1606 127 1640 aut
141 1593 224 1641 videret
238 1606 275 1642 aut
289 1593 374 1642 audiret
389 1593 457 1642 solere
471 1586 569 1651 unquam
583 1596 657 1651 preter
669 1594 757 1642 iniurias
772 1593 878 1643 oblivisci.

52 1665 79 1712 20
94 1665 174 1721 Legere
182 1684 269 1723 nanque
277 1665 342 1714 simul
349 1678 370 1714 et
378 1666 471 1714 scribere
478 1665 597 1724 audireque
604 1684 629 1713 ac
636 1666 717 1714 dictare
724 1684 888 1725 saepenumero„

90 1738 148 1785 visus
162 1751 201 1787 est.
211 1737 289 1787 Fertur
297 1759 385 1799 quoque
394 1737 495 1798 epistolas
505 1738 603 1787 maximis
612 1751 634 1786 et
642 1738 705 1788 variis
715 1738 742 1787 de
751 1738 815 1787 rebus
824 1760 878 1798 qua-

90 1822 161 1857 ternas
176 1810 268 1859 dictasse
282 1810 336 1866 aliis,
352 1832 403 1860 cum
417 1811 464 1869 ipse
478 1832 544 1860 manu
558 1831 597 1859 sua
611 1812 711 1869 quintam
725 1811 878 1861 conscriberet.

91 1881 114 1929 Si
124 1882 293 1947 verolc'alamum
302 1896 399 1942 poneret,
409 1883 527 1942 aliquando
536 1895 635 1942 septenas
644 1884 724 1942 pariter
733 1883 877 1932 scribentibus

91 1954 206 2011 ordinasse.
800 1972 802 1975 ’

52 2025 78 2074 25
136 2027 243 2078 Civilibus
253 2043 327 2079 autem
335 2029 397 2085 bellis
408 2030 494 2085 exactis,
505 2049 556 2078 curn
567 2028 626 2077 solus
636 2029 752 2088 imperium
763 2029 877 2084 obtineret,

92 2119 157 2156 quarn
166 2119 252 2160 semper
261 2103 365 2150 habuerat
374 2103 401 2162 de
409 2102 470 2150 libris
479 2115 500 2150 et
508 2102 559 2150 viris
567 2102 642 2160 peritis
650 2120 725 2150 curam
733 2102 877 2159 diligentiam·

93 2192 135 2230 que
145 2174 241 2224 retinuit.
252 2174 395 2225 Bibliotecam
405 2174 464 2225 enim
475 2174 617 2225 ordinandam
628 2174 662 2224 M.
670 2174 769 2230 Varroni,
778 2175 877 2224 omniurn

91 2247 222 2303 peritissimo
237 2249 290 2303 viro,
299 2248 367 2299 dedit.
375 2249 501 2307 Peregrinos
509 2268 560 2298 vero
568 2249 606 2308 qui
614 2248 672 2298 docti
680 2261 751 2297 essent
759 2261 780 2297 et
788 2248 878 2297 medici·

91 2338 141 2366 narn
155 2333 193 2368 aut
207 2320 274 2372 ullam
288 2321 397 2370 bonorum
411 2322 491 2370 artium
504 2322 591 2378 ingenio
605 2340 630 2368 ac
644 2321 717 2369 studio
735 2333 877 2379 sequerentur

51 2385 78 2436 30
89 2388 179 2440 donavit
188 2392 281 2448 civitate,
291 2405 316 2443 ut
325 2393 367 2442 hoc
375 2392 481 2443 beneficio
490 2392 573 2442 invitati
583 2392 682 2442 homines
691 2392 749 2442 docti
759 2392 881 2452 quiessent

91 2462 114 2510 in
128 2464 182 2513 urbe
195 2470 314 2521 manerent,
327 2467 365 2525 qui
377 2485 428 2516 vero
440 2487 484 2515 non
496 2478 568 2515 essent
579 2466 681 2515 libentius
692 2466 825 2515 advenirent.
840 2466 876 2514 lus

92 2555 179 2595 quoque
193 2538 264 2594 civile,
279 2539 340 2598 quod
355 2538 502 2598 multiplicatis
518 2559 649 2598 quocunque
664 2540 687 2587 in
701 2557 779 2596 genere
793 2538 878 2596 legibus

51 2629 191 2643 ’Ἣ-

85 2679 101 2717 4.
114 2681 157 2719 rius.
169 2683 215 2721 cia.
225 2684 242 2722 ³.
251 2686 268 2722 2.
317 2657 346 2722 zi
358 2683 440 2723 Petrarch.
448 2685 544 2724 aarum.
553 2684 574 2722 u.
585 2684 591 2721 r
604 2684 645 2730 (op.
657 2685 671 2726 r,
679 2700 696 2729 p.
706 2657 878 2730 roossnsassuuu

52 2735 131 2796 Solinl.
147 2744 185 2783 107.
234 2746 263 2784 27.
276 2746 322 2784 Suet.
334 2746 366 2786 lut.
379 2746 408 2784 44.
457 2746 486 2785 20.
499 2746 545 2785 Suet.
557 2747 590 2786 lul.
603 2746 631 2784 42.

52 2823 192 2838 N*

91 2867 111 2913 4.
126 2867 260 2928 Plutarclhus)
275 2878 288 2920 ι’,
298 2892 314 2920 r.
326 2872 394 2928 (etiam
408 2878 428 2920 in
442 2872 521 2929 indice);
535 2880 578 2918 erat
592 2869 707 2919 Plutarcust
773 2868 802 2918 16.
817 2890 879 2930 quae»

53 2947 150 2989 cunque...
164 2940 255 2985 omnium
269 2948 282 2987 ι’.
297 2958 313 2985 r.
