2093 3253
131 167 171 212 252
409 197 420 201 <f
433 178 524 207 SICCONlS
539 176 654 206 POLENTONI

156 295 232 356 illam
250 296 324 344 animo
341 292 483 358 tumefactam
502 313 551 340 esse.
567 314 605 341 nec
625 293 747 354 quieturam
766 292 804 338 diu
828 293 873 351 sed,
894 313 958 350 quam

158 427 160 429 Ι
172 371 269 427 primum
281 369 337 417 vires
349 367 423 414 animo
437 366 600 430 responderent,
613 364 714 413 luturum
725 365 786 422 quod
798 364 881 422 bellum
893 385 958 422 quam

173 454 247 500 posset
267 440 386 489 maximum
407 451 526 493 renovaret;
547 437 641 498 denique
660 436 753 487 alterurn
773 450 873 495 oportere
897 439 957 496 vidit,

162 516 234 579 ,quod
251 528 289 563 aut
308 515 377 562 Roma
396 512 550 570 Carthaginem
568 525 605 559 aut
624 511 716 569 Romam
740 510 848 569 Carthago
872 512 958 566 deleret.

146 590 159 636 5
175 588 282 646 Reversus
301 589 374 643 itaque
393 586 493 638 Romam,
512 605 568 642 quae
586 585 676 644 viderat,
695 604 751 642 quae
769 585 888 643 audiverat,
905 607 959 647 quae

173 672 275 716 senserat,
287 679 343 718 quae
353 670 439 716 putaret
450 678 462 704 e
473 656 593 715 republica
604 655 657 710 fore,
669 657 742 705 omnia
753 677 779 705 ex
790 657 866 706 ordine
877 664 959 717 senatui

174 731 282 800 patefecit.
303 730 389 781 Bellum
408 743 482 785 autem
498 729 578 779 subito
594 729 802 790 Carthaginensibus
822 730 959 784 inferendum

174 807 296 866 urbemque
305 806 371 860 illam,
382 826 409 854 ne
418 806 441 853 in
451 806 506 853 vires
516 819 620 864 cresceret
629 805 730 863 amplius,
747 807 834 863 penitus
846 807 959 858 delendam

149 925 151 927 ,
174 879 235 936 dixit,
249 879 310 937 quod
322 878 439 936 imperium
452 877 576 925 Romanum
590 896 703 936 nunquam
718 890 791 934 tutum
807 898 854 926 esse
870 879 960 934 Cartha„

135 950 160 1011 10
175 952 225 1012 gine
233 964 303 1001 stante
311 963 391 1011 posset.
400 949 462 1008 Quae
470 950 576 1011 sententia
583 963 636 1008 tunc
644 971 656 998 a
664 949 738 999 multis
746 965 817 1010 spreta
826 952 884 1007 haud
893 954 966 1008 multo,

176 1039 225 1084 post
244 1026 344 1077 excitavit
363 1023 470 1082 populum
489 1023 613 1082 Romanum
632 1037 656 1071 ut
675 1024 830 1081 Carthaginem
852 1024 959 1082 funditus,

177 1099 238 1162 quod
247 1118 270 1145 se
279 1100 302 1145 in
311 1099 367 1156 vires
377 1117 402 1144 ac
411 1096 493 1143 bellum
503 1096 602 1153 exigeret,
613 1109 700 1143 mortuo
709 1096 753 1143 iarn
763 1095 846 1144 Catone
855 1097 958 1149 delerent.

150 1162 158 1178 ’
218 1170 290 1227 Multa
306 1169 396 1230 quidem
416 1189 471 1228 quae
492 1167 593 1228 pestilera
613 1167 702 1224 luerunt
721 1188 746 1216 ac
766 1183 884 1219 evenerunt
905 1172 959 1220 mala

175 1244 294 1303 propalam,
309 1243 371 1302 quasi
385 1242 474 1291 haberet
488 1241 529 1290 sub
543 1240 618 1295 oculis,
633 1241 739 1299 praedixit
753 1241 816 1297 Cato;
832 1244 960 1304 perspicacis

139 1318 163 1371 15
180 1318 238 1365 enim
258 1318 386 1375 prudentiae
405 1317 437 1363 vir
461 1315 599 1373 praevidebat
620 1316 737 1371 imperium
758 1314 812 1364 illud
833 1336 877 1372 non
898 1329 967 1375 posse}

177 1388 254 1446 perdiu
271 1402 326 1437 stare
344 1387 404 1446 quod
420 1386 448 1435 ab
466 1385 506 1434 illis
524 1386 681 1445 gubernaretur
697 1388 736 1446 qui
753 1408 798 1436 non
814 1388 906 1443 iusticia,
917 1410 959 1438 non

176 1462 313 1516 abstinentia,
331 1481 375 1509 non
386 1459 523 1524 virtute,sed
533 1459 650 1508 ambiciose
669 1480 708 1519 per
718 1461 832 1509 avariciam
848 1475 869 1510 et
885 1482 960 1521 super·

178 1536 237 1582 biam
252 1536 356 1582 viverent.

220 1607 245 1656 In
262 1606 339 1664 litteris
356 1623 414 1659 vero,
432 1606 492 1664 quod
509 1618 594 1653 nostrae
611 1605 753 1654 institutionis
771 1607 908 1665 propositum
930 1623 960 1657 est

135 1682 163 1730 20
179 1680 304 1739 principale,
316 1680 375 1728 haud
386 1679 465 1727 minori
476 1678 549 1727 studio
560 1699 626 1737 quam
637 1680 659 1726 in
670 1678 728 1727 bello
738 1700 763 1727 ac
774 1699 797 1727 re
812 1680 900 1737 publica
916 1700 962 1729 ver-

177 1765 235 1811 satus
244 1765 276 1800 est
284 1752 340 1800 Cato
348 1764 428 1799 noster.
437 1751 525 1799 Latinas
533 1751 630 1808 quidem,
639 1764 664 1798 ut
672 1751 724 1803 dixi,
732 1765 802 1799 aetate
814 1753 858 1799 iarn
866 1765 962 1800 maturus

176 1846 201 1872 ac
214 1837 299 1883 praetor
311 1826 334 1872 in
347 1823 453 1879 Sardinia,
467 1822 561 1872 Graecas
574 1842 625 1872 vero
637 1823 714 1882 plenus
726 1825 789 1872 annis
806 1844 830 1872 ac
848 1845 913 1873 senex
930 1824 963 1873 di·

150 1939 151 1942 ,
178 1897 230 1945 dicit
251 1899 383 1955 easdemque
404 1895 507 1953 singulari
529 1896 624 1954 quodam
646 1896 783 1954 perdiscendi
810 1897 918 1945 desiderio
939 1917 963 1944 ac

178 1969 244 2028 veluti
255 1970 380 2018 sitibundus
392 1969 470 2023 hausit,
483 1968 543 2027 quod
554 1968 642 2023 Latinas
654 1968 734 2017 litteras
745 1969 795 2017 usui
806 1969 877 2018 solum
888 1988 963 2018 eorum

136 2043 163 2094 25
180 2044 294 2093 hominum
306 2062 359 2101 esse
378 2042 498 2102 perciperet
517 2041 554 2102 qui
574 2055 716 2092 mercaturam
735 2043 876 2100 negotiumve
895 2042 964 2092 ullum

177 2118 291 2176 publicum
308 2130 346 2166 aut
365 2116 510 2164 domesticum
528 2129 676 2174 procurarent,
696 2116 785 2164 Graecis
804 2130 877 2165 autem
888 2117 963 2166 litteris

177 2191 262 2244 audiret
276 2190 382 2237 contineri
397 2189 496 2236 historias
511 2201 532 2235 et
546 2188 652 2247 quicquid
666 2201 721 2236 esset
741 2189 889 2237 doctrinarum
903 2189 964 2248 quod

153 2253 155 2257 ¹
167 2283 271 2321 vusquam
278 2263 301 2310 in
309 2275 366 2310 terra
376 2259 436 2308 Italia
444 2273 480 2309 aut
489 2273 547 2309 extra
557 2260 640 2309 ltaliam
648 2260 693 2308 ullo
706 2262 728 2308 in
742 2262 824 2319 populo
842 2262 963 2309 haberetur,

178 2333 285 2398 Nondum
306 2333 364 2381 enim
384 2332 415 2381 uti
436 2346 511 2391 postea
531 2333 635 2382 doctrinis
656 2334 744 2392 optimis
765 2333 848 2383 litterae
874 2333 963 2383 Latinae

136 2407 165 2454 30
180 2397 304 2457 floruerant.
321 2406 344 2452 Si
360 2405 414 2462 quid
430 2419 474 2452 erat
490 2406 638 2453 doctrinarum
653 2419 690 2453 aut
706 2406 788 2453 Romae
807 2419 845 2453 aut
865 2426 965 2464 usquam,

178 2478 201 2524 id
214 2477 283 2545 ferme
296 2490 368 2525 totum
382 2475 472 2524 Graecis
486 2489 507 2524 et
522 2477 629 2534 magistris
643 2489 664 2525 et
678 2475 755 2525 litteris
769 2477 896 2526 habebatur.
911 2476 966 2526 Cato

154 2609 155 2614 ¹
178 2562 251 2599 autem
263 2549 352 2609 Graecis
364 2549 392 2597 ita
403 2549 479 2598 litteris
491 2548 575 2599 studuit
586 2550 647 2608 quod
658 2549 717 2600 haud
728 2551 800 2599 minus
811 2549 895 2599 Graece
906 2550 965 2610 loqui

155 2668 164 2679 „
178 2644 245 2684 quam
254 2623 332 2682 Latine
341 2636 422 2681 posset.
431 2623 510 2681 Neque
519 2642 570 2671 vero
580 2623 639 2671 nulla
648 2624 670 2671 in
680 2624 783 2672 Latinum
793 2644 805 2671 e
814 2624 886 2672 Greco
894 2624 965 2672 vertit.

155 2695 262 2758 „Graece
278 2709 351 2743 autem
368 2695 461 2743 scribere
476 2708 514 2743 aut
529 2695 589 2753 loqui
605 2713 693 2753 perraro
708 2696 795 2744 auditus
811 2709 843 2744 est
858 2698 897 2744 sed
918 2695 965 2743 illos

181 2883 210 2928 lZ.
223 2883 244 2928 in
262 2903 307 2929 sscr.
367 2885 397 2928 17.
411 2884 536 2940 ambic(iose)
557 2890 570 2929 i.
590 2902 614 2934 r.;
635 2903 658 2931 ex
677 2883 801 2941 felicitalte?)
821 2892 887 2931 statim
907 2891 965 2936 corn?

137 2954 170 2997 25.
184 2953 237 3007 (qu)i
252 2963 382 2994 mercaturam
397 2950 544 3003 n(eg0ciumve)
558 2958 571 2995 i.
587 2970 602 2995 r.
