2093 3253
149 209 199 256 466*
442 227 536 260 SlCCONlS
550 227 668 260 POLENTONI

191 342 245 390 ravit
257 340 366 394 etconsul
378 359 424 389 rem
436 340 547 399 publicam
559 341 678 391 defensavit
691 354 712 391 et
724 361 800 392 censor
812 343 924 392 manubias
936 345 978 392 im-

192 414 308 471 peratorias
324 412 444 462 collocavit.
460 414 555 462 Plinium
571 428 651 469 autem,
668 415 731 463 illum
746 407 897 469 doctissimum
907 417 979 476 philo-

193 485 287 545 sophum
307 506 332 535 ac
353 485 454 535 historiae
474 486 576 536 naturalis
597 488 725 546 scriptorem
746 487 912 553 amplissimum,
934 510 979 538 non

194 579 270 608 manus
286 558 369 608 hostilis
383 578 460 614 verum
475 553 605 618 sulphureus
620 561 676 609 letor
691 582 716 609 ac
730 559 804 610 fumus
820 563 917 611 extinxit.
933 563 980 627 Lu-

167 634 180 682 5
195 652 274 681 canum
286 651 337 680 vero
349 630 458 680 interemit
470 631 538 681 Nero.
551 630 646 682 Statium
658 632 800 683 Domicianus
813 632 871 683 stillo
883 634 980 684 confixit.

194 703 324 754 Lucrecium
337 703 428 763 poculus
442 704 558 753 amatorius
572 704 595 753 in
610 705 712 755 morbum
725 705 851 766 rabiemque
865 707 979 757 convertit.

194 773 286 827 Ovidius
301 776 361 826 Naso
376 789 425 836 post
440 777 530 836 longum
545 777 634 827 exilium
648 779 707 837 apud
722 778 811 834 (lethae,
827 791 914 837 gentem
929 779 980 827 bar-

194 851 275 904 baram,
289 849 360 908 periit.
373 849 435 899 Talia
447 850 504 909 passi
517 850 584 909 togati
597 864 618 901 et
632 851 703 910 magni
717 851 810 902 nominis
823 851 863 901 viri
876 851 980 911 permulti

195 935 253 971 sunt.
450 930 451 933 ’
529 974 531 977 ,

154 997 181 1045 10
237 995 285 1043 Nos
298 1014 350 1044 vero
364 996 488 1045 institutum
501 997 529 1044 ad
543 997 812 1054 propositumveniamus.
828 997 896 1055 Igitur
911 997 981 1045 Lucio

194 1069 272 1117 Anneo
287 1067 388 1123 Senecae,
405 1069 507 1127 magistro
522 1070 616 1119 Neronis
632 1083 653 1119 et
668 1068 743 1119 morali
759 1069 896 1130 philosopho,
912 1069 981 1129 patria
1046 1067 1047 1070 ¹

196 1140 299 1190 Corduba
309 1141 383 1190 civitas
393 1140 442 1197 fuit,
453 1143 493 1192 sita
504 1143 526 1191 in
537 1163 561 1192 ea
572 1144 658 1202 regione
668 1143 776 1192 ulterioris
787 1143 904 1202 Hispaniae
914 1163 983 1202 quam

196 1229 278 1264 veteres
292 1215 410 1269 Bethicam,
426 1216 520 1264 iuniores
535 1235 626 1274 regnum
641 1216 747 1265 Castellae
760 1230 845 1266 vocant.
860 1216 922 1265 Pater
935 1216 982 1264 An·

196 1307 249 1336 neus
268 1286 388 1345 appellatus
407 1300 446 1340 est,
467 1288 533 1336 homo
552 1288 722 1347 haudquaquam
741 1288 891 1347 philosophiae
910 1307 983 1345 neque
1046 1333 1047 1336 ,

158 1361 183 1410 15
198 1359 350 1409 consuetudini
365 1360 471 1410 maiorum
485 1361 555 1411 datus.
570 1360 642 1411 Mater
657 1361 736 1411 Helbia
749 1361 866 1416 nominata,
881 1360 981 1420 primaria

198 1434 279 1491 quippe
296 1453 348 1481 cum
364 1451 437 1480 amore
454 1446 475 1481 et
492 1434 600 1492 pudicicia
617 1453 666 1495 erga
682 1434 755 1481 virum
771 1447 820 1481 tum
836 1433 915 1491 pietate
933 1451 983 1489 erga

198 1505 253 1554 lilios
262 1517 328 1564 atque
338 1505 425 1564 ingenio
434 1505 462 1554 ad
472 1505 552 1554 litteras
562 1505 650 1555 femina.
660 1506 724 1554 Artes
734 1507 780 1566 ipsa
790 1506 864 1560 bonas,
876 1517 984 1565 quantum

198 1578 296 1637 permisit
307 1579 378 1628 mariti
389 1579 453 1636 rigor,
464 1580 542 1637 attigit.
552 1579 588 1628 Ab
599 1601 624 1629 eo
636 1600 723 1638 nanque
738 1579 847 1638 prohibita
865 1592 897 1627 est
908 1597 984 1628 vacare

199 1651 309 1705 doctrinis,
331 1652 392 1710 quod
411 1652 587 1710 circumspiciens
607 1652 699 1700 {eminas
719 1653 839 1710 perciperet
860 1671 907 1699 esse
927 1671 985 1708 quae

157 1726 185 1777 20
201 1723 276 1775 litteris
288 1746 332 1775 non
344 1724 373 1774 ad
384 1723 493 1780 virtutem,
506 1746 550 1773 non
562 1724 591 1774 ad
602 1724 736 1785 sapientiam,
749 1743 825 1774 verum
836 1723 865 1772 ad
876 1721 986 1773 lasciviam

199 1812 220 1847 et
234 1811 320 1856 turpem
335 1797 448 1846 libidinem
462 1810 580 1846 uterentur.
595 1798 704 1846 Beneficio
718 1810 791 1846 tamen
805 1797 888 1856 capacis
903 1796 984 1854 ingenii

199 1885 220 1919 et
234 1870 336 1919 aviditate
345 1869 427 1918 sciendi
437 1882 523 1920 tantum
531 1869 652 1919 litterarum
661 1870 732 1919 hausit
742 1870 809 1929 quod,
819 1870 862 1918 etsi·
870 1890 914 1918 non
923 1889 984 1917 com-

199 1941 337 2001 prehenderit
348 1954 455 2000 quantum
465 1941 564 1990 voluntas
576 1954 597 1989 et
608 1941 722 1990 delectatio
733 1943 800 1991 animi
810 1941 893 1996 luisset,
905 1941 985 1990 habere

200 2029 273 2065 tamen
287 2012 403 2063 libamenta
414 2014 484 2072 prima
495 2012 643 2073 philosophiae
653 2013 741 2063 moralis
752 2034 777 2062 ac
787 2008 987 2062 bonarumartium

158 2090 186 2139 25
202 2088 318 2139 videretur.
913 2150 915 2152 ι

243 2160 283 2208 His
298 2161 424 2218 parentibus
430 2162 475 2208 nati
481 2159 557 2208 iratres
564 2161 605 2208 sibi
612 2162 657 2209 duo
663 2174 721 2222 sunt,
730 2161 805 2209 lunius
811 2160 903 2208 Anneus
910 2158 985 2207 Gallio

201 2248 222 2282 et
237 2234 263 2282 L,
279 2233 369 2281 Anneus
384 2231 458 2286 Mella,
473 2232 556 2281 Lucani
570 2245 637 2291 pater.
652 2233 687 2281 De
702 2233 790 2281 Lucano
804 2231 894 2291 quidem
907 2243 929 2279 et
942 2242 987 2278 trau

201 2309 249 2366 gico
265 2307 353 2361 Seneca,
370 2306 437 2355 nostri
453 2306 539 2355 moralis
555 2306 650 2355 Senecae
665 2306 716 2361 filio,
732 2318 806 2360 actum
821 2304 871 2353 satis
887 2303 988 2353 existimo

201 2380 348 2440 superioribus
364 2379 424 2427 libris
440 2399 492 2428 cum
508 2380 626 2428 dicendum
642 2380 669 2428 de
685 2380 755 2438 poetis
771 2378 820 2427 luit.
837 2377 919 2425 Seneca
936 2395 986 2425 vero

160 2454 188 2501 30
204 2451 296 2506 moralis,
315 2452 376 2500 cuius
394 2452 528 2500 memorandi
545 2472 609 2500 causa
626 2470 697 2500 sermo
714 2463 746 2500 est
763 2451 902 2509 impresentia
919 2462 987 2503 ortus,

202 2539 320 2583 utrumque
332 2524 421 2573 lratrem
434 2538 509 2579 aetate,
524 2524 635 2583 sapientia,
649 2524 754 2583 dignitate
767 2523 882 2582 superavit,
897 2543 937 2570 nec
950 2542 986 2568 suu

203 2598 285 2657 paravit
301 2598 367 2646 modo
383 2616 459 2646 verum
475 2596 516 2645 illis
533 2598 598 2646 etiam
613 2610 638 2646 ut
659 2597 798 2646 ascenderent
819 2595 952 2656 principium
967 2606 991 2642 et

202 2670 280 2729 gradus
290 2669 340 2719 fuit.
351 2670 451 2718 Honores
460 2669 513 2718 alter
522 2668 614 2718 fratrum
623 2691 675 2718 curn
684 2669 778 2718 Senecae
787 2669 861 2718 lavore
870 2681 918 2717 tum
927 2667 987 2726 prin-

203 2744 277 2802 cipum
296 2743 363 2800 gratia
382 2742 512 2802 propriaque
531 2742 611 2791 virtute
630 2763 655 2790 ac
674 2742 780 2790 industria
799 2753 928 2790 consecutus
948 2752 988 2793 est,

202 2931 222 2976 3.
236 2928 329 2976 naturalis
344 2950 381 2975 om.
395 2930 418 2974 F.
476 2928 506 2975 14.
521 2931 581 2975 homo
595 2948 632 2975 om.
646 2928 669 2981 F,
681 2936 694 2975 i.
704 2947 730 2974 m.
742 2928 787 2974 aad.
797 2927 862 2973 Sicco.
920 2925 951 2973 Π.
964 2925 992 2971 ad

162 3006 176 3043 ι’.
191 3018 206 3044 r.
220 2997 239 3044 0
254 2998 305 3052 (erat
320 3015 364 3052 erga
372 2999 391 3053 l)
406 2997 431 3042 ad
445 2998 468 3044 F.
