2093 3253
244 179 372 211 scurronum
386 180 511 212 rutusmrun
523 192 538 196 -
551 181 609 211 ursan
622 181 675 213 xun.
827 167 866 214 383

83 296 134 343 alias
148 308 196 344 tum
211 316 236 344 ex
246 295 321 354 Capua
331 296 360 343 ita
370 295 454 352 scripsit
464 308 488 343 ut
498 295 528 342 illi
539 309 560 344 et
569 295 739 343 benivolentiam
748 316 792 343 non
803 296 868 343 modo

37 392 39 395 ⁴
84 369 129 416 sine
144 367 274 416 contumelia
288 368 443 416 verumetiam
457 368 549 416 maxima
563 388 615 416 cum
629 367 693 416 laude
707 366 804 425 Pompeii
819 387 868 425 erga

84 442 157 500 ipsum
171 440 300 499 significaret
312 460 431 500 pacemque
442 441 483 488 sibi
495 441 569 500 aequis
581 440 747 489 condicionibus
760 440 867 488 suaderet.

85 515 129 564 Sed
143 534 252 574 nusquam
266 514 385 562 exhortatio
397 514 443 561 eius
454 532 505 562 vero
517 527 538 561 et
550 513 620 562 stabili
632 534 684 563 cum
694 533 784 562 assensu
795 513 868 561 audita
921 551 923 554 <

60 591 72 638 5
89 602 127 643 est,
139 588 199 647 quod
210 588 244 634 isti
255 600 320 645 atque
331 586 368 641 illi,
379 587 419 634 etsi
430 607 506 644 pacem
515 587 615 635 affectare
625 588 750 635 viderentur
759 606 784 634 ac
795 586 868 643 lingua

84 673 181 720 peterent
196 659 313 714 interdum,
327 659 411 708 animos
424 671 497 708 tamen
511 678 596 717 semper
610 660 638 708 ad
651 659 734 709 bellum
748 658 867 707 obstinatos

84 755 109 782 ac
123 735 242 792 pertinaces
258 733 361 781 baberent
371 732 583 791 perturbandamque
592 733 620 781 ad
630 753 706 790 pacem
716 752 781 781 novas
792 731 869 780 dietim
927 768 929 770 ·

84 807 222 855 condiciones
236 806 344 854 afferrent.

129 880 211 928 Interea
226 898 277 926 vero
291 898 342 926 curn
354 878 381 926 de
392 897 445 936 pace
456 878 533 927 Cicero
544 878 668 937 loqueretur
685 891 706 926 et
722 889 800 936 ageret,
813 877 868 925 Cae-

47 953 73 1001 10
82 971 121 1000 sar
136 952 240 1000 Picenum
255 971 331 1009 agrum
347 951 506 1009 Umbriamque
521 963 586 1010 atque
600 951 723 1000 Aetruriam
738 950 868 1010 praemissis,

17 1082 19 1086 .
46 1064 47 1067 η
86 1037 110 1072 ut
125 1024 176 1078 dixi,
189 1023 310 1081 legionibus
323 1023 443 1081 occupavit.
456 1023 572 1081 Pompeius
584 1041 635 1071 vero
648 1024 758 1081 Superum
770 1023 798 1070 ad
811 1042 869 1083 mare

85 1090 176 1146 tendens
191 1096 340 1145 Brundusium
351 1095 440 1144 tandem
450 1094 517 1144 venit.
529 1093 606 1143 Cicero
617 1108 690 1143 autem
702 1094 756 1143 dum
767 1094 808 1142 sibi
819 1108 869 1154 post

86 1170 197 1218 dimissam
209 1169 287 1217 urbem
299 1188 345 1216 esse
357 1169 379 1216 in
394 1167 454 1216 ltalia
466 1168 529 1216 licere
541 1168 632 1227 putavit,
646 1168 690 1216 suis
702 1168 725 1215 in
737 1167 829 1226 praediis
840 1168 869 1216 ad

86 1261 144 1290 mare
161 1241 258 1290 Inferum
273 1241 383 1289 habitavit.
402 1240 630 1298 Plurimumquidem
647 1234 727 1287 subin
746 1240 868 1294 Formiano,

48 1312 76 1364 15
87 1314 204 1373 aliquando
219 1314 241 1362 in
256 1314 369 1368 Cumano,¹
377 1312 487 1362 interdum
499 1307 584 1370 Arpini,
598 1311 870 1371 nonnunquam-Capuae

86 1400 181 1436 versatus
196 1399 236 1435 est.
252 1385 394 1444 Campaniam
408 1404 458 1434 vero
472 1385 605 1443 designatam
619 1385 660 1435 sibi
674 1406 687 1434 a
701 1385 804 1444 Pompeio
818 1405 869 1443 pro·

87 1461 180 1509 vinciam
195 1480 219 1507 ea
234 1459 381 1508 moderatione
394 1458 464 1507 tenuit
479 1472 500 1507 et
515 1458 642 1516 gubernavit
656 1472 681 1507 ut
696 1459 766 1524 neutri
781 1479 869 1517 suspec-

85 1546 122 1580 tus
135 1545 191 1580 esset
206 1532 244 1579 sed
258 1531 340 1579 amicus
351 1531 464 1589 utriusque
474 1530 583 1579 videretur
597 1551 622 1578 ac
637 1530 704 1579 libere
714 1549 799 1590 semper
809 1531 869 1590 loqui

86 1604 113 1654 de
127 1624 180 1663 pace
194 1616 274 1663 posset.
739 1645 741 1648 Α

45 1678 73 1726 20
130 1677 222 1726 Litteras
237 1676 278 1725 sibi
293 1688 317 1724 ut
329 1676 407 1724 rediret
418 1675 447 1724 ad
457 1676 535 1724 urbem
546 1676 631 1735 scripsit
643 1676 721 1725 Caesar
730 1676 871 1735 ,Pelignorum
885 1707 887 1711 ·

86 1771 113 1798 ex
127 1768 185 1807 agro,
200 1769 251 1797 cum
267 1761 316 1806 post
331 1761 420 1806 captum
436 1748 557 1796 Corfinium
573 1762 697 1807 properaret
713 1735 869 1815 Edundusium

86 1822 119 1871 his
134 1822 212 1871 verbis:
227 1838 236 1862 r
245 1819 271 1870 C.
287 1819 354 1869 tulius
367 1820 446 1870 Caesar
458 1821 574 1879 imperator
587 1820 624 1870 sal.
638 1821 659 1871 d.
674 1821 707 1871 M.
720 1814 795 1871 tullio
807 1819 870 1870 Cice-

87 1894 134 1943 roni
150 1894 281 1952 imperatori.
298 1892 357 1941 Cum
374 1893 479 1942 Furvium
495 1906 594 1943 nostrum
609 1907 696 1942 tantum
711 1894 815 1942 vidissem
831 1915 870 1943 nec

87 1966 146 2025 loqui
162 1985 202 2015 nec
216 1965 291 2014 audire
302 1985 350 2014 meo
360 1967 476 2015 commodo
486 1965 605 2025 potuissem
615 1984 797 2025 properaremque
806 1979 871 2026 atque
925 1998 926 2002 =

46 2041 73 2090 25
89 2061 159 2089 essem
173 2040 195 2088 in
210 2040 286 2088 itinere
300 2040 422 2098 praemissis
445 2040 488 2088 iam
510 2039 638 2098 legionibus,
661 2041 776 2099 praeterire
798 2053 871 2089 tamen

87 2133 131 2162 non
146 2111 207 2172 potui
222 2111 276 2171 quin
288 2124 310 2160 et
321 2112 438 2161 scriberem
449 2113 477 2161 ad
489 2125 511 2162 te
522 2124 544 2160 et
556 2106 618 2161 illum
630 2112 738 2161 mitterem
750 2113 871 2173 gratiasque

87 2204 179 2243 agerem.
194 2184 240 2232 Etsi
252 2184 349 2232 officium
360 2185 401 2232 boc
412 2205 476 2243 saepe
487 2197 508 2232 et
520 2185 605 2243 saepius
617 2185 670 2232 mibi
681 2184 777 2233 tacturus
789 2185 870 2240 videor,

88 2258 117 2305 ita
132 2257 160 2304 de
174 2276 209 2304 me
224 2256 319 2304 mereris.
336 2256 445 2314 Imprimis
463 2269 507 2305 ate
515 2270 573 2314 peto,
583 2256 687 2314 quoniam
695 2257 782 2305 confido
792 2277 827 2304 me
836 2277 871 2305 ce-

57 2366 58 2369 *
87 2330 159 2378 leriter
170 2329 201 2377 ad
215 2328 292 2377 urbem
308 2342 431 2384 venturum,
447 2343 472 2378 ut
487 2343 509 2377 te
524 2329 555 2377 ibi
571 2329 663 2384 videam,
680 2342 704 2377 'ut
719 2342 758 2378 tuo
774 2329 871 2385 consilio,

46 2402 75 2450 30
89 2402 162 2459 gratia,
178 2400 288 2457 dignitate,
301 2422 342 2458 ope
353 2402 452 2450 omniurn
463 2421 535 2450 rerum
546 2402 578 2450 uti
589 2402 678 2459 possim.
689 2401 726 2450 Ad
736 2402 872 2459 propositum

88 2486 188 2523 revertar.
204 2471 344 2521 Festinationi
370 2494 430 2522 meae
455 2473 598 2533 brevitatique
622 2472 742 2522 litterarum
761 2474 871 2533 ignosces.

88 2546 178 2607 Reliqua
193 2566 219 2596 ex
235 2544 315 2595 Furvio
327 2566 450 2606 cognosces.
464 2546 523 2597 Vale.
534 2563 543 2587 >1

129 2620 165 2669 Ad
176 2640 201 2668 ea
212 2618 323 2667 Ciceronis
335 2621 446 2679 responsio
458 2621 510 2669 haec
520 2619 569 2668 tuit:
581 2637 590 2660 (ῑ
599 2619 633 2668 Μ.
644 2619 731 2669 Tullius
742 2619 819 2669 Cicero
830 2621 871 2669 im·

87 2705 173 2752 perator
187 2692 224 2742 sal.
239 2690 260 2739 d.
275 2690 301 2740 C.
317 2692 372 2743 Iulio
386 2693 471 2743 Caesari
485 2693 616 2751 imperatori.
631 2693 662 2743 Ut
675 2693 716 2751 legi
730 2693 871 2743 tuaslitteras

46 2765 74 2813 35
89 2787 142 2825 quas
157 2787 169 2816 a
185 2768 264 2816 Furvio
273 2771 347 2817 nostro
356 2785 487 2825 acceperam,
497 2766 578 2825 quibus
588 2787 674 2834 mecum
682 2766 759 2825 agebas
769 2779 793 2815 ut
802 2786 872 2815 essem

49 2887 191 2896 —-—

70 2935 72 2939 ’
100 2955 128 2992 22.
141 2955 177 2995 cn.
190 2957 226 2995 Aa.
240 2955 269 2995 rx.
283 2956 326 2994 on.
376 2956 404 2995 33.
417 2955 452 2993 cre.
465 2957 501 2994 aar.
514 2941 543 2994 ur.
559 2956 576 2992 u
592 2954 612 2991 Α.
