<?xml version="1.0" encoding="UTF-8"?>
<!DOCTYPE html PUBLIC "-//W3C//DTD XHTML 1.0 Transitional//EN"
    "http://www.w3.org/TR/xhtml1/DTD/xhtml1-transitional.dtd">
<html xmlns="http://www.w3.org/1999/xhtml" xml:lang="en" lang="en">
 <head>
  <title>
</title>
<meta http-equiv="Content-Type" content="text/html;charset=utf-8" />
  <meta name='ocr-system' content='tesseract 3.04.00' />
  <meta name='ocr-capabilities' content='ocr_page ocr_carea ocr_par ocr_line ocrx_word'/>
</head>
<body>
  <div class='ocr_page' id='page_1' title='image "MN40033ucmf_2_0568.png"; bbox 0 0 2093 3253; ppageno 0'>
   <div class='ocr_carea' id='block_1_1' title="bbox 172 219 700 263">
    <p class='ocr_par' dir='ltr' id='par_1_1' title="bbox 172 219 700 263">
     <span class='ocr_line' id='line_1_1' title="bbox 172 219 700 263; baseline -0.004 0"><span class='ocrx_word' id='word_1_1' title='bbox 172 219 215 263; x_wconf 61' lang='lat'>1494</span> <span class='ocrx_word' id='word_1_2' title='bbox 398 243 400 246; x_wconf 92' lang='lat'><em>-</em></span> <span class='ocrx_word' id='word_1_3' title='bbox 473 230 568 262; x_wconf 82' lang='lat' dir='ltr'>srccoms</span> <span class='ocrx_word' id='word_1_4' title='bbox 582 230 700 262; x_wconf 72' lang='lat' dir='ltr'>nocturum</span> 
     </span>
    </p>
   </div>
   <div class='ocr_carea' id='block_1_2' title="bbox 128 343 1018 2797">
    <p class='ocr_par' dir='ltr' id='par_1_2' title="bbox 173 343 1005 549">
     <span class='ocr_line' id='line_1_2' title="bbox 173 343 1005 409; baseline 0.001 -17"><span class='ocrx_word' id='word_1_5' title='bbox 173 398 175 402; x_wconf 88' lang='lat'>.</span> <span class='ocrx_word' id='word_1_6' title='bbox 215 344 285 409; x_wconf 17' lang='lat' dir='ltr'>*tuisse</span> <span class='ocrx_word' id='word_1_7' title='bbox 303 344 377 393; x_wconf 88' lang='lat' dir='ltr'>audire</span> <span class='ocrx_word' id='word_1_8' title='bbox 396 344 525 393; x_wconf 84' lang='lat' dir='ltr'>Ciceronem</span> <span class='ocrx_word' id='word_1_9' title='bbox 544 343 566 392; x_wconf 88' lang='lat' dir='ltr'>ni</span> <span class='ocrx_word' id='word_1_10' title='bbox 584 344 703 393; x_wconf 86' lang='lat' dir='ltr'>vetuissent</span> <span class='ocrx_word' id='word_1_11' title='bbox 721 343 777 393; x_wconf 86' lang='lat' dir='ltr'>bella</span> <span class='ocrx_word' id='word_1_12' title='bbox 795 343 865 393; x_wconf 87' lang='lat' dir='ltr'>civilia</span> <span class='ocrx_word' id='word_1_13' title='bbox 884 343 956 393; x_wconf 80' lang='lat' dir='ltr'>relert.</span> <span class='ocrx_word' id='word_1_14' title='bbox 975 344 1005 393; x_wconf 78' lang='lat' dir='ltr'>Ea</span> 
     </span>
     <span class='ocr_line' id='line_1_3' title="bbox 218 413 1004 476; baseline 0 -11"><span class='ocrx_word' id='word_1_15' title='bbox 218 415 308 475; x_wconf 88' lang='lat' dir='ltr'>quidem</span> <span class='ocrx_word' id='word_1_16' title='bbox 327 415 390 471; x_wconf 89' lang='lat' dir='ltr'>bella,</span> <span class='ocrx_word' id='word_1_17' title='bbox 409 429 434 464; x_wconf 92' lang='lat' dir='ltr'>ut</span> <span class='ocrx_word' id='word_1_18' title='bbox 453 416 564 474; x_wconf 84' lang='lat' dir='ltr'>superiora</span> <span class='ocrx_word' id='word_1_19' title='bbox 583 413 709 470; x_wconf 49' lang='lat' dir='ltr'>mittamus(</span> <span class='ocrx_word' id='word_1_20' title='bbox 721 414 757 464; x_wconf 85' lang='lat' dir='ltr'>illa</span> <span class='ocrx_word' id='word_1_21' title='bbox 776 415 865 466; x_wconf 88' lang='lat' dir='ltr'>luerunt</span> <span class='ocrx_word' id='word_1_22' title='bbox 884 437 939 476; x_wconf 88' lang='lat' dir='ltr'>quae</span> <span class='ocrx_word' id='word_1_23' title='bbox 958 429 1004 465; x_wconf 86' lang='lat' dir='ltr'>orta</span> 
     </span>
     <span class='ocr_line' id='line_1_4' title="bbox 220 486 1004 549; baseline 0 -11"><span class='ocrx_word' id='word_1_24' title='bbox 220 487 269 538; x_wconf 91' lang='lat' dir='ltr'>Iulii</span> <span class='ocrx_word' id='word_1_25' title='bbox 283 486 381 538; x_wconf 79' lang='lat' dir='ltr'>Caesaris</span> <span class='ocrx_word' id='word_1_26' title='bbox 395 501 464 538; x_wconf 89' lang='lat' dir='ltr'>morte</span> <span class='ocrx_word' id='word_1_27' title='bbox 478 501 536 538; x_wconf 90' lang='lat' dir='ltr'>sunt.</span> <span class='ocrx_word' id='word_1_28' title='bbox 550 488 680 538; x_wconf 90' lang='lat' dir='ltr'>Ciceronem</span> <span class='ocrx_word' id='word_1_29' title='bbox 688 501 765 539; x_wconf 63' lang='lat' dir='ltr'>‘autem</span> <span class='ocrx_word' id='word_1_30' title='bbox 778 509 846 538; x_wconf 88' lang='lat' dir='ltr'>annos</span> <span class='ocrx_word' id='word_1_31' title='bbox 860 490 919 539; x_wconf 90' lang='lat' dir='ltr'>haud</span> <span class='ocrx_word' id='word_1_32' title='bbox 932 488 1004 549; x_wconf 89' lang='lat' dir='ltr'>plures</span> 
     </span>
    </p>

    <p class='ocr_par' dir='ltr' id='par_1_3' title="bbox 174 562 1018 622">
     <span class='ocr_line' id='line_1_5' title="bbox 174 562 1018 622; baseline -0.001 -10"><span class='ocrx_word' id='word_1_33' title='bbox 174 615 176 618; x_wconf 14' lang='grc' dir='ltr'><em>Α</em></span> <span class='ocrx_word' id='word_1_34' title='bbox 218 575 321 622; x_wconf 88' lang='lat' dir='ltr'>quattuor</span> <span class='ocrx_word' id='word_1_35' title='bbox 338 562 393 611; x_wconf 86' lang='lat' dir='ltr'>tutio</span> <span class='ocrx_word' id='word_1_36' title='bbox 409 562 655 622; x_wconf 76' lang='lat' dir='ltr'>Caesarisupervixisse</span> <span class='ocrx_word' id='word_1_37' title='bbox 669 576 761 612; x_wconf 86' lang='lat' dir='ltr'>constat.</span> <span class='ocrx_word' id='word_1_38' title='bbox 777 563 931 613; x_wconf 74' lang='lat' dir='ltr'>EratJSeneca</span> <span class='ocrx_word' id='word_1_39' title='bbox 951 576 1018 612; x_wconf 63' lang='lat' dir='ltr'>tunc,</span> 
     </span>
    </p>

    <p class='ocr_par' dir='ltr' id='par_1_4' title="bbox 175 634 1006 696">
     <span class='ocr_line' id='line_1_6' title="bbox 175 634 1006 696; baseline 0.002 -15"><span class='ocrx_word' id='word_1_40' title='bbox 175 676 178 681; x_wconf 85' lang='lat'><em>.</em></span> <span class='ocrx_word' id='word_1_41' title='bbox 192 637 205 685; x_wconf 87' lang='grc'><strong><em>5</em></strong></span> <span class='ocrx_word' id='word_1_42' title='bbox 219 654 295 688; x_wconf 90' lang='lat' dir='ltr'>annos,</span> <span class='ocrx_word' id='word_1_43' title='bbox 307 635 413 696; x_wconf 85' lang='lat' dir='ltr'>existimo,</span> <span class='ocrx_word' id='word_1_44' title='bbox 424 635 500 683; x_wconf 84' lang='lat' dir='ltr'>saltem</span> <span class='ocrx_word' id='word_1_45' title='bbox 511 648 648 693; x_wconf 76' lang='lat' dir='ltr'>quattuorue</span> <span class='ocrx_word' id='word_1_46' title='bbox 659 635 735 683; x_wconf 88' lang='lat' dir='ltr'>decern</span> <span class='ocrx_word' id='word_1_47' title='bbox 745 648 816 684; x_wconf 85' lang='lat' dir='ltr'>natus.</span> <span class='ocrx_word' id='word_1_48' title='bbox 827 635 937 685; x_wconf 70' lang='lat' dir='ltr'>Audiendi</span> <span class='ocrx_word' id='word_1_49' title='bbox 947 634 1006 683; x_wconf 89' lang='lat' dir='ltr'>enirn</span> 
     </span>
    </p>

    <p class='ocr_par' dir='ltr' id='par_1_5' title="bbox 175 706 1005 844">
     <span class='ocr_line' id='line_1_7' title="bbox 175 706 1005 766; baseline -0.001 -9"><span class='ocrx_word' id='word_1_50' title='bbox 175 754 177 757; x_wconf 86' lang='lat'>.</span> <span class='ocrx_word' id='word_1_51' title='bbox 219 706 331 757; x_wconf 83' lang='lat' dir='ltr'>Ciceronis</span> <span class='ocrx_word' id='word_1_52' title='bbox 341 707 486 756; x_wconf 83' lang='lat' dir='ltr'>idoneaaetas</span> <span class='ocrx_word' id='word_1_53' title='bbox 497 708 568 756; x_wconf 92' lang='lat' dir='ltr'>minor</span> <span class='ocrx_word' id='word_1_54' title='bbox 579 727 626 756; x_wconf 89' lang='lat' dir='ltr'>mea</span> <span class='ocrx_word' id='word_1_55' title='bbox 637 708 742 757; x_wconf 86' lang='lat' dir='ltr'>sententia</span> <span class='ocrx_word' id='word_1_56' title='bbox 753 728 798 756; x_wconf 92' lang='lat' dir='ltr'>non</span> <span class='ocrx_word' id='word_1_57' title='bbox 808 706 891 757; x_wconf 83' lang='lat' dir='ltr'>luisset.</span> <span class='ocrx_word' id='word_1_58' title='bbox 903 707 944 756; x_wconf 91' lang='lat' dir='ltr'>His</span> <span class='ocrx_word' id='word_1_59' title='bbox 954 725 1005 766; x_wconf 77' lang='lat' dir='ltr'>ergo</span> 
     </span>
     <span class='ocr_line' id='line_1_8' title="bbox 218 778 1003 844; baseline 0 -16"><span class='ocrx_word' id='word_1_60' title='bbox 218 779 283 828; x_wconf 91' lang='lat' dir='ltr'>velim</span> <span class='ocrx_word' id='word_1_61' title='bbox 297 799 365 844; x_wconf 84' lang='lat' dir='ltr'>annos</span> <span class='ocrx_word' id='word_1_62' title='bbox 380 779 485 829; x_wconf 77' lang='lat' dir='ltr'>addamus</span> <span class='ocrx_word' id='word_1_63' title='bbox 501 793 557 829; x_wconf 89' lang='lat' dir='ltr'>octo.</span> <span class='ocrx_word' id='word_1_64' title='bbox 572 778 631 829; x_wconf 87' lang='lat' dir='ltr'>Nam</span> <span class='ocrx_word' id='word_1_65' title='bbox 646 794 695 838; x_wconf 88' lang='lat' dir='ltr'>post</span> <span class='ocrx_word' id='word_1_66' title='bbox 709 781 821 829; x_wconf 84' lang='lat' dir='ltr'>Ciceronis</span> <span class='ocrx_word' id='word_1_67' title='bbox 836 793 929 829; x_wconf 89' lang='lat' dir='ltr'>mortem</span> <span class='ocrx_word' id='word_1_68' title='bbox 942 779 1003 829; x_wconf 85' lang='lat' dir='ltr'>finita</span> 
     </span>
    </p>

    <p class='ocr_par' dir='ltr' id='par_1_6' title="bbox 128 852 1003 910">
     <span class='ocr_line' id='line_1_9' title="bbox 128 852 1003 910; baseline 0 -9"><span class='ocrx_word' id='word_1_69' title='bbox 128 860 130 862; x_wconf 73' lang='grc'><strong>’</strong></span> <span class='ocrx_word' id='word_1_70' title='bbox 176 903 178 906; x_wconf 75' lang='grc'><strong>,</strong></span> <span class='ocrx_word' id='word_1_71' title='bbox 218 866 294 901; x_wconf 87' lang='lat' dir='ltr'>octavo</span> <span class='ocrx_word' id='word_1_72' title='bbox 310 873 368 901; x_wconf 88' lang='lat' dir='ltr'>anno</span> <span class='ocrx_word' id='word_1_73' title='bbox 385 873 409 900; x_wconf 90' lang='lat' dir='ltr'>ea</span> <span class='ocrx_word' id='word_1_74' title='bbox 426 852 482 901; x_wconf 87' lang='lat' dir='ltr'>bella</span> <span class='ocrx_word' id='word_1_75' title='bbox 499 866 556 907; x_wconf 89' lang='lat' dir='ltr'>sunt,</span> <span class='ocrx_word' id='word_1_76' title='bbox 574 854 653 902; x_wconf 90' lang='lat' dir='ltr'>deinde</span> <span class='ocrx_word' id='word_1_77' title='bbox 669 853 801 904; x_wconf 87' lang='lat' dir='ltr'>Octavianus</span> <span class='ocrx_word' id='word_1_78' title='bbox 818 855 888 910; x_wconf 88' lang='lat' dir='ltr'>victor</span> <span class='ocrx_word' id='word_1_79' title='bbox 904 873 929 902; x_wconf 88' lang='lat' dir='ltr'>ac</span> <span class='ocrx_word' id='word_1_80' title='bbox 945 852 1003 902; x_wconf 88' lang='lat' dir='ltr'>solus</span> 
     </span>
    </p>

    <p class='ocr_par' dir='ltr' id='par_1_7' title="bbox 175 921 1003 985">
     <span class='ocr_line' id='line_1_10' title="bbox 175 921 1003 985; baseline 0.001 -13"><span class='ocrx_word' id='word_1_81' title='bbox 175 975 179 981; x_wconf 55' lang='grc'>,</span> <span class='ocrx_word' id='word_1_82' title='bbox 218 926 320 984; x_wconf 87' lang='lat' dir='ltr'>princeps</span> <span class='ocrx_word' id='word_1_83' title='bbox 336 924 394 973; x_wconf 85' lang='lat' dir='ltr'>orbis</span> <span class='ocrx_word' id='word_1_84' title='bbox 410 946 478 974; x_wconf 90' lang='lat' dir='ltr'>annos</span> <span class='ocrx_word' id='word_1_85' title='bbox 494 937 596 984; x_wconf 88' lang='lat' dir='ltr'>quattuor</span> <span class='ocrx_word' id='word_1_86' title='bbox 612 940 633 974; x_wconf 93' lang='lat' dir='ltr'>et</span> <span class='ocrx_word' id='word_1_87' title='bbox 649 921 790 985; x_wconf 84' lang='lat' dir='ltr'>quadraginta</span> <span class='ocrx_word' id='word_1_88' title='bbox 811 926 931 985; x_wconf 88' lang='lat' dir='ltr'>imperavit.</span> <span class='ocrx_word' id='word_1_89' title='bbox 953 926 1003 974; x_wconf 84' lang='lat' dir='ltr'>Post</span> 
     </span>
    </p>

    <p class='ocr_par' dir='ltr' id='par_1_8' title="bbox 178 997 1005 1059">
     <span class='ocr_line' id='line_1_11' title="bbox 178 997 1005 1059; baseline -0.004 -10"><span class='ocrx_word' id='word_1_90' title='bbox 178 1002 205 1055; x_wconf 87' lang='lat' dir='ltr'>lll</span> <span class='ocrx_word' id='word_1_91' title='bbox 217 1000 345 1059; x_wconf 67' lang='lat' dir='ltr'>Augustum</span> <span class='ocrx_word' id='word_1_92' title='bbox 361 997 469 1058; x_wconf 88' lang='lat' dir='ltr'>Tyberius</span> <span class='ocrx_word' id='word_1_93' title='bbox 486 1019 554 1047; x_wconf 91' lang='lat' dir='ltr'>annos</span> <span class='ocrx_word' id='word_1_94' title='bbox 571 1012 613 1048; x_wconf 89' lang='lat' dir='ltr'>tres</span> <span class='ocrx_word' id='word_1_95' title='bbox 631 1011 652 1047; x_wconf 89' lang='lat' dir='ltr'>et</span> <span class='ocrx_word' id='word_1_96' title='bbox 668 998 711 1048; x_wconf 89' lang='lat' dir='ltr'>XX</span> <span class='ocrx_word' id='word_1_97' title='bbox 727 998 845 1058; x_wconf 88' lang='lat' dir='ltr'>imperium</span> <span class='ocrx_word' id='word_1_98' title='bbox 861 998 938 1048; x_wconf 85' lang='lat' dir='ltr'>tenuit.</span> <span class='ocrx_word' id='word_1_99' title='bbox 954 998 1005 1047; x_wconf 87' lang='lat' dir='ltr'>Post</span> 
     </span>
    </p>

    <p class='ocr_par' dir='ltr' id='par_1_9' title="bbox 177 1071 1004 1131">
     <span class='ocr_line' id='line_1_12' title="bbox 177 1071 1004 1131; baseline 0.002 -14"><span class='ocrx_word' id='word_1_100' title='bbox 177 1113 179 1117; x_wconf 19' lang='grc' dir='ltr'><em>Α</em></span> <span class='ocrx_word' id='word_1_101' title='bbox 218 1072 340 1130; x_wconf 79' lang='lat' dir='ltr'>Tyberium</span> <span class='ocrx_word' id='word_1_102' title='bbox 360 1073 386 1121; x_wconf 87' lang='lat' dir='ltr'>C.</span> <span class='ocrx_word' id='word_1_103' title='bbox 407 1072 505 1131; x_wconf 79' lang='lat' dir='ltr'>Caligula</span> <span class='ocrx_word' id='word_1_104' title='bbox 524 1093 592 1121; x_wconf 83' lang='lat' dir='ltr'>annos</span> <span class='ocrx_word' id='word_1_105' title='bbox 615 1073 669 1127; x_wconf 87' lang='lat' dir='ltr'>IIII,</span> <span class='ocrx_word' id='word_1_106' title='bbox 690 1085 739 1131; x_wconf 84' lang='lat' dir='ltr'>post</span> <span class='ocrx_word' id='word_1_107' title='bbox 759 1072 880 1131; x_wconf 78' lang='lat' dir='ltr'>Caligulam</span> <span class='ocrx_word' id='word_1_108' title='bbox 899 1071 1004 1122; x_wconf 88' lang='lat' dir='ltr'>Claudius</span> 
     </span>
    </p>

    <p class='ocr_par' dir='ltr' id='par_1_10' title="bbox 177 1144 1006 1355">
     <span class='ocr_line' id='line_1_13' title="bbox 177 1144 1006 1211; baseline 0 -18"><span class='ocrx_word' id='word_1_109' title='bbox 177 1195 180 1199; x_wconf 66' lang='grc'><strong>,</strong></span> <span class='ocrx_word' id='word_1_110' title='bbox 218 1152 287 1194; x_wconf 87' lang='lat' dir='ltr'>annos</span> <span class='ocrx_word' id='word_1_111' title='bbox 303 1144 373 1192; x_wconf 83' lang='lat' dir='ltr'>XIIII</span> <span class='ocrx_word' id='word_1_112' title='bbox 390 1144 510 1203; x_wconf 86' lang='lat' dir='ltr'>imperavit.</span> <span class='ocrx_word' id='word_1_113' title='bbox 528 1144 740 1211; x_wconf 31' lang='lat' dir='ltr'>Claudiossuccessit</span> <span class='ocrx_word' id='word_1_114' title='bbox 757 1144 824 1199; x_wconf 90' lang='lat' dir='ltr'>Nero,</span> <span class='ocrx_word' id='word_1_115' title='bbox 836 1145 874 1203; x_wconf 87' lang='lat' dir='ltr'>qui</span> <span class='ocrx_word' id='word_1_116' title='bbox 890 1164 948 1193; x_wconf 90' lang='lat' dir='ltr'>anno</span> <span class='ocrx_word' id='word_1_117' title='bbox 964 1145 1006 1193; x_wconf 89' lang='lat' dir='ltr'>im·</span> 
     </span>
     <span class='ocr_line' id='line_1_14' title="bbox 219 1216 1006 1276; baseline -0.001 -11"><span class='ocrx_word' id='word_1_118' title='bbox 219 1217 273 1276; x_wconf 90' lang='lat' dir='ltr'>perii</span> <span class='ocrx_word' id='word_1_119' title='bbox 286 1217 319 1265; x_wconf 88' lang='lat' dir='ltr'>sui</span> <span class='ocrx_word' id='word_1_120' title='bbox 332 1216 372 1271; x_wconf 91' lang='lat' dir='ltr'>XI,</span> <span class='ocrx_word' id='word_1_121' title='bbox 385 1230 410 1264; x_wconf 92' lang='lat' dir='ltr'>ut</span> <span class='ocrx_word' id='word_1_122' title='bbox 422 1216 473 1270; x_wconf 82' lang='lat' dir='ltr'>dixi,</span> <span class='ocrx_word' id='word_1_123' title='bbox 487 1217 592 1265; x_wconf 83' lang='lat' dir='ltr'>Senecam</span> <span class='ocrx_word' id='word_1_124' title='bbox 604 1216 718 1266; x_wconf 79' lang='lat' dir='ltr'>interiecit.</span> <span class='ocrx_word' id='word_1_125' title='bbox 731 1216 842 1276; x_wconf 80' lang='lat' dir='ltr'>Tempora</span> <span class='ocrx_word' id='word_1_126' title='bbox 854 1217 907 1265; x_wconf 89' lang='lat' dir='ltr'>haec</span> <span class='ocrx_word' id='word_1_127' title='bbox 919 1217 937 1264; x_wconf 90' lang='lat' dir='ltr'>si</span> <span class='ocrx_word' id='word_1_128' title='bbox 949 1229 1006 1264; x_wconf 88' lang='lat' dir='ltr'>recte</span> 
     </span>
     <span class='ocr_line' id='line_1_15' title="bbox 220 1288 1005 1355; baseline -0.001 -19"><span class='ocrx_word' id='word_1_129' title='bbox 220 1289 347 1345; x_wconf 82' lang='lat' dir='ltr'>colligimus,</span> <span class='ocrx_word' id='word_1_130' title='bbox 360 1309 428 1337; x_wconf 90' lang='lat' dir='ltr'>annos</span> <span class='ocrx_word' id='word_1_131' title='bbox 441 1288 539 1337; x_wconf 90' lang='lat' dir='ltr'>CXVIII</span> <span class='ocrx_word' id='word_1_132' title='bbox 553 1288 646 1346; x_wconf 83' lang='lat' dir='ltr'>explent.</span> <span class='ocrx_word' id='word_1_133' title='bbox 659 1289 721 1345; x_wconf 88' lang='lat' dir='ltr'>Quae</span> <span class='ocrx_word' id='word_1_134' title='bbox 733 1291 780 1343; x_wconf 85' lang='lat' dir='ltr'>etsi,</span> <span class='ocrx_word' id='word_1_135' title='bbox 794 1303 818 1355; x_wconf 85' lang='lat' dir='ltr'>ut</span> <span class='ocrx_word' id='word_1_136' title='bbox 831 1290 955 1343; x_wconf 79' lang='lat' dir='ltr'>memoravi,</span> <span class='ocrx_word' id='word_1_137' title='bbox 967 1302 1005 1337; x_wconf 87' lang='lat' dir='ltr'>aut</span> 
     </span>
    </p>

    <p class='ocr_par' dir='ltr' id='par_1_11' title="bbox 180 1360 1008 1639">
     <span class='ocr_line' id='line_1_16' title="bbox 180 1360 1008 1419; baseline -0.002 -9"><span class='ocrx_word' id='word_1_138' title='bbox 180 1363 206 1410; x_wconf 89' lang='grc'>15</span> <span class='ocrx_word' id='word_1_139' title='bbox 221 1360 266 1409; x_wconf 88' lang='lat' dir='ltr'>suis</span> <span class='ocrx_word' id='word_1_140' title='bbox 279 1381 305 1409; x_wconf 91' lang='lat' dir='ltr'>ex</span> <span class='ocrx_word' id='word_1_141' title='bbox 318 1361 403 1419; x_wconf 90' lang='lat' dir='ltr'>scriptis</span> <span class='ocrx_word' id='word_1_142' title='bbox 416 1361 492 1409; x_wconf 86' lang='lat' dir='ltr'>hausta</span> <span class='ocrx_word' id='word_1_143' title='bbox 504 1373 541 1410; x_wconf 90' lang='lat' dir='ltr'>aut</span> <span class='ocrx_word' id='word_1_144' title='bbox 554 1360 623 1410; x_wconf 86' lang='lat' dir='ltr'>doctis</span> <span class='ocrx_word' id='word_1_145' title='bbox 636 1381 648 1409; x_wconf 88' lang='lat' dir='ltr'>a</span> <span class='ocrx_word' id='word_1_146' title='bbox 661 1360 712 1417; x_wconf 85' lang='lat' dir='ltr'>viris</span> <span class='ocrx_word' id='word_1_147' title='bbox 725 1361 803 1413; x_wconf 88' lang='lat' dir='ltr'>tradita</span> <span class='ocrx_word' id='word_1_148' title='bbox 816 1374 867 1409; x_wconf 88' lang='lat' dir='ltr'>sunt</span> <span class='ocrx_word' id='word_1_149' title='bbox 880 1374 970 1415; x_wconf 78' lang='lat' dir='ltr'>atvero,</span> <span class='ocrx_word' id='word_1_150' title='bbox 983 1380 1008 1408; x_wconf 84' lang='lat' dir='ltr'>ea</span> 
     </span>
     <span class='ocr_line' id='line_1_17' title="bbox 219 1432 1005 1495; baseline -0.003 -11"><span class='ocrx_word' id='word_1_151' title='bbox 219 1449 291 1484; x_wconf 88' lang='lat' dir='ltr'>tamen</span> <span class='ocrx_word' id='word_1_152' title='bbox 311 1436 438 1494; x_wconf 80' lang='lat' dir='ltr'>impugnare</span> <span class='ocrx_word' id='word_1_153' title='bbox 457 1432 528 1483; x_wconf 86' lang='lat' dir='ltr'>solent</span> <span class='ocrx_word' id='word_1_154' title='bbox 546 1433 636 1494; x_wconf 89' lang='lat' dir='ltr'>quidam</span> <span class='ocrx_word' id='word_1_155' title='bbox 655 1434 715 1495; x_wconf 88' lang='lat' dir='ltr'>quod</span> <span class='ocrx_word' id='word_1_156' title='bbox 734 1435 857 1485; x_wconf 81' lang='lat' dir='ltr'>existiment</span> <span class='ocrx_word' id='word_1_157' title='bbox 876 1434 1005 1484; x_wconf 87' lang='lat' dir='ltr'>Ciceronem</span> 
     </span>
     <span class='ocr_line' id='line_1_18' title="bbox 220 1507 1005 1567; baseline -0.003 -11"><span class='ocrx_word' id='word_1_158' title='bbox 220 1508 389 1567; x_wconf 77' lang='lat' dir='ltr'>haudquaquam</span> <span class='ocrx_word' id='word_1_159' title='bbox 403 1507 464 1556; x_wconf 89' lang='lat' dir='ltr'>aliter</span> <span class='ocrx_word' id='word_1_160' title='bbox 478 1507 547 1556; x_wconf 87' lang='lat' dir='ltr'>audiri</span> <span class='ocrx_word' id='word_1_161' title='bbox 562 1521 636 1556; x_wconf 85' lang='lat' dir='ltr'>nostro</span> <span class='ocrx_word' id='word_1_162' title='bbox 650 1530 662 1556; x_wconf 90' lang='lat' dir='ltr'>a</span> <span class='ocrx_word' id='word_1_163' title='bbox 677 1508 759 1556; x_wconf 86' lang='lat' dir='ltr'>Seneca</span> <span class='ocrx_word' id='word_1_164' title='bbox 773 1509 869 1566; x_wconf 89' lang='lat' dir='ltr'>potuisse</span> <span class='ocrx_word' id='word_1_165' title='bbox 884 1510 906 1556; x_wconf 93' lang='lat' dir='ltr'>ni</span> <span class='ocrx_word' id='word_1_166' title='bbox 920 1507 1005 1566; x_wconf 83' lang='lat' dir='ltr'>longius</span> 
     </span>
     <span class='ocr_line' id='line_1_19' title="bbox 220 1579 1005 1639; baseline -0.001 -11"><span class='ocrx_word' id='word_1_167' title='bbox 220 1580 291 1628; x_wconf 92' lang='lat' dir='ltr'>vivere</span> <span class='ocrx_word' id='word_1_168' title='bbox 310 1580 383 1638; x_wconf 84' lang='lat' dir='ltr'>ipsum</span> <span class='ocrx_word' id='word_1_169' title='bbox 402 1579 436 1627; x_wconf 84' lang='lat' dir='ltr'>M.</span> <span class='ocrx_word' id='word_1_170' title='bbox 455 1580 564 1628; x_wconf 76' lang='lat' dir='ltr'>Antonius</span> <span class='ocrx_word' id='word_1_171' title='bbox 583 1581 722 1638; x_wconf 82' lang='lat' dir='ltr'>permisisset.</span> <span class='ocrx_word' id='word_1_172' title='bbox 742 1579 850 1639; x_wconf 77' lang='lat' dir='ltr'>Equidem</span> <span class='ocrx_word' id='word_1_173' title='bbox 869 1580 1005 1638; x_wconf 85' lang='lat' dir='ltr'>respondebo</span> 
     </span>
    </p>

    <p class='ocr_par' dir='ltr' id='par_1_12' title="bbox 175 1651 1006 1710">
     <span class='ocr_line' id='line_1_20' title="bbox 175 1651 1006 1710; baseline 0.001 -12"><span class='ocrx_word' id='word_1_174' title='bbox 175 1671 177 1676; x_wconf 63' lang='lat'><strong>⁴</strong></span> <span class='ocrx_word' id='word_1_175' title='bbox 219 1653 266 1699; x_wconf 91' lang='lat' dir='ltr'>istis</span> <span class='ocrx_word' id='word_1_176' title='bbox 280 1651 343 1710; x_wconf 90' lang='lat' dir='ltr'>plane</span> <span class='ocrx_word' id='word_1_177' title='bbox 356 1666 421 1710; x_wconf 89' lang='lat' dir='ltr'>atque</span> <span class='ocrx_word' id='word_1_178' title='bbox 434 1652 525 1706; x_wconf 78' lang='lat' dir='ltr'>fatebor,</span> <span class='ocrx_word' id='word_1_179' title='bbox 539 1653 600 1710; x_wconf 90' lang='lat' dir='ltr'>quod</span> <span class='ocrx_word' id='word_1_180' title='bbox 613 1653 742 1707; x_wconf 88' lang='lat' dir='ltr'>desiderant,</span> <span class='ocrx_word' id='word_1_181' title='bbox 757 1653 864 1710; x_wconf 89' lang='lat' dir='ltr'>imprimis</span> <span class='ocrx_word' id='word_1_182' title='bbox 877 1652 1006 1700; x_wconf 84' lang='lat' dir='ltr'>Ciceronem</span> 
     </span>
    </p>

    <p class='ocr_par' dir='ltr' id='par_1_13' title="bbox 176 1716 1007 2064">
     <span class='ocr_line' id='line_1_21' title="bbox 176 1716 1007 1785; baseline -0.004 -12"><span class='ocrx_word' id='word_1_183' title='bbox 176 1726 206 1785; x_wconf 77' lang='grc'>20</span> <span class='ocrx_word' id='word_1_184' title='bbox 221 1724 293 1782; x_wconf 81' lang='lat' dir='ltr'>vivere</span> <span class='ocrx_word' id='word_1_185' title='bbox 305 1724 411 1773; x_wconf 82' lang='lat' dir='ltr'>beneficio</span> <span class='ocrx_word' id='word_1_186' title='bbox 423 1737 511 1773; x_wconf 89' lang='lat' dir='ltr'>naturae</span> <span class='ocrx_word' id='word_1_187' title='bbox 524 1725 546 1772; x_wconf 92' lang='lat' dir='ltr'>ni</span> <span class='ocrx_word' id='word_1_188' title='bbox 559 1724 643 1772; x_wconf 85' lang='lat' dir='ltr'>mortali</span> <span class='ocrx_word' id='word_1_189' title='bbox 656 1737 712 1772; x_wconf 88' lang='lat' dir='ltr'>esset</span> <span class='ocrx_word' id='word_1_190' title='bbox 724 1737 793 1772; x_wconf 91' lang='lat' dir='ltr'>morte</span> <span class='ocrx_word' id='word_1_191' title='bbox 806 1737 931 1782; x_wconf 87' lang='lat' dir='ltr'>peremptus</span> <span class='ocrx_word' id='word_1_192' title='bbox 939 1716 1007 1781; x_wconf 81' lang='lat' dir='ltr'>longe</span> 
     </span>
     <span class='ocr_line' id='line_1_22' title="bbox 220 1795 1005 1855; baseline 0.001 -11"><span class='ocrx_word' id='word_1_193' title='bbox 220 1795 302 1845; x_wconf 87' lang='lat' dir='ltr'>diutius</span> <span class='ocrx_word' id='word_1_194' title='bbox 318 1809 384 1855; x_wconf 87' lang='lat' dir='ltr'>atque</span> <span class='ocrx_word' id='word_1_195' title='bbox 400 1814 465 1854; x_wconf 90' lang='lat' dir='ltr'>supra</span> <span class='ocrx_word' id='word_1_196' title='bbox 481 1796 615 1855; x_wconf 79' lang='lat' dir='ltr'>trigennium</span> <span class='ocrx_word' id='word_1_197' title='bbox 630 1797 734 1855; x_wconf 87' lang='lat' dir='ltr'>potuisse.</span> <span class='ocrx_word' id='word_1_198' title='bbox 750 1798 841 1845; x_wconf 73' lang='lat' dir='ltr'>Annum</span> <span class='ocrx_word' id='word_1_199' title='bbox 852 1797 942 1855; x_wconf 88' lang='lat' dir='ltr'>quidem</span> <span class='ocrx_word' id='word_1_200' title='bbox 954 1816 1005 1845; x_wconf 89' lang='lat' dir='ltr'>cum</span> 
     </span>
     <span class='ocr_line' id='line_1_23' title="bbox 220 1867 1006 1929; baseline 0.001 -14"><span class='ocrx_word' id='word_1_201' title='bbox 220 1867 345 1916; x_wconf 77' lang='lat' dir='ltr'>interiectus</span> <span class='ocrx_word' id='word_1_202' title='bbox 358 1882 391 1916; x_wconf 87' lang='lat' dir='ltr'>est</span> <span class='ocrx_word' id='word_1_203' title='bbox 402 1882 505 1927; x_wconf 90' lang='lat' dir='ltr'>quartum</span> <span class='ocrx_word' id='word_1_204' title='bbox 517 1883 538 1929; x_wconf 86' lang='lat' dir='ltr'>et</span> <span class='ocrx_word' id='word_1_205' title='bbox 550 1871 707 1927; x_wconf 78' lang='lat' dir='ltr'>sexagesimum</span> <span class='ocrx_word' id='word_1_206' title='bbox 719 1883 771 1918; x_wconf 87' lang='lat' dir='ltr'>tunc</span> <span class='ocrx_word' id='word_1_207' title='bbox 783 1871 867 1928; x_wconf 84' lang='lat' dir='ltr'>agebat.</span> <span class='ocrx_word' id='word_1_208' title='bbox 879 1869 924 1917; x_wconf 87' lang='lat' dir='ltr'>Sed</span> <span class='ocrx_word' id='word_1_209' title='bbox 929 1869 1006 1917; x_wconf 85' lang='lat' dir='ltr'>memi-</span> 
     </span>
     <span class='ocr_line' id='line_1_24' title="bbox 220 1940 1007 2001; baseline 0.001 -13"><span class='ocrx_word' id='word_1_210' title='bbox 220 1940 292 1988; x_wconf 89' lang='lat' dir='ltr'>nerint</span> <span class='ocrx_word' id='word_1_211' title='bbox 302 1940 368 1989; x_wconf 89' lang='lat' dir='ltr'>velim</span> <span class='ocrx_word' id='word_1_212' title='bbox 380 1942 421 2000; x_wconf 91' lang='lat' dir='ltr'>ipsi</span> <span class='ocrx_word' id='word_1_213' title='bbox 433 1955 454 1989; x_wconf 87' lang='lat' dir='ltr'>et</span> <span class='ocrx_word' id='word_1_214' title='bbox 466 1941 548 1991; x_wconf 88' lang='lat' dir='ltr'>bellum</span> <span class='ocrx_word' id='word_1_215' title='bbox 559 1941 621 1991; x_wconf 90' lang='lat' dir='ltr'>civile</span> <span class='ocrx_word' id='word_1_216' title='bbox 633 1941 719 1992; x_wconf 90' lang='lat' dir='ltr'>nullum</span> <span class='ocrx_word' id='word_1_217' title='bbox 730 1954 779 2001; x_wconf 91' lang='lat' dir='ltr'>post</span> <span class='ocrx_word' id='word_1_218' title='bbox 790 1940 923 1996; x_wconf 81' lang='lat' dir='ltr'>triumvirale</span> <span class='ocrx_word' id='word_1_219' title='bbox 934 1953 1007 1990; x_wconf 88' lang='lat' dir='ltr'>ortum</span> 
     </span>
     <span class='ocr_line' id='line_1_25' title="bbox 221 2013 1006 2064; baseline 0.003 -4"><span class='ocrx_word' id='word_1_220' title='bbox 221 2025 242 2060; x_wconf 86' lang='lat' dir='ltr'>et</span> <span class='ocrx_word' id='word_1_221' title='bbox 251 2013 357 2060; x_wconf 76' lang='lat' dir='ltr'>Senecam</span> <span class='ocrx_word' id='word_1_222' title='bbox 367 2014 438 2061; x_wconf 90' lang='lat' dir='ltr'>dicere</span> <span class='ocrx_word' id='word_1_223' title='bbox 448 2034 470 2062; x_wconf 92' lang='lat' dir='ltr'>se</span> <span class='ocrx_word' id='word_1_224' title='bbox 480 2014 536 2062; x_wconf 89' lang='lat' dir='ltr'>intra</span> <span class='ocrx_word' id='word_1_225' title='bbox 545 2014 652 2063; x_wconf 92' lang='lat' dir='ltr'>coloniam</span> <span class='ocrx_word' id='word_1_226' title='bbox 662 2035 724 2064; x_wconf 89' lang='lat' dir='ltr'>suam</span> <span class='ocrx_word' id='word_1_227' title='bbox 733 2014 791 2064; x_wconf 88' lang='lat' dir='ltr'>bello</span> <span class='ocrx_word' id='word_1_228' title='bbox 801 2015 857 2063; x_wconf 88' lang='lat' dir='ltr'>civili</span> <span class='ocrx_word' id='word_1_229' title='bbox 867 2014 1006 2063; x_wconf 84' lang='lat' dir='ltr'>continuisse.</span> 
     </span>
    </p>

    <p class='ocr_par' dir='ltr' id='par_1_14' title="bbox 178 2084 1008 2291">
     <span class='ocr_line' id='line_1_26' title="bbox 178 2084 1008 2151; baseline -0.002 -16"><span class='ocrx_word' id='word_1_230' title='bbox 178 2087 206 2135; x_wconf 82' lang='grc'>25</span> <span class='ocrx_word' id='word_1_231' title='bbox 223 2084 282 2133; x_wconf 87' lang='lat' dir='ltr'>Haec</span> <span class='ocrx_word' id='word_1_232' title='bbox 294 2086 312 2134; x_wconf 89' lang='lat' dir='ltr'>si</span> <span class='ocrx_word' id='word_1_233' title='bbox 325 2085 426 2140; x_wconf 80' lang='lat' dir='ltr'>latentur,</span> <span class='ocrx_word' id='word_1_234' title='bbox 440 2107 480 2135; x_wconf 90' lang='lat' dir='ltr'>nec</span> <span class='ocrx_word' id='word_1_235' title='bbox 492 2087 616 2151; x_wconf 18' lang='lat' dir='ltr'>quisquam„</span> <span class='ocrx_word' id='word_1_236' title='bbox 621 2107 698 2147; x_wconf 82' lang='lat' dir='ltr'>negare</span> <span class='ocrx_word' id='word_1_237' title='bbox 710 2100 788 2146; x_wconf 85' lang='lat' dir='ltr'>potest,</span> <span class='ocrx_word' id='word_1_238' title='bbox 802 2086 909 2135; x_wconf 77' lang='lat' dir='ltr'>fateantur</span> <span class='ocrx_word' id='word_1_239' title='bbox 921 2105 1008 2134; x_wconf 87' lang='lat' dir='ltr'>neeesse</span> 
     </span>
     <span class='ocr_line' id='line_1_27' title="bbox 220 2157 1007 2220; baseline 0 -12"><span class='ocrx_word' id='word_1_240' title='bbox 220 2172 253 2208; x_wconf 86' lang='lat' dir='ltr'>est</span> <span class='ocrx_word' id='word_1_241' title='bbox 268 2160 373 2208; x_wconf 86' lang='lat' dir='ltr'>Senecam</span> <span class='ocrx_word' id='word_1_242' title='bbox 389 2172 488 2208; x_wconf 89' lang='lat' dir='ltr'>nostrum</span> <span class='ocrx_word' id='word_1_243' title='bbox 503 2173 579 2210; x_wconf 89' lang='lat' dir='ltr'>natum</span> <span class='ocrx_word' id='word_1_244' title='bbox 594 2174 659 2220; x_wconf 89' lang='lat' dir='ltr'>atque</span> <span class='ocrx_word' id='word_1_245' title='bbox 675 2159 780 2220; x_wconf 87' lang='lat' dir='ltr'>puberem</span> <span class='ocrx_word' id='word_1_246' title='bbox 795 2157 862 2209; x_wconf 85' lang='lat' dir='ltr'>luisse</span> <span class='ocrx_word' id='word_1_247' title='bbox 877 2158 934 2210; x_wconf 90' lang='lat' dir='ltr'>civili</span> <span class='ocrx_word' id='word_1_248' title='bbox 950 2158 1007 2209; x_wconf 90' lang='lat' dir='ltr'>hello</span> 
     </span>
     <span class='ocr_line' id='line_1_28' title="bbox 220 2228 852 2291; baseline 0.003 -12"><span class='ocrx_word' id='word_1_249' title='bbox 220 2252 339 2290; x_wconf 85' lang='lat' dir='ltr'>annosque,</span> <span class='ocrx_word' id='word_1_250' title='bbox 351 2244 375 2280; x_wconf 89' lang='lat' dir='ltr'>ut</span> <span class='ocrx_word' id='word_1_251' title='bbox 386 2232 438 2286; x_wconf 84' lang='lat' dir='ltr'>dixi,</span> <span class='ocrx_word' id='word_1_252' title='bbox 450 2252 515 2291; x_wconf 88' lang='lat' dir='ltr'>supra</span> <span class='ocrx_word' id='word_1_253' title='bbox 525 2233 545 2281; x_wconf 89' lang='lat' dir='ltr'>C</span> <span class='ocrx_word' id='word_1_254' title='bbox 555 2234 583 2281; x_wconf 90' lang='lat' dir='ltr'>ad</span> <span class='ocrx_word' id='word_1_255' title='bbox 592 2233 670 2282; x_wconf 86' lang='lat' dir='ltr'>XVIII</span> <span class='ocrx_word' id='word_1_256' title='bbox 682 2233 768 2282; x_wconf 82' lang='lat' dir='ltr'>vixisse.</span> <span class='ocrx_word' id='word_1_257' title='bbox 851 2228 852 2231; x_wconf 12' lang='grc' dir='ltr'><strong>Ἴ</strong></span> 
     </span>
    </p>

    <p class='ocr_par' dir='ltr' id='par_1_15' title="bbox 183 2303 1006 2437">
     <span class='ocr_line' id='line_1_29' title="bbox 183 2303 1006 2368; baseline -0.001 -15"><span class='ocrx_word' id='word_1_258' title='bbox 183 2365 185 2368; x_wconf 27' lang='grc' dir='ltr'>Ι</span> <span class='ocrx_word' id='word_1_259' title='bbox 263 2303 308 2353; x_wconf 86' lang='lat' dir='ltr'>Sed</span> <span class='ocrx_word' id='word_1_260' title='bbox 320 2304 430 2352; x_wconf 79' lang='lat' dir='ltr'>mittamus</span> <span class='ocrx_word' id='word_1_261' title='bbox 443 2304 499 2353; x_wconf 87' lang='lat' dir='ltr'>hanc</span> <span class='ocrx_word' id='word_1_262' title='bbox 511 2306 679 2354; x_wconf 89' lang='lat' dir='ltr'>controversiam</span> <span class='ocrx_word' id='word_1_263' title='bbox 690 2305 732 2353; x_wconf 89' lang='lat' dir='ltr'>illis</span> <span class='ocrx_word' id='word_1_264' title='bbox 745 2306 899 2364; x_wconf 85' lang='lat' dir='ltr'>disputandam</span> <span class='ocrx_word' id='word_1_265' title='bbox 911 2305 948 2362; x_wconf 86' lang='lat' dir='ltr'>qui</span> <span class='ocrx_word' id='word_1_266' title='bbox 960 2323 1006 2352; x_wconf 86' lang='lat' dir='ltr'>cer-</span> 
     </span>
     <span class='ocr_line' id='line_1_30' title="bbox 220 2377 1006 2437; baseline 0 -12"><span class='ocrx_word' id='word_1_267' title='bbox 220 2391 265 2425; x_wconf 89' lang='lat' dir='ltr'>tare</span> <span class='ocrx_word' id='word_1_268' title='bbox 279 2377 351 2436; x_wconf 89' lang='lat' dir='ltr'>potius</span> <span class='ocrx_word' id='word_1_269' title='bbox 366 2398 432 2436; x_wconf 91' lang='lat' dir='ltr'>quam</span> <span class='ocrx_word' id='word_1_270' title='bbox 445 2377 507 2426; x_wconf 83' lang='lat' dir='ltr'>lateri</span> <span class='ocrx_word' id='word_1_271' title='bbox 521 2399 576 2437; x_wconf 90' lang='lat' dir='ltr'>quae</span> <span class='ocrx_word' id='word_1_272' title='bbox 590 2379 633 2427; x_wconf 90' lang='lat' dir='ltr'>sint</span> <span class='ocrx_word' id='word_1_273' title='bbox 647 2398 696 2426; x_wconf 88' lang='lat' dir='ltr'>vera</span> <span class='ocrx_word' id='word_1_274' title='bbox 710 2391 731 2426; x_wconf 90' lang='lat' dir='ltr'>et</span> <span class='ocrx_word' id='word_1_275' title='bbox 745 2377 858 2426; x_wconf 71' lang='lat' dir='ltr'>manifesta</span> <span class='ocrx_word' id='word_1_276' title='bbox 872 2377 945 2426; x_wconf 88' lang='lat' dir='ltr'>velint.</span> <span class='ocrx_word' id='word_1_277' title='bbox 959 2377 1006 2426; x_wconf 87' lang='lat' dir='ltr'>Nos</span> 
     </span>
    </p>

    <p class='ocr_par' dir='ltr' id='par_1_16' title="bbox 172 2450 1009 2797">
     <span class='ocr_line' id='line_1_31' title="bbox 172 2450 1008 2509; baseline -0.002 -10"><span class='ocrx_word' id='word_1_278' title='bbox 172 2451 208 2507; x_wconf 80' lang='grc'>30</span> <span class='ocrx_word' id='word_1_279' title='bbox 222 2462 302 2504; x_wconf 85' lang='lat' dir='ltr'>autem,</span> <span class='ocrx_word' id='word_1_280' title='bbox 317 2450 377 2508; x_wconf 92' lang='lat' dir='ltr'>quod</span> <span class='ocrx_word' id='word_1_281' title='bbox 389 2470 459 2498; x_wconf 89' lang='lat' dir='ltr'>unum</span> <span class='ocrx_word' id='word_1_282' title='bbox 472 2463 544 2505; x_wconf 90' lang='lat' dir='ltr'>restat,</span> <span class='ocrx_word' id='word_1_283' title='bbox 558 2450 624 2506; x_wconf 85' lang='lat' dir='ltr'>libros</span> <span class='ocrx_word' id='word_1_284' title='bbox 638 2464 692 2509; x_wconf 90' lang='lat' dir='ltr'>quot</span> <span class='ocrx_word' id='word_1_285' title='bbox 705 2464 726 2499; x_wconf 90' lang='lat' dir='ltr'>et</span> <span class='ocrx_word' id='word_1_286' title='bbox 739 2452 777 2509; x_wconf 89' lang='lat' dir='ltr'>qui</span> <span class='ocrx_word' id='word_1_287' title='bbox 790 2462 841 2499; x_wconf 70' lang='lat' dir='ltr'>siant</span> <span class='ocrx_word' id='word_1_288' title='bbox 854 2450 882 2498; x_wconf 79' lang='lat' dir='ltr'>al)</span> <span class='ocrx_word' id='word_1_289' title='bbox 895 2471 921 2499; x_wconf 92' lang='lat' dir='ltr'>eo</span> <span class='ocrx_word' id='word_1_290' title='bbox 934 2450 1008 2508; x_wconf 83' lang='lat' dir='ltr'>scripti</span> 
     </span>
     <span class='ocr_line' id='line_1_32' title="bbox 221 2520 1008 2581; baseline 0.004 -13"><span class='ocrx_word' id='word_1_291' title='bbox 221 2520 340 2569; x_wconf 89' lang='lat' dir='ltr'>videamus.</span> <span class='ocrx_word' id='word_1_292' title='bbox 357 2520 449 2579; x_wconf 88' lang='lat' dir='ltr'>Scripsit</span> <span class='ocrx_word' id='word_1_293' title='bbox 465 2542 551 2580; x_wconf 89' lang='lat' dir='ltr'>nanque</span> <span class='ocrx_word' id='word_1_294' title='bbox 567 2523 641 2577; x_wconf 88' lang='lat' dir='ltr'>multa,</span> <span class='ocrx_word' id='word_1_295' title='bbox 658 2524 718 2581; x_wconf 89' lang='lat' dir='ltr'>quod</span> <span class='ocrx_word' id='word_1_296' title='bbox 733 2524 756 2571; x_wconf 91' lang='lat' dir='ltr'>in</span> <span class='ocrx_word' id='word_1_297' title='bbox 772 2544 804 2578; x_wconf 74' lang='lat' dir='ltr'>eo,</span> <span class='ocrx_word' id='word_1_298' title='bbox 821 2524 1008 2581; x_wconf 88' lang='lat' dir='ltr'>quemadmodum</span> 
     </span>
     <span class='ocr_line' id='line_1_33' title="bbox 222 2593 1009 2655; baseline 0.003 -14"><span class='ocrx_word' id='word_1_299' title='bbox 222 2594 346 2648; x_wconf 89' lang='lat' dir='ltr'>memoravi,</span> <span class='ocrx_word' id='word_1_300' title='bbox 359 2593 441 2643; x_wconf 90' lang='lat' dir='ltr'>clarum</span> <span class='ocrx_word' id='word_1_301' title='bbox 452 2595 571 2653; x_wconf 78' lang='lat' dir='ltr'>ingenium,</span> <span class='ocrx_word' id='word_1_302' title='bbox 583 2595 655 2655; x_wconf 88' lang='lat' dir='ltr'>ampla</span> <span class='ocrx_word' id='word_1_303' title='bbox 666 2594 816 2655; x_wconf 83' lang='lat' dir='ltr'>philosophiae</span> <span class='ocrx_word' id='word_1_304' title='bbox 828 2607 849 2644; x_wconf 87' lang='lat' dir='ltr'>et</span> <span class='ocrx_word' id='word_1_305' title='bbox 860 2594 1009 2644; x_wconf 86' lang='lat' dir='ltr'>doctrinarum</span> 
     </span>
     <span class='ocr_line' id='line_1_34' title="bbox 221 2666 1008 2728; baseline 0.001 -13"><span class='ocrx_word' id='word_1_306' title='bbox 221 2668 322 2725; x_wconf 83' lang='lat' dir='ltr'>cognitio,</span> <span class='ocrx_word' id='word_1_307' title='bbox 336 2667 379 2715; x_wconf 84' lang='lat' dir='ltr'>vita</span> <span class='ocrx_word' id='word_1_308' title='bbox 392 2667 517 2726; x_wconf 83' lang='lat' dir='ltr'>longissima</span> <span class='ocrx_word' id='word_1_309' title='bbox 529 2666 602 2717; x_wconf 84' lang='lat' dir='ltr'>luerit.</span> <span class='ocrx_word' id='word_1_310' title='bbox 615 2668 744 2726; x_wconf 83' lang='lat' dir='ltr'>Quintiliani</span> <span class='ocrx_word' id='word_1_311' title='bbox 758 2689 846 2728; x_wconf 89' lang='lat' dir='ltr'>quoque</span> <span class='ocrx_word' id='word_1_312' title='bbox 858 2668 1008 2716; x_wconf 88' lang='lat' dir='ltr'>testimonium</span> 
     </span>
     <span class='ocr_line' id='line_1_35' title="bbox 221 2739 1008 2797; baseline 0.003 -11"><span class='ocrx_word' id='word_1_313' title='bbox 221 2752 278 2787; x_wconf 85' lang='lat' dir='ltr'>extat</span> <span class='ocrx_word' id='word_1_314' title='bbox 295 2739 322 2786; x_wconf 88' lang='lat' dir='ltr'>ab</span> <span class='ocrx_word' id='word_1_315' title='bbox 340 2760 366 2786; x_wconf 91' lang='lat' dir='ltr'>eo</span> <span class='ocrx_word' id='word_1_316' title='bbox 383 2740 506 2787; x_wconf 86' lang='lat' dir='ltr'>studiorum</span> <span class='ocrx_word' id='word_1_317' title='bbox 523 2759 611 2787; x_wconf 85' lang='lat' dir='ltr'>ornnem</span> <span class='ocrx_word' id='word_1_318' title='bbox 627 2739 673 2787; x_wconf 78' lang='lat' dir='ltr'>lere</span> <span class='ocrx_word' id='word_1_319' title='bbox 690 2740 802 2787; x_wconf 81' lang='lat' dir='ltr'>materiam</span> <span class='ocrx_word' id='word_1_320' title='bbox 819 2752 970 2797; x_wconf 83' lang='lat' dir='ltr'>pertractatam</span> <span class='ocrx_word' id='word_1_321' title='bbox 987 2752 1008 2787; x_wconf 84' lang='lat' dir='ltr'>et</span> 
     </span>
    </p>
   </div>
   <div class='ocr_carea' id='block_1_3' title="bbox 181 2837 323 2845">
    <p class='ocr_par' dir='ltr' id='par_1_17' title="bbox 181 2837 323 2845">
     <span class='ocr_line' id='line_1_36' title="bbox 181 2837 323 2845; baseline -0.014 0"><span class='ocrx_word' id='word_1_322' title='bbox 181 2837 323 2845; x_wconf 46' lang='grc' dir='ltr'>...ω-φ...-</span> 
     </span>
    </p>
   </div>
   <div class='ocr_carea' id='block_1_4' title="bbox 186 2877 828 2925">
    <p class='ocr_par' dir='ltr' id='par_1_18' title="bbox 186 2877 828 2925">
     <span class='ocr_line' id='line_1_37' title="bbox 186 2877 828 2925; baseline 0 -9"><span class='ocrx_word' id='word_1_323' title='bbox 186 2923 188 2925; x_wconf 32' lang='lat'>·</span> <span class='ocrx_word' id='word_1_324' title='bbox 219 2882 232 2916; x_wconf 97' lang='grc'>1.</span> <span class='ocrx_word' id='word_1_325' title='bbox 245 2881 284 2917; x_wconf 88' lang='lat' dir='ltr'>Sen.</span> <span class='ocrx_word' id='word_1_326' title='bbox 297 2877 374 2918; x_wconf 70' lang='lat' dir='ltr'>Contrua</span> <span class='ocrx_word' id='word_1_327' title='bbox 387 2880 400 2921; x_wconf 79' lang='lat' dir='ltr'>l,</span> <span class='ocrx_word' id='word_1_328' title='bbox 412 2879 465 2916; x_wconf 81' lang='lat' dir='ltr'>Prael.</span> <span class='ocrx_word' id='word_1_329' title='bbox 482 2881 507 2916; x_wconf 86' lang='grc'>11.</span> <span class='ocrx_word' id='word_1_330' title='bbox 557 2880 585 2917; x_wconf 76' lang='lat'>33.</span> <span class='ocrx_word' id='word_1_331' title='bbox 598 2880 655 2922; x_wconf 83' lang='lat' dir='ltr'>Quint.</span> <span class='ocrx_word' id='word_1_332' title='bbox 668 2881 708 2918; x_wconf 74' lang='lat' dir='ltr'>Ina.</span> <span class='ocrx_word' id='word_1_333' title='bbox 721 2880 742 2916; x_wconf 88' lang='grc' dir='ltr'>Χ.</span> <span class='ocrx_word' id='word_1_334' title='bbox 761 2882 774 2917; x_wconf 90' lang='lat' dir='ltr'>l.</span> <span class='ocrx_word' id='word_1_335' title='bbox 791 2880 828 2917; x_wconf 78' lang='grc'>129.</span> 
     </span>
    </p>
   </div>
   <div class='ocr_carea' id='block_1_5' title="bbox 153 2979 691 3049">
    <p class='ocr_par' dir='ltr' id='par_1_19' title="bbox 153 2979 691 3049">
     <span class='ocr_line' id='line_1_38' title="bbox 153 2979 691 3049; baseline 0.002 -10"><span class='ocrx_word' id='word_1_336' title='bbox 153 2996 156 3000; x_wconf 66' lang='grc'>’</span> <span class='ocrx_word' id='word_1_337' title='bbox 185 2988 187 2993; x_wconf 77' lang='lat'><em>.</em></span> <span class='ocrx_word' id='word_1_338' title='bbox 219 2995 238 3040; x_wconf 84' lang='grc'>5,</span> <span class='ocrx_word' id='word_1_339' title='bbox 251 2996 299 3041; x_wconf 82' lang='lat' dir='ltr'>Post</span> <span class='ocrx_word' id='word_1_340' title='bbox 314 3013 377 3040; x_wconf 91' lang='lat' dir='ltr'>annos</span> <span class='ocrx_word' id='word_1_341' title='bbox 392 3002 411 3040; x_wconf 86' lang='lat' dir='ltr'>r&#39;n</span> <span class='ocrx_word' id='word_1_342' title='bbox 426 2996 442 3041; x_wconf 89' lang='lat' dir='ltr'>F</span> <span class='ocrx_word' id='word_1_343' title='bbox 457 2979 555 3049; x_wconf 88' lang='lat' dir='ltr'>quantum</span> <span class='ocrx_word' id='word_1_344' title='bbox 568 3015 613 3041; x_wconf 72' lang='lat' dir='ltr'>secr.</span> <span class='ocrx_word' id='word_1_345' title='bbox 628 2995 691 3040; x_wconf 80' lang='lat' dir='ltr'>Sicco.</span> 
     </span>
    </p>
   </div>
   <div class='ocr_carea' id='block_1_6' title="bbox 0 0 1059 3253">
    <p class='ocr_par' dir='ltr' id='par_1_20' title="bbox 0 0 1059 3253">
     <span class='ocr_line' id='line_1_39' title="bbox 0 0 1059 3253; baseline 0 0"><span class='ocrx_word' id='word_1_346' title='bbox 0 0 1059 3253; x_wconf 95' lang='lat' dir='ltr'> </span> 
     </span>
    </p>
   </div>
  </div>
 </body>
</html>
