2093 3253
267 170 401 201 scurmonuu.
412 170 538 200 utusrnruu
551 181 566 191 -
579 169 637 200 ursan
649 146 676 201 ir.
859 155 884 200 43

64 331 66 333 ,
99 285 171 335 divina
182 298 202 333 et
212 284 255 332 isto
265 283 356 340 canendi
367 301 444 342 genere
454 295 572 343 uterentur,
583 295 657 342 poetas
667 283 778 342 theologos
788 284 884 343 appella-

87 418 89 421 .
100 361 138 414 vit.
152 356 235 407 Ennius
247 377 342 416 quoque,
349 355 419 416 poeta
429 356 488 415 apud
499 356 588 405 Latinos
596 357 698 415 antiquus
706 368 728 405 et
735 356 812 414 gravis,
823 376 884 405 sanc-

100 445 133 480 tos
141 431 195 478 dixit
210 448 263 477 esse.
271 442 352 488 poetas.
361 429 432 478 Suum
439 443 490 478 vero
497 430 526 487 ad
535 429 649 487 Aurelium
662 428 760 488 Catullus
773 429 885 478 Veronen-

100 505 129 550 sis
143 502 239 550 scribens
258 514 342 549 castum
360 521 406 550 esse
424 501 500 549 decere
517 521 542 550 ac
560 502 622 559 pium
640 513 727 559 poetam
745 501 817 550 refert.
836 501 886 550 Hoc

63 576 87 626 *5
102 568 189 633 nanque
201 575 243 622 isto
256 573 314 622 dulci
327 573 417 623 artificio
430 586 452 622 et
464 574 568 623 suavitate
581 572 667 623 dicendi
681 586 731 622 sunt
740 573 847 632 primum,
861 587 885 622 ut

100 649 152 702 dixi,
167 647 245 702 divinis
259 648 283 695 in
297 646 362 696 rebus
376 659 397 695 et
411 647 449 706 qui
463 659 535 696 essent
549 645 650 696 Hebraeo
664 645 768 707 epopulo
778 646 885 707 sapientes

100 733 166 779 atque
174 718 293 777 prophetae
301 730 323 766 et
332 719 370 777 qui
380 720 477 776 gentium
486 720 529 766 ritu
539 718 633 766 lacerent
642 737 701 766 sacra
710 719 751 767 diis
761 720 801 767 usi.
811 719 886 767 Metro
954 771 956 774 y

101 792 191 852 quidem
198 804 255 847 ante,
265 804 339 849 postca
348 810 399 840 vero
407 793 502 840 dictione
510 791 579 841 soluta
589 792 667 840 divinis
675 793 698 840 in
707 791 772 840 rebus
780 792 886 850 antiquis-

101 866 150 913 simi
160 866 194 913 usi
199 864 262 914 sunt.
274 864 339 913 lllum
347 878 421 913 autem
430 876 514 912 morem
523 864 597 913 multis
607 863 684 913 seculis
693 864 886 924 custoditumqui-

64 941 90 991 10
105 940 155 988 dam
169 938 228 997 apud
240 938 329 997 gentiles
342 937 478 987 Pheretidem
491 937 578 997 Syrum,
591 937 689 986 nonnulli
701 936 807 1004 Achatem
820 936 886 986 Mile-

41 1053 46 1063 .
67 1066 69 1071 Ι
103 1014 159 1059 sium
168 1013 249 1068 opinati
258 1023 317 1059 sunt.
326 1011 414 1059 Solutae
423 1012 488 1067 igitur
496 1012 597 1058 dictionis
606 1031 658 1059 usus
667 1012 726 1059 venit
734 1011 822 1059 tandem
831 1011 887 1060 divi-

86 1104 196 1144 namque
212 1083 241 1132 ad
257 1101 303 1132 rem
320 1083 433 1132 colendam
449 1083 585 1132 introductus
603 1089 661 1150 estl
847 1148 848 1151 Ἰ

144 1157 226 1206 Genus¹
235 1169 308 1205 autem
322 1157 413 1205 canendi
428 1170 497 1205 metro
511 1159 724 1206 commemorandam
737 1158 765 1206 ad
785 1158 887 1206 virtutem

103 1231 219 1278 illustrium
225 1231 320 1278 virorum
328 1251 352 1278 ac
361 1231 484 1288 principum
492 1230 616 1279 traductum
624 1230 774 1287 atquerdeinde
782 1243 887 1288 perpetuo

66 1303 90 1351 15
106 1315 255 1351 conservatum
268 1315 308 1351 est.
321 1301 384 1350 Tum
394 1302 484 1360 quidem
496 1303 586 1361 carmini
599 1303 664 1350 etiam
676 1304 816 1350 immutatum
828 1302 887 1361 apud

104 1375 199 1423 Graecos
213 1395 301 1424 nomen.
317 1375 343 1423 ld
357 1376 416 1423 enim
429 1376 500 1433 primo
513 1375 650 1433 appellabant
664 1375 773 1433 Phytium,
788 1375 848 1434 quod
861 1396 887 1424 eo
953 1374 955 1378 ’

105 1448 195 1497 canendi
211 1467 288 1506 genere
301 1449 338 1506 qui
352 1447 484 1497 celebrarent
497 1467 556 1498 sacra
568 1448 664 1507 Apollini
677 1448 755 1506 Phytio
767 1460 887 1499 uterentur.

28 1571 29 1574 Ἴ
105 1520 168 1568 More
177 1532 251 1569 autem
260 1532 343 1568 mutato
352 1520 407 1568 illud
416 1521 527 1568 heroicum
536 1521 678 1579 appellarunt,
688 1521 748 1579 quod
757 1522 805 1579 ipso
813 1522 887 1569 laudes

105 1606 126 1642 et
140 1594 230 1642 virtutes
244 1593 335 1642 heroum
349 1605 500 1642 memorarent,
513 1593 557 1650 Qui
570 1612 621 1641 vero
635 1594 753 1642 laudandos
766 1593 794 1641 ad
807 1594 887 1652 princi·

64 1668 92 1716 20
106 1688 144 1726 pes
159 1667 196 1717 illo
211 1667 306 1716 carmine
322 1666 438 1716 utebantur
454 1679 529 1726 poetae
545 1680 596 1716 sunt
607 1667 775 1726 haudquaquam
786 1667 887 1726 theologi,

95 1754 129 1788 ut
144 1741 210 1799 prius,
225 1741 264 1788 sed
278 1742 366 1788 nomine
380 1761 437 1788 novo
451 1740 531 1787 heroici
546 1740 654 1797 appellati.
668 1741 744 1788 Postea
754 1760 805 1789 vero
816 1755 888 1789 exorta

89 1811 205 1875 [suntalia
213 1811 324 1872 complura
333 1825 354 1860 et
362 1812 420 1861 varia
429 1831 505 1870 genera
514 1825 634 1871 poetarum.
644 1812 688 1861 Sed
696 1813 788 1871 proximi
797 1813 896 1865 heroicis

105 1899 170 1944 atque
185 1887 260 1934 sororii
272 1886 346 1944 tragici
358 1886 456 1934 veniunt.
468 1885 526 1934 Nam
538 1887 636 1945 utrisque
647 1899 669 1934 et
681 1904 751 1934 sermo
763 1888 791 1935 de
802 1887 888 1944 regibus

106 1978 152 2005 esse
166 1971 187 2005 et
202 1959 268 2006 dictio
281 1959 380 2007 sublimis
393 1972 414 2006 et
427 1960 495 2016 gravis
509 1959 581 2025 debet.
594 1959 719 2016 Principum
731 1979 818 2017 nanque
830 1973 888 2017 gesta

66 2030 92 2078 25
108 2030 201 2090 utrique,
212 2031 250 2079 sed
260 2030 290 2079 illi
301 2031 366 2079 modo
376 2031 431 2079 clara
441 2044 463 2080 et
472 2051 581 2079 summam
590 2031 618 2079 ad
628 2030 721 2087 laudem,
730 2031 752 2079 hi
762 2050 813 2080 vero
823 2031 889 2079 scele-

106 2123 136 2151 ra.
143 2104 209 2162 impia
220 2118 329 2160 aeternam
339 2105 367 2153 ad
377 2104 489 2153 infamiam
498 2125 523 2154 ac
534 2105 666 2163 vituperium
677 2118 804 2154 memorant.
816 2104 890 2153 Gene1

72 2227 74 2234 ⁴
107 2176 135 2223 ris
147 2175 210 2225 huius
221 2177 321 2225 inventor
333 2177 425 2226 traditur
436 2197 482 2226 esse
492 2176 600 2235 Tesphys.
613 2178 639 2226 ld
649 2191 721 2226 tamen
732 2178 890 2226 emendassent

107 2249 134 2296 sit
148 2248 237 2307 politius
252 2249 384 2308 Aeschylum
398 2249 478 2299 lerunt.
493 2249 533 2297 His
547 2250 630 2298 adversi
645 2251 743 2308 comoedi
758 2264 816 2299 sunt.
832 2250 890 2298 Nam

76 2373 78 2375 v
107 2340 182 2379 regum
194 2321 225 2369 illi
238 2320 340 2377 lacinora,
354 2321 377 2370 hi
391 2323 535 2376 meretricum,
549 2323 659 2378 lenonum,
673 2341 785 2371 servorum
797 2323 890 2382 fallacias

67 2394 95 2441 30
109 2408 131 2452 et
145 2413 215 2442 mores
224 2395 320 2443 tradunt.
330 2395 406 2444 Genus
416 2396 579 2446 hoc'inventum
587 2398 647 2458 apud
653 2396 740 2456 ¹Siculos
749 2397 821 2458 audio.
831 2396 891 2444 Con·

85 2477 86 2480 ’
107 2477 139 2513 tra
152 2484 202 2514 vero
215 2466 268 2523 elegi
282 2468 323 2514 orti
336 2480 394 2522 sunt.
410 2468 482 2515 locosa
495 2469 584 2525 quidem
597 2468 627 2529 illi
640 2481 728 2522 canunt,
741 2470 844 2516 amatoria
856 2469 891 2516 isti

66 2583 209 2591 Μ.

78 2655 81 2658 ·
102 2644 118 2680 2,
131 2643 173 2683 Enn.
186 2645 229 2688 apud
242 2645 277 2682 Cic.
290 2646 339 2683 Arch.
354 2645 382 2681 18.
430 2645 446 2680 3.
459 2645 496 2681 Cat.
512 2644 538 2680 16.
552 2644 568 2682 5.

67 2746 209 2753 ——-—..—.—-

111 2804 140 2849 ll.
148 2804 189 2859 ¹Sc.
202 2805 341 2852 introduxisse.
400 2804 429 2851 ll.
443 2805 468 2851 ad
479 2825 530 2852 eras.
538 2816 582 2861 post
592 2806 704 2867 illustrium.
746 2830 748 2834 ·
759 2808 791 2853 28.
806 2807 892 2862 pollitius

68 2869 149 2927 (lexp.)
163 2873 182 2918 O
196 2873 283 2935 pollitius
298 2874 350 2919 RH.
381 2909 383 2912 .
410 2874 442 2919 28.
456 2873 487 2920 Ex
502 2874 624 2927 Oeschylum
642 2894 691 2921 corr.
706 2876 773 2931 (etium
788 2882 808 2921 iu
822 2865 893 2938 r'ridr'ce)

67 2935 86 2980 O
100 2936 203 2984 Eschilum
215 2940 240 2984 R.
269 2992 271 2996 y
603 2951 605 2953 ’
