2093 3253
133 181 172 228 120
430 192 527 225 srccorus
541 193 662 224 rorantem

175 297 269 365 quidem
280 305 390 373 Hispanus
404 304 507 372 Corduba
521 325 532 353 e
546 307 638 361 civitate,
652 306 687 354 hic
701 304 777 353 Gallus
791 325 803 352 e
816 303 896 353 Tolosa
909 303 958 356 luit.

175 378 224 435 Qua
232 390 283 427 v‘ero
294 380 317 427 in
325 391 385 442 parte
396 372 517 445 Galliardfrh
527 392 560 427 est
571 380 611 427 sita
621 378 709 432 Tolosa,
718 397 766 427 eam
774 389 856 426 veteres
867 377 959 436 Aquita·

175 445 240 504 niam,
252 442 398 510 nosti-aguam
406 448 589 499 *Occicanam‘seu
600 450 767 499 Narbonensem
777 448 911 506 provinciam
921 469 960 507 ap-
1023 451 1040 509 3²5³

176 522 288 581 pellamus.
302 523 390 582 Quippe
404 521 475 570 Gallia
488 523 566 580 omnis,
581 535 605 572 ut
619 523 663 572 suis
677 518 881 572 inCommentariis
895 522 960 572 tradit

147 597 163 645 5
181 596 248 644 lulius
263 596 348 650 Caesar,
362 597 401 653 qui
415 615 463 643 eam
477 596 556 643 devicit
570 616 595 642 ac
610 595 701 650 domuit,
716 608 759 643 tres
773 595 796 642 in
811 606 882 652 partes
893 595 961 643 divisa

177 681 216 715 est.
233 668 331 725 Ipsarum
345 688 411 716 unam
425 668 523 715 incolunt
537 667 621 725 Belgae,
635 667 725 715 alteram
737 665 850 725 Aquitani,
864 668 960 721 terciam,
1025 697 1043 718 i

177 740 215 798 qui
229 758 305 790 eorum
323 740 395 799 lingua
414 739 494 794 Celtae,
514 752 586 788 nostra
605 738 663 787 Galli
681 739 824 799 appellantur.
844 740 915 789 Celtas
933 739 961 788 ab
1025 734 1047 805 {ff

176 812 291 872 Aquitanis
304 813 393 863 Garuna
405 812 494 868 flumen,
506 834 520 862 a
532 813 602 871 Belgis
616 812 718 861 Matrona
730 825 751 861 et
764 812 864 872 Sequana
876 812 961 862 dividit.

177 885 255 944 Belgae
269 887 361 945 proximi
370 899 421 935 sunt
430 885 545 934 Germanis
554 888 591 946 qui
597 899 658 934 trans
668 886 770 934 Rhenum
779 887 884 936 habitant.
892 887 962 946 Aqui·
1035 930 1046 937 ,,

139 958 165 1005 10
179 959 224 1005 tani
233 978 246 1006 a
255 958 345 1007 Garuna
354 959 443 1007 llumine
452 959 480 1007 ad
490 959 591 1017 Pyrineos
601 971 685 1007 montes
695 971 716 1007 et
726 958 854 1016 Hispaniam
863 972 962 1017 vergunt.

178 1027 252 1080 Celtae
266 1032 322 1081 inter
336 1045 450 1090 utramque
465 1044 552 1090 gentem
566 1045 624 1081 sunt.

220 1104 290 1153 Statio
306 1118 385 1159 autern,
403 1119 428 1153 ut
445 1118 544 1153 nostrum
560 1106 588 1153 ad
605 1107 742 1164 propositum
759 1119 897 1159 revertamur,
915 1105 963 1153 lue·

179 1190 229 1225 runt
244 1198 295 1235 opes
311 1198 355 1225 non
369 1189 444 1225 tenues
459 1198 500 1224 nec
514 1190 612 1235 parentes
624 1177 718 1225 obscuri.
733 1176 829 1225 Nomine
842 1190 892 1225 sunt
903 1190 964 1235 pater

179 1248 288 1308 Papinius,
302 1264 370 1300 mater
381 1249 467 1309 Agilina
479 1251 556 1300 vocati.
572 1251 596 1299 ln
610 1250 685 1300 litteris
698 1264 772 1300 autern
784 1252 868 1301 iuvenis
881 1250 964 1300 Statius

141 1322 166 1372 15
181 1342 248 1382 quam
262 1326 355 1373 maxime
371 1323 493 1382 Burdegalli
509 1336 575 1383 atque
591 1323 708 1373 Narbonae
725 1323 830 1382 (civitates
852 1324 892 1373 hae
913 1336 965 1373 sunt

157 1406 159 1409 ⁴
180 1394 278 1453 Galliae),
286 1397 376 1451 studuit,
390 1415 478 1454 operam
491 1396 595 1445 doctrinis
608 1397 696 1454 optimis
710 1397 748 1445 sed
760 1393 907 1455 principaliter
919 1397 964 1443 elo-

179 1466 280 1525 quentiae
292 1468 362 1516 dedit.
379 1467 446 1526 Apud
463 1468 538 1516 Gallos
556 1468 685 1516 rhetoricam
703 1469 777 1516 docuit
793 1482 858 1526 atque
875 1469 898 1516 in
915 1467 964 1515 loro

180 1560 253 1589 causas
268 1541 390 1600 complures
408 1540 539 1600 easdemque
557 1540 625 1590 multa
645 1561 696 1590 cum
714 1541 777 1590 laude
795 1542 846 1599 egit.
865 1540 964 1590 Multum

180 1614 269 1672 quidem
283 1615 306 1663 in
320 1614 412 1663 dicendo
426 1628 447 1662 et
462 1627 530 1662 metro
544 1628 566 1662 et
580 1634 643 1673 prosa
657 1614 692 1662 hic
706 1617 784 1673 potuit.
799 1610 892 1665 Romam
905 1616 965 1664 venit

139 1687 167 1735 20
181 1706 233 1734 cum
241 1687 356 1744 imperaret
364 1686 431 1735 Nero.
440 1686 500 1734 Turn
509 1687 598 1745 quidem
606 1706 645 1744 spe
654 1685 732 1734 favoris
740 1686 834 1747 emendi,
844 1707 910 1745 quam
919 1692 965 1734 ine·
1040 1689 1047 1753 {j

180 1771 214 1807 tro
225 1757 311 1807 lecisset
325 1757 422 1807 tabulam
434 1758 514 1816 Agave,
530 1779 586 1819 quae
597 1757 671 1808 lurens
684 1759 805 1808 Pentheum
816 1759 887 1809 filium
898 1760 966 1808 inter-

180 1830 238 1887 lecit,
252 1832 323 1881 Paridi
337 1831 465 1881 Panthomio
479 1833 601 1880 vendidisse
615 1831 690 1881 lemur.
704 1832 755 1880 Erat
768 1833 808 1880 iste
821 1833 881 1891 apud
895 1832 965 1881 Nero·

181 1924 232 1952 nem
243 1925 333 1961 magnus
344 1905 382 1953 sed
392 1917 451 1952 tanta
462 1906 555 1953 vanitate
565 1905 642 1963 plenus
651 1905 711 1963 quod
718 1905 784 1953 lactas
793 1906 820 1953 ab
828 1905 874 1953 aliis
882 1904 966 1957 fabulas

181 1977 334 2026 blandimentis
354 1976 428 2026 multis
445 1999 470 2026 ac
488 1979 560 2037 precio
577 1992 658 2028 emeret
682 1999 762 2038 easque
779 1977 820 2027 sibi
840 1978 966 2028 inscriberet

139 2052 168 2100 25
183 2051 237 2100 falso
260 2072 285 2099 ac
304 2051 369 2099 veluti
389 2071 401 2098 a
421 2072 444 2099 se
464 2051 529 2099 lactas
549 2052 572 2099 in
592 2051 704 2110 publicum
724 2052 803 2108 ederet,
825 2065 849 2101 ut
866 2071 912 2101 esse
927 2052 969 2111 qui
1043 2055 1047 2093 ἶ

181 2144 225 2173 uon
239 2137 295 2173 esset
310 2137 373 2182 poeta
386 2124 444 2171 inani
462 2123 520 2172 lama
533 2124 667 2173 multitudini
680 2125 797 2172 videretur.
811 2123 881 2172 Statio
892 2139 966 2172 autem
1040 2118 1047 2174 [

181 2196 241 2244 brevi
257 2197 341 2253 cognita
356 2196 423 2245 virtus
439 2193 477 2244 sua
492 2196 551 2253 apud
564 2197 645 2254 >peritos
660 2209 682 2244 et
697 2215 771 2254 graves
786 2216 867 2244 nomen
881 2195 967 2244 celebre
1041 2210 1047 2234 ῑ

180 2289 206 2316 ac
221 2273 324 2326 magnum
335 2268 393 2317 lecit.
406 2267 457 2316 Erat
468 2269 491 2316 in
504 2289 529 2316 eo
541 2270 593 2316 raris
606 2268 681 2317 datum
693 2289 705 2317 a
718 2282 793 2317 natura
806 2288 886 2328 munus
898 2281 920 2317 et
932 2270 966 2318 in·

182 2342 270 2400 genium
284 2342 392 2401 optimum
407 2354 428 2390 et
443 2341 516 2399 lingua
531 2340 631 2391 facunda.
647 2340 698 2391 Erat
713 2363 779 2401 quam
794 2356 839 2390 arte
855 2355 877 2390 et
892 2344 966 2391 studio

140 2415 168 2463 30
183 2415 321 2473 percepisset,
336 2415 443 2464 bonarum
460 2416 539 2463 artium
557 2416 628 2473 ampla
646 2416 748 2474 cognitio.

225 2487 308 2536 Interea
320 2506 370 2536 vero
382 2488 494 2540 Neronem
505 2487 583 2541 Galba,
596 2487 691 2536 Galbam
702 2486 769 2544 Otho,
782 2487 894 2536 Othonem
906 2488 967 2538 Vite-

182 2560 230 2617 lius,
245 2560 349 2611 Vitelium
363 2560 507 2619 Vespasianus
523 2561 614 2620 imperio
629 2557 736 2620 spoliavit.
753 2561 779 2610 ld
793 2562 852 2611 enim
866 2582 900 2611 res
913 2574 966 2611 tunc
1045 2568 1046 2571 ’

183 2633 279 2682 Romana
293 2635 354 2694 quasi
368 2633 431 2684 fatale
446 2633 528 2682 malum
542 2646 574 2682 est
588 2653 657 2693 passa,
672 2646 697 2682 ut
711 2650 766 2692 quos
781 2635 891 2683 nominavi
906 2634 966 2682 brevi

194 2775 203 2811 5
223 2773 270 2811 Caes.
283 2776 303 2813 Β.
316 2773 338 2810 G.
351 2773 363 2809 1.
379 2774 417 2812 hl.
467 2772 490 2809 20
503 2771 537 2808 luv.
551 2772 586 2809 Vll.
597 2772 650 2809 83-87
661 2772 820 2817 (rPanrhomiomi.
829 2789 850 2814 e„
859 2751 965 2817 pantomimo,

139 2831 207 2873 tortasse
218 2851 238 2873 ex
249 2832 313 2872 scholiis
326 2835 423 2880 sumptum).

198 2950 228 2994 10.
243 2948 273 2995 Ex
288 2949 377 3002 pireneos
392 2964 442 2991 corr.
