2093 3253
247 236 379 268 scelerosum
394 236 520 267 ILLUSTRIUM
533 245 547 252 ··
560 235 618 267 LlBER
632 235 677 266 xm.
834 220 880 264 363·

88 373 163 402 ronem
181 350 311 400 accusabant
330 349 429 399 Clodiani
448 350 508 410 quod
525 350 609 424 tabulas
628 350 725 420 publicas
744 350 873 410 easdemque

88 425 213 474 tribunicias
235 438 257 472 et
278 433 422 472 sacrosanctas
444 424 526 482 privata
547 425 568 474 vi
595 426 722 483 privataque
748 425 874 472 auctoritate

88 498 193 564 fregisset.
209 496 300 545 Factum
314 496 391 546 Cicero
405 496 518 553 fatebatur,
533 516 609 547 verum
623 498 646 546 id
660 497 701 545 sibi
715 496 802 567 licuisse
816 497 873 545 clice-

90 573 126 620 bat
147 571 207 629 quod
228 570 397 629 haudquaquam
417 571 518 619 tribunus
538 570 651 620 habendus
672 584 728 619 esset
748 569 786 629 qui
808 571 873 619 creari

63 645 204 695 §tribunus
214 664 265 691 cum
288 656 344 691 esset
368 644 470 700 patricius
493 642 576 701 legibus
600 656 714 692 vetaretur.
738 642 873 692 Declinaturi

89 718 112 767 in
128 729 212 776 partem
228 715 340 766 Ciceronis
356 716 403 766 sine
419 714 487 765 dubio
503 727 573 776 patres
589 727 657 773 erant,
674 716 697 777 ni
713 715 769 766 Cato
785 714 845 775 (nam
861 736 874 764 e

89 790 163 848 Cypro
177 790 246 848 regias
260 790 341 838 interea
355 803 407 848 opes
421 789 544 848 advexerat)
558 789 700 838 dissensisset.
718 790 745 844 ls,
761 789 799 838 ubi
813 789 873 838 locus

90 862 177 910 dicendi
195 863 223 910 ad
241 883 292 910 eum
310 864 376 917 venit,
395 883 422 911 ex
440 863 515 911 ordine
533 882 647 920 assurgens
665 882 720 921 quae
738 883 750 910 a
769 862 874 911 Cicerone

90 947 111 981 et
129 934 186 982 dicta
203 947 224 982 et
242 933 298 982 lacta
315 935 338 982 in
355 934 440 983 tabulas
458 947 524 989 erant,
543 935 616 982 omnia
632 934 820 982 vehementissime
832 935 874 981 im·

53 1010 77 1057 10
92 1007 203 1066 pugnavit.
224 1005 276 1054 Eius
296 1007 414 1055 sententiae
431 1006 483 1055 lraec
498 1026 582 1056 summa
605 1004 662 1056 tuit:
688 1006 791 1055 Clodium
811 1006 874 1056 dece-

90 1081 141 1128 dere
159 1080 249 1137 patricio
266 1099 279 1128 e
296 1079 351 1134 loco,
369 1080 460 1128 transire
477 1080 505 1129 ad
523 1079 616 1145 plebem,
636 1098 708 1137 gerere
727 1079 875 1137 magistratum

90 1151 201 1209 plebeium
208 1151 272 1199 licite
285 1154 382 1210 potuisse
392 1172 397 1205 ;
411 1158 488 1201 vetum
501 1154 519 1199 si
531 1152 585 1200 male
596 1151 666 1200 luerat
676 1152 792 1200 tribunicia
802 1165 874 1209 potes-

90 1238 134 1273 tate
146 1244 206 1278 usus,
221 1224 391 1283 haudquaquam
409 1226 512 1273 innocuas
531 1224 615 1272 tabulas
634 1218 743 1272 violaindas
762 1224 800 1271 sed
813 1241 875 1271 reum

91 1297 163 1357 ipsum
182 1296 330 1345 accusandum
349 1297 530 1356 puniendumque
547 1297 621 1346 fuisse.
643 1296 703 1345 llaec
724 1317 810 1355 nanque
831 1317 875 1344 non

54 1373 78 1420 15
93 1371 204 1428 Ciceronis
219 1371 277 1425 odio,
292 1392 336 1419 non
350 1370 422 1419 Clodii
436 1372 510 1429 gratia,
525 1392 569 1420 non
583 1390 606 1419 re
620 1371 676 1420 mala
689 1369 732 1419 ulla
746 1384 797 1419 sunt
810 1390 823 1417 a
833 1369 875 1418 Ca-

91 1455 142 1490 tone
157 1442 221 1497 dicta,
238 1442 277 1490 sed
292 1443 350 1501 gravi
366 1443 462 1503 quodam
477 1443 558 1492 iudicio
573 1462 613 1491 suo
623 1462 648 1491 ac
663 1454 723 1491 metu
734 1462 761 1490 ne
771 1440 876 1500 profectio

92 1517 137 1563 eius
156 1517 178 1563 in
197 1515 296 1573 Cyprum
314 1535 361 1564 esse
378 1516 438 1564 irrita
455 1516 571 1571 videretur,
590 1517 608 1563 si
627 1515 730 1564 Clodium
748 1536 792 1579 non
810 1513 876 1565 luisse

91 1589 205 1636 tribunum
230 1600 324 1642 senatus,
350 1589 382 1636 uti
408 1589 504 1636 studeret
530 1588 614 1642 Cicero,
639 1588 750 1637 iudicaret.
776 1587 876 1635 Ciceroni
912 1585 914 1589 ¹

91 1673 164 1718 tamen
184 1660 207 1707 id
226 1680 272 1707 esse
292 1661 375 1709 dictum
394 1680 406 1708 a
426 1660 509 1709 Catone
528 1661 684 1718 permolestum
703 1659 744 1708 luit
764 1673 829 1718 atque
841 1653 877 1706 ¹ob

51 1734 79 1780 20
93 1751 141 1781 eam
157 1749 203 1780 rem
219 1733 285 1779 animi
302 1752 346 1780 non
363 1732 414 1780 boni
431 1732 538 1791 quaedam
554 1732 595 1780 sibi
612 1731 689 1789 rubigo
705 1731 860 1790 aliquamdiu
850 1752 877 1779 m

93 1805 199 1853 Catonem
214 1806 300 1853 mansit.

134 1876 220 1925 Bellum
233 1890 307 1926 autem
321 1896 359 1935 per
373 1877 412 1926 lios
427 1877 473 1926 dies
489 1877 556 1926 lulius
571 1876 650 1927 Caesar
664 1877 770 1935 gerebat
764 1897 787 1925 m
802 1876 876 1925 Gallos

93 1963 114 2011 et
120 1950 157 1998 ⁴ob
173 1969 206 1998 res
222 1970 310 2008 magnas
324 1970 349 1999 ac
365 1951 509 2009 prosperrime
523 1963 592 2009 gestas
608 1950 776 2009 supplicationes
791 1970 803 1998 e
818 1970 878 1998 more
925 1976 926 1979 ¹

93 2022 134 2071 diis
150 2021 309 2070 immortalibus
326 2024 413 2070 nomine
429 2042 469 2071 suo
485 2024 571 2071 decerni
588 2024 748 2081 imperiumque
757 2023 805 2076 sibi,
818 2024 877 2081 quod

54 2095 80 2143 25
95 2095 179 2143 adesset
190 2094 335 2153 quinquennii
346 2094 410 2155 primi
422 2094 478 2149 finis,
491 2096 600 2153 prorogari
612 2095 705 2153 petebat.
718 2094 795 2143 Cicero
805 2107 877 2143 autem

94 2167 204 2228 metuebat
221 2168 295 2226 ipsum
312 2180 377 2228 atque
395 2168 423 2215 ob
442 2188 489 2216 eam
507 2187 553 2216 rem
571 2167 690 2216 solicitabat
707 2168 836 2225 Pompeium
854 2181 878 2215 ut

95 2240 151 2287 illius
167 2241 287 2287 amiciciam
302 2254 399 2298 poneret,
415 2254 463 2288 tum
478 2242 539 2299 quod
553 2242 652 2288 animum
667 2241 763 2288 Caesaris
779 2260 823 2286 non
838 2241 877 2286 bo-

95 2332 148 2370 num
169 2331 218 2370 erga
239 2331 286 2359 rem
306 2312 416 2371 publicam
437 2333 483 2360 esse
504 2312 619 2361 manifesto
639 2313 729 2367 videret,
749 2325 798 2360 tum
818 2313 878 2371 quod

95 2398 150 2433 esset
164 2384 254 2433 minime
267 2384 347 2433 oblitus
360 2384 423 2434 illum
435 2386 459 2434 P.
473 2385 552 2435 Clodio
564 2384 642 2435 lavisse
654 2399 719 2445 atque
732 2398 756 2434 ut
769 2405 792 2433 se
805 2385 878 2444 depel-

55 2455 83 2503 30
97 2455 149 2504 leret
169 2456 291 2505 adiutorem
311 2456 341 2504 illi
362 2457 547 2517 impulsoremque
567 2457 641 2506 luisse.
662 2458 706 2506 Sed
727 2458 800 2506 Cesari
820 2470 878 2507 tanta

96 2541 140 2578 erat
160 2528 277 2589 Pompeius
297 2526 450 2586 foederatione,
472 2529 623 2592 benivolentia,
644 2529 746 2595 affinitate
766 2530 878 2578 devinctus

96 2604 156 2661 quod
176 2604 270 2661 disiungi
289 2604 317 2651 ab
336 2624 363 2652 eo
383 2604 463 2652 nullius
483 2604 632 2653 adhortatione
651 2617 730 2662 posset.
751 2604 878 2653 Ciceronem

96 2694 147 2722 vero
165 2675 309 2724 reconciliavit
327 2674 413 2724 Caesari
431 2676 546 2735 effecitque
563 2677 726 2734 interpositione
743 2696 781 2724 sua
798 2687 823 2723 ut
840 2676 878 2734 qui

96 2766 142 2795 esse
163 2747 244 2796 inimici
266 2747 365 2804 solerent,
387 2747 409 2795 hi
430 2748 493 2796 amici
515 2768 561 2797 esse
581 2748 661 2815 lavore,
682 2747 768 2802 auxilio,
790 2747 879 2797 consilio

55 2815 83 2866 35
97 2818 229 2869 viderentur.
246 2819 332 2869 Caesari
348 2820 438 2880 quidem
454 2821 555 2880 deinceps
571 2819 624 2869 lavit
648 2821 731 2870 Cicero.
748 2820 806 2869 Cum
821 2820 880 2869 enim

97 2892 125 2940 de
140 2893 244 2950 petitione
254 2893 372 2942 Caesaris
367 2914 393 2942 1n
405 2907 481 2943 senatu
496 2907 594 2953 ageretur
610 2893 747 2952 multumque
762 2894 813 2943 hinc
824 2894 879 2943 inde

97 2963 208 3013 sententiis
225 2965 288 3014 variis
305 2978 429 3021 certaretur,
447 2961 507 3025 quod
523 2984 572 3025 pars
588 2963 749 3015 decernendum
765 2966 825 3024 quod
841 2986 880 3024 pe
