2093 3253
246 198 380 229 scaurorum
394 198 522 228 utusrmurn
535 208 548 212 -
563 196 621 227 uam
636 198 654 227 v.
825 183 861 227 145

80 316 162 372 Cicero,
171 329 196 365 ut
206 313 244 374 qui
255 313 353 373 pontifex
365 327 421 362 esset
432 314 538 362 maximus
548 331 582 361 res
592 332 668 361 omnes
679 312 814 370 singulorum
823 332 863 360 an·
877 311 878 314 ¹

79 387 160 440 norum
166 388 278 436 mandaret
286 386 361 435 litteris
370 406 449 444 easque
458 386 480 434 in
488 385 557 434 altum
565 384 651 433 efferret
658 398 724 443 atque
733 385 792 432 domi
801 402 863 443 prae-

80 474 169 522 poneret
183 460 274 512 tabulas,
297 451 426 517 utpopulo
448 471 504 506 esset
526 471 620 516 potestas
642 457 787 515 cognoscendi
809 456 863 504 nihil

80 534 153 594 gratia,
168 531 223 581 nihil
237 531 288 580 odio
301 530 408 589 scriptum
420 551 474 578 esse.

54 612 67 660 5
123 607 186 655 Hanc
200 624 251 654 vero
268 605 291 653 in
308 604 469 653 solicitudinem
486 617 507 652 et
524 604 655 662 singularem
672 623 746 652 curam
764 603 865 652 historiae

81 677 206 728 scribendae
217 689 268 725 sunt
278 689 360 724 veteres
371 676 401 723 illi
412 676 464 724 boni
475 689 496 724 et
506 677 612 733 sapientes
623 697 671 724 mea
681 677 787 724 sententia
797 676 865 729 ducti,

81 767 129 802 tum
138 751 167 800 >ut
180 748 331 809 quimortales
344 761 416 798 essent
427 748 494 798 fortes
507 762 528 798 et
540 748 590 798 clari
603 748 642 798 viri
656 748 759 798 memoria
771 748 865 802 nominis

82 847 148 885 quam
159 824 284 881 longissime
294 824 391 877 viverent
402 836 474 881 atque,
485 836 510 871 ut
521 822 581 880 digni
592 843 638 871 esse
649 844 674 872 ac
685 822 740 872 bene
751 823 822 871 meriti
834 824 866 871 vi·

83 898 191 946 detentur,
204 894 287 946 fierent,
303 894 321 939 si
333 893 379 939 fieri
391 905 486 950 possent,
499 893 540 939 hoc
552 892 656 939 beneficio
668 893 806 947 immortales,
818 905 867 940 turn

46 971 71 1019 111
85 980 109 1017 ut
124 967 203 1014 horum
215 965 319 1023 exemplis
332 964 503 1013 commonefacta
515 965 628 1024 posteritas
641 984 677 1013 eos
690 977 816 1024 sequeretur
829 965 867 1024 qui

85 1040 142 1098 gravi
157 1051 229 1087 essent
239 1039 329 1086 consilio
339 1050 361 1086 et
371 1038 462 1095 sapienti
477 1038 518 1086 usi.
531 1037 534 1080 s
734 1058 737 1103 g

125 1111 205 1170 Neque
220 1129 271 1159 vero
285 1112 345 1169 ipsos
359 1110 435 1158 fefellit
450 1111 531 1167 opinio.
547 1110 609 1158 Hanc
624 1111 682 1158 enirn
693 1108 813 1158 vim'habet
823 1111 868 1157 his-

84 1185 145 1237 toria,
165 1184 226 1242 quod
245 1183 310 1232 simul
324 1196 345 1231 et
359 1196 455 1231 mortuos
469 1183 545 1231 reddat
559 1184 618 1231 vivos
629 1196 651 1230 et
662 1184 699 1240 qui
711 1185 783 1242 vivant
793 1195 815 1231 et
825 1184 868 1231 sint

85 1259 162 1307 harum
171 1274 244 1305 rerum
254 1256 345 1304 studiosi
355 1255 418 1304 faciat
428 1256 542 1304 doctiores.
552 1255 659 1304 Omnium
669 1256 759 1314 quidem
767 1268 869 1311 aetatum,

48 1333 72 1381 15
88 1330 185 1379 omnium
205 1330 336 1388 principum,
357 1330 455 1377 omnium
475 1327 613 1388 populorum,
637 1322 736 1377 omnium
756 1329 870 1377 hominum

87 1405 151 1456 dicta,
165 1402 229 1455 facta,
242 1403 330 1449 nomina
342 1402 475 1459 deperissent
486 1401 595 1449 oblivione
607 1420 695 1459 prorsus
707 1421 747 1449 nec
759 1403 870 1457 vetustatis

88 1487 143 1523 esset
155 1473 198 1524 ulla
210 1474 296 1529 noticia,
309 1474 331 1522 ni
344 1494 392 1523 eam
404 1473 510 1533 praesidio
522 1493 562 1522 suo
574 1494 630 1533 quae
645 1474 724 1534 scripta
736 1486 769 1523 est
784 1474 871 1523 historia

45 1540 47 1545 Ι
88 1560 240 1595 conservasset.
255 1546 343 1605 Quippe
355 1546 414 1595 nulla
426 1548 522 1596 virorum
534 1547 633 1605 quamvis
648 1546 764 1595 illustrium
776 1547 871 1601 nomina,

89 1619 147 1665 nulla
163 1620 262 1677 quamvis
278 1638 379 1675 generosa
395 1631 416 1665 et
432 1619 488 1665 clara
503 1617 709 1666 facinoraviverent
724 1619 871 1677 antiquorum,

48 1691 76 1738 20
90 1691 111 1739 ni
126 1703 197 1739 essent
207 1690 283 1739 litteris
294 1691 343 1739 data
353 1691 468 1739 memoriae
479 1703 500 1738 et
509 1711 576 1739 manu
586 1690 728 1739 scribentium
737 1691 765 1739 ad
775 1704 872 1751 posteros

88 1765 231 1819 devenissent,
245 1765 306 1822 quod
319 1777 413 1812 vetustas
427 1764 504 1812 obruat
518 1765 590 1812 omnia
604 1784 644 1811 nec
657 1763 737 1814 oblivio
750 1765 789 1812 diu
801 1765 872 1813 vivere

88 1837 143 1885 sinat
158 1838 276 1896 quicquam
289 1837 349 1896 quod
362 1837 405 1886 suis
418 1836 500 1886 viribus
513 1838 592 1895 scripta
606 1837 693 1885 historia
706 1858 750 1886 non
762 1837 874 1890 defendat.

89 1909 171 1958 Vivunt
183 1911 273 1968 quidem
284 1911 368 1968 antiqui
380 1930 405 1958 ac
416 1911 480 1968 prisci
492 1910 532 1958 viri
545 1911 648 1958 memoria
659 1911 753 1959 nominis
764 1931 790 1959 ac
801 1929 874 1960 rerum

90 1997 198 2042 gestarum
207 1983 272 2038 fama,
283 1997 307 2032 ut
317 2004 372 2041 quos
382 1985 520 2042 impresentia
530 2004 574 2032 non
585 1983 683 2033 videmus
693 1997 715 2033 et
724 1997 775 2033 sunt
784 2004 874 2044 corpore

49 2055 76 2103 25
92 2057 178 2110 mortui,
191 2077 227 2104 eos
239 2056 306 2104 fuisse
317 2056 433 2114 aliquando
444 2077 469 2104 ac
481 2057 558 2105 vixisse
570 2056 673 2114 legamus.
684 2057 748 2105 Adde
760 2057 820 2116 quod
831 2060 874 2106 vita

90 2126 186 2175 defuncti
200 2128 218 2174 si
233 2127 276 2176 ulla
289 2139 340 2175 sunt
354 2147 404 2175 curn
418 2128 481 2175 laude
493 2128 553 2185 apud
566 2128 679 2176 historicos
693 2129 805 2183 nominati,
820 2129 875 2178 hanc

89 2197 214 2248 felicitatem
231 2212 252 2248 et
269 2199 359 2257 gloriam
379 2212 514 2258 assequntur‚
536 2200 596 2259 quod
617 2219 692 2249 eorum
708 2202 796 2262 nomina
806 2221 831 2249 ac
842 2221 875 2250 res

91 2285 162 2329 gestae
174 2273 220 2321 sine
231 2273 313 2321 invidia
324 2286 345 2321 et
357 2293 433 2331 magna
444 2293 469 2322 ac
480 2273 543 2332 longe
554 2273 644 2323 fortasse
656 2275 730 2324 maiori
742 2295 793 2324 cum
804 2274 874 2330 laude,

91 2345 164 2399 gratia.
181 2344 263 2392 honore
280 2364 346 2402 quam
364 2345 381 2391 si
399 2345 494 2392 viverent
510 2365 536 2393 ac
553 2344 662 2403 presentes
680 2358 751 2393 essent
769 2346 876 2394 habentur

52 2412 79 2462 30
93 2416 115 2463 in
127 2416 241 2465 hominum
251 2435 350 2465 sermone
361 2418 622 2477 revirescuntquedietim
632 2420 735 2467 memoria
746 2420 839 2467 nominis
848 2433 876 2475 et,
898 2476 900 2480 ¹

91 2488 152 2544 quasi
165 2489 260 2546 magistri
273 2490 329 2540 vitae
340 2489 421 2538 fuerint
431 2503 496 2548 atque
508 2490 583 2545 divini,
596 2491 663 2539 multa
673 2511 725 2545 curn
735 2492 877 2541 admiratione

91 2581 115 2608 ac
130 2563 249 2611 reverentia
264 2561 411 2613 nominantur.

134 2634 215 2682 Posteri
226 2654 284 2688 vero,
295 2636 333 2693 qui
343 2635 383 2683 hac
392 2634 494 2683 fruuntur
504 2637 548 2683 vita
557 2649 579 2683 et
588 2638 628 2683 ista
636 2638 665 2684 ad
674 2638 745 2685 studia
754 2657 778 2685 se
786 2658 878 2686 conver-

92 2716 148 2761 tunt,
164 2706 239 2757 vident
256 2707 354 2757 omnium
373 2707 496 2768 principum
512 2728 536 2757 ac
553 2708 685 2769 populorum
701 2731 776 2759 omnes
789 2710 879 2761 vivendi

92 2839 105 2875 l.
117 2839 153 2875 Cic.
168 2810 193 2879 De
205 2841 236 2878 Or.
248 2841 268 2877 11.
282 2843 311 2880 52.

55 2912 196 2927 Ἢ

92 2951 124 2996 27,
138 2953 169 3000 Ex
183 2968 302 3000 assecuntur
316 2975 366 3002 corr.

93 3103 112 3138 11)
