2093 3253
439 222 532 253 Siccotvts
547 221 663 254 POLENTONI

225 335 326 395 Denique
338 355 360 384 re
370 335 489 394 plurimum
500 335 609 394 disputata
619 335 701 385 lactum
712 350 744 385 est
754 336 843 386 tandem
854 336 964 387 Ciceronis

184 410 206 458 in
221 409 349 458 sententiam
361 421 447 458 senatus
459 408 583 458 consultum
595 422 620 458 ut
633 428 699 469 quam
712 409 801 458 celerius
813 423 901 469 possent
913 429 965 459 con-

184 483 241 532 sules
254 482 319 531 ambo
332 495 353 531 et
366 502 417 531 cum
430 482 460 530 eis
474 481 577 531 Octavius
590 497 665 532 contra
679 482 713 531 Μ.
726 482 847 532 Antonium
860 484 965 533 exercitus

185 556 295 604 ducerent.
309 554 369 603 Tum
383 554 487 603 Cicerone
500 568 587 604 auctore
601 556 677 605 datum
691 555 781 605 Octavio
800 570 824 605 ut
842 571 897 606 esset
915 576 965 615 pro·
1041 549 1044 587 s

160 632 172 680 5
188 642 279 691 praetor,
295 640 343 676 tum
359 640 383 676 ut
399 625 515 676 obstrictus
531 626 637 677 beneficio
654 648 699 678 rem
714 628 799 679 fidelius
815 645 902 690 gereret,
919 643 966 680 tum

187 726 214 753 ne
232 704 304 762 copias
324 703 402 751 ducere
421 702 467 750 sine
486 703 577 762 imperio
596 703 711 751 videretur.
732 703 797 752 Hunc
821 706 967 763 magistratum

187 778 263 827 habuit
271 777 367 836 primum
374 775 678 835 OctaviusLegionesautem
685 796 734 825 suas
741 777 769 825 ad
776 776 968 827 lorumGallorum

189 854 278 910 (nomen
289 851 312 898 id
321 851 369 898 loco
380 862 424 898 erat
435 850 493 898 haud
503 850 578 908 procul
587 871 600 898 a
612 849 710 906 Mutina)
720 850 843 899 continebat
853 851 968 899 Antonius.

190 925 241 981 Qui,
255 936 279 972 ut
292 924 397 971 exercitus
412 935 486 970 contra
499 942 522 970 se
535 924 607 971 venire
620 923 746 980 praesensit,
765 935 887 981 opportune
904 922 970 972 collo¹

151 999 176 1047 10
191 998 242 1045 catis
257 995 339 1044 insidiis
355 994 381 1044 C.
396 993 487 1042 Pansam
501 1015 552 1043 cum
566 1007 626 1053 parte
640 994 751 1052 copiarum
764 1007 814 1044 ante
827 995 886 1047 alios,
900 997 971 1046 minus
1045 994 1047 996 .

190 1082 252 1117 caute
265 1068 387 1116 venientem
401 1068 493 1114 maxima
506 1080 576 1126 strage
589 1066 653 1116 ludit.
668 1066 712 1115 Sed
725 1087 776 1115 cum
790 1068 839 1117 victi
850 1069 885 1118 alii
896 1070 971 1119 caede-
1045 1084 1046 1087 ’

191 1157 271 1197 rentur,
284 1140 319 1190 alii
333 1154 391 1200 terga
405 1140 486 1196 darent,
501 1154 522 1190 et
536 1140 580 1200 pilo
593 1142 648 1190 ictus
662 1138 729 1188 Pansa
743 1154 805 1197 esset,
819 1144 971 1202 superveniens
1045 1171 1046 1174 =

192 1217 278 1264 Hircius
288 1228 313 1263 ut
322 1214 415 1272 collegae
425 1212 490 1262 ferret
502 1235 566 1272 opem
576 1234 671 1273 pugnam
681 1215 781 1263 restituit.
791 1214 822 1263 Ea
832 1237 917 1275 nanque
926 1218 971 1274 ipsa

193 1288 228 1337 die
240 1287 355 1341 Antonius,
369 1305 420 1335 cum
433 1285 532 1334 exultans
543 1286 631 1335 victoria
641 1286 732 1336 Pansam
742 1301 810 1337 castra
820 1301 929 1348 petentem
939 1289 973 1337 in-

154 1364 179 1413 l5
194 1374 325 1421 sequeretur,
340 1358 401 1410 lusus
415 1373 481 1418 atque
494 1359 580 1419 fugatus
595 1375 634 1410 est.
649 1359 709 1411 Tum
723 1375 744 1411 et
760 1362 847 1413 Mutina
861 1363 974 1414 obsidione

193 1436 281 1484 liberata
302 1447 323 1482 et
338 1433 427 1481 Antonii
443 1434 514 1481 omnis
533 1434 639 1491 pedestris
660 1437 764 1484 exercitus
785 1437 907 1495 dissipatus.
927 1437 975 1486 Nec

193 1507 311 1557 victoribus
329 1506 371 1556 luit
389 1507 500 1554 incruenta
518 1507 614 1556 victoria.
633 1508 700 1557 Pansa
720 1511 778 1557 enim
796 1529 821 1558 ac
840 1510 926 1560 Hircius
947 1510 976 1558 ob

196 1582 283 1630 vulnera
298 1599 377 1638 paucos
392 1579 420 1628 ad
435 1579 481 1626 dies
495 1579 538 1627 vita
553 1579 650 1628 defuncti
666 1594 724 1630 sunt.
736 1581 838 1633 Octavius
849 1602 906 1638 vero,
917 1583 977 1642 quod

195 1655 313 1713 pessimum
325 1654 423 1702 omnium
433 1650 482 1706 luit,
494 1653 607 1712 utriusque
619 1654 714 1703 consulis
726 1656 845 1704 exercitum
855 1657 923 1715 copiis
933 1656 977 1704 suis

107 1731 109 1734 ’
154 1730 182 1779 20
197 1728 300 1777 adiunxit.
323 1726 462 1775 Proficiscens
484 1738 557 1775 autem
581 1726 705 1775 ulteriorem
733 1726 755 1773 in
779 1725 873 1774 Galliam
897 1726 977 1774 Decius

197 1814 272 1859 captus
284 1820 297 1847 a
310 1799 416 1858 Sequanis
430 1811 451 1846 et
464 1799 547 1847 occisus
560 1812 599 1847 est.

239 1874 320 1922 Romae
335 1874 430 1932 primum
439 1872 467 1921 ad
478 1873 589 1928 nuncium,
601 1874 638 1933 qui
649 1872 698 1920 fuso
708 1871 776 1920 Pansa
790 1872 863 1922 subito
877 1872 979 1923 advolans

198 1950 292 1998 devictas
306 1967 352 1996 esse
365 1966 439 1995 omnes
453 1947 525 2004 copias
538 1948 655 2001 nunciavit,
668 1946 782 2004 trepidatio
795 1958 854 1994 tanta
866 1946 908 1996 luit
920 1947 980 2005 quod

197 2035 272 2070 actum
284 2020 311 2068 de
324 2038 346 2067 re
359 2018 446 2077 publica
459 2020 551 2077 quisque
565 2032 657 2076 putaret,
672 2018 757 2072 Cicero,
770 2032 794 2066 ut
808 2019 855 2067 loco
867 2039 933 2078 quam
946 2032 981 2067 tu·

160 2095 187 2142 25
202 2095 286 2141 tissimo
298 2113 320 2139 se
331 2113 356 2139 ac
367 2112 413 2139 rem
425 2090 535 2149 publicam
547 2105 621 2140 contra
632 2092 755 2140 venientem
767 2091 801 2139 M.
812 2092 933 2141 Antonium
944 2092 982 2141 de·

201 2166 299 2219 lensaret,
308 2158 412 2222 occupare
420 2162 552 2221 Capitolium
560 2165 670 2221 cogitaret.
678 2162 790 2212 Acciderat
798 2184 885 2222 quoque
895 2164 982 2219 interea,
990 2161 992 2165 ’

201 2259 252 2287 cum
271 2237 404 2286 liberandam
423 2236 582 2301 adMutinam
601 2235 727 2285 consulibus
748 2237 819 2284 missis
839 2250 924 2286 senatus
944 2257 984 2295 po-

201 2312 308 2370 pulusque
324 2305 433 2358 Romanus
449 2309 504 2357 inter
519 2330 581 2367 spem
596 2322 722 2367 metumque
737 2308 788 2357 belli
808 2322 909 2358 eventum
923 2309 984 2357 dubii

201 2396 343 2443 expectarent,
353 2382 413 2441 quod
422 2401 493 2431 sermo
502 2395 558 2431 esset
568 2383 649 2431 Romae
659 2395 719 2442 ortus
730 2382 775 2430 tore
785 2383 844 2441 quod
854 2382 930 2432 Cicero
939 2401 985 2431 rem

161 2459 189 2506 30
204 2457 314 2516 publicam
330 2467 452 2514 occuparet.
469 2455 572 2503 Rumoris
588 2456 653 2504 huius
670 2468 767 2503 auctores
784 2456 901 2509 Antoniani
918 2468 985 2504 erant.

203 2528 251 2579 Nec
261 2548 349 2588 parvam
360 2530 382 2577 in
393 2528 539 2586 suspicionem
550 2529 691 2578 adduxissent
703 2527 837 2584 Ciceronem,
850 2530 871 2578 ni
883 2528 906 2578 P.
917 2528 986 2588 Apul·

203 2605 257 2653 leius
270 2604 304 2652 his
316 2603 429 2652 fraudibus
442 2602 567 2651 obstitisset.
581 2602 632 2652 Erat
645 2603 681 2651 hic
694 2602 795 2651 tribunus
808 2603 877 2661 plebis
890 2615 911 2652 et
924 2601 987 2651 Cice·

204 2678 263 2724 ronis
277 2677 366 2723 amicus.
381 2675 474 2722 Proinde
488 2676 516 2722 ad
531 2677 658 2723 concionem
673 2675 756 2733 populo
770 2688 846 2722 vocato
860 2677 889 2723 ita
903 2676 946 2732 egit
961 2675 988 2722 de

205 2769 227 2800 re
240 2751 280 2799 ista
292 2749 352 2807 quod
364 2768 417 2799 voce
428 2768 471 2799 una
484 2768 534 2798 mox
546 2748 641 2807 populus
653 2747 769 2797 declaravit
781 2747 833 2797 nihil
846 2768 892 2798 esse
902 2768 914 2798 a
926 2746 989 2797 Cice*

164 2825 192 2874 35
207 2842 259 2873 rone
275 2823 302 2871 de
317 2841 340 2872 re
355 2822 441 2882 publica
457 2823 497 2871 nisi
514 2823 596 2882 optime
611 2824 737 2882 cogitatum.
753 2821 861 2873 Additum
876 2823 940 2873 etiam
956 2822 990 2871 die

167 2942 309 2949 ——-——

208 3007 240 3052 22.
255 3006 300 3051 fuso
315 3007 393 3060 Pensa)
408 3013 421 3051 i.
437 3025 461 3056 r.;
475 3026 498 3052 cr
513 3006 591 3051 devicto
606 3013 674 3052 statim
688 3025 736 3050 corr.
