2093 3253
144 172 182 215 122
419 196 420 199 =
441 185 536 216 sicconis
551 185 669 216 roceurour

185 301 240 354 nius,
253 319 304 348 cura
314 299 389 348 maiori
400 319 466 357 quam
476 301 562 356 ingenio
578 296 670 358 scripsit.
686 300 766 356 Quanti
777 319 828 348 vero
838 320 863 348 ea
869 299 967 349 >lacerent

185 373 247 429 periti
256 390 410 430 saepenumero
421 372 512 420 recitans
523 385 624 430 expertus
632 386 671 421 est.
680 372 793 429 Scribebat
803 373 893 430 quidem
904 392 967 421 accu-

185 457 236 498 rate;
252 464 302 492 curn
316 441 367 493 vero
379 463 391 492 a
403 443 518 511 scribendo
530 445 625 499 vacabat,
637 457 685 492 tum
695 445 754 503 apud
765 445 845 493 amicos
857 464 966 493 sermones
1030 499 1043 519 ,

186 516 250 564 docto
259 530 280 565 et
289 517 346 565 claro
355 517 401 566 viro
411 516 487 574 dignos
497 516 597 565 habebat.
608 517 683 575 lpsum
692 518 750 564 enim
759 518 857 575 quotidie
866 517 967 575 frequen·

144 589 156 637 5
186 601 217 636 tes
233 601 254 637 et
270 589 391 638 salutabant
406 602 428 637 et
443 588 542 637 colebant
556 590 627 638 amici.
643 589 782 648 Magistratus
797 609 848 637 vero
863 603 884 637 et
899 589 967 645 claros
1043 636 1045 639 ⁴

185 662 327 718 magistratus,
345 661 404 719 quod
420 662 453 709 vir
468 674 523 709 esset
539 661 599 710 dives
609 682 639 718 ,ac
649 662 752 720 prudens,
763 663 827 719 gessit
837 662 967 721 complures.
1027 659 1039 670 ⁶

186 732 273 782 Nerone
288 734 379 792 quidem
394 734 530 792 imperatore,
547 747 571 782 ut
587 735 670 782 minora
685 748 811 793 preteream,
827 734 903 795 consul
918 733 966 790 luit,

185 820 251 864 atque
265 820 313 855 tum
326 820 371 856 erat
384 806 459 855 consul
473 827 523 855 cum
536 807 600 855 rebus
613 808 707 855 adversis
720 807 780 855 Nero
793 806 848 864 lugit
860 828 886 855 ac
899 820 968 855 morte

187 878 271 926 mortali
280 891 379 927 mortuus
388 890 428 927 est,
440 878 465 925 ld
473 890 546 926 autem
555 877 635 926 lamam
643 879 689 926 eius
698 878 757 927 haud
765 897 842 937 parum
850 879 967 934 imminuit,

147 952 173 999 111
188 952 247 1009 quod
262 952 350 1000 Nerone
365 952 459 999 seviente
477 971 587 999 accusasse
600 951 718 1009 permultos
732 951 826 1000 creditus
840 956 879 1000 est.
895 950 967 1000 Vitetii
1039 1005 1042 1008 ,

185 1037 264 1079 autem,
276 1026 314 1082 qui
327 1038 377 1083 post
388 1023 499 1072 Othonem
510 1025 595 1082 imperii
606 1024 674 1073 fasces
685 1026 781 1083 arripuit,
795 1045 819 1073 ae
830 1026 968 1084 sequentium
1029 1029 1047 1071 33'

153 1139 155 1141 ,
186 1098 310 1154 principum
322 1097 419 1145 amicicia
431 1098 548 1154 sapientius
560 1117 612 1145 usus
625 1110 664 1145 est.
676 1097 793 1145 Proconsul
805 1118 893 1155 quoque
904 1096 968 1145 Asiae
1031 1097 1047 1166 {J

186 1168 227 1218 luit
242 1168 379 1228 multumque
394 1169 445 1218 inde
461 1169 530 1218 laudis
545 1182 566 1218 et
581 1169 659 1228 gloriae
674 1169 731 1219 tulit.
747 1169 812 1218 Filios
827 1190 878 1219 vero
893 1169 968 1219 habuit

187 1244 248 1297 duos,
264 1244 302 1292 secl
317 1256 368 1292 natu
383 1244 490 1290 minorem
503 1244 575 1290 amisit
589 1244 669 1297 vivens,
685 1245 787 1291 maiorem
800 1257 880 1297 autem,
895 1244 933 1301 qui
947 1257 968 1290 et
1041 1240 1045 1280 j.

148 1316 173 1365 15
189 1315 307 1365 bonoribus
317 1316 440 1375 perfloreret
450 1330 472 1365 et
481 1317 514 1364 vir
523 1317 640 1365 consularis
650 1330 712 1372 esset,
724 1319 816 1365 moriens
827 1317 920 1375 reliquit.
930 1316 968 1365 Vi·

186 1387 216 1434 xit
228 1387 286 1434 enim
298 1387 394 1439 delicate,
406 1385 503 1445 feliciter,
516 1386 577 1433 beate
589 1385 662 1435 Sillus.
674 1386 733 1434 Nam
743 1400 765 1434 et
776 1386 827 1435 loris
840 1387 907 1435 multa
918 1406 969 1435 cum

178 1458 283 1519 laudeac
292 1458 373 1520 honore
382 1470 407 1510 et
413 1459 472 1520 domi
481 1458 540 1516 apud
549 1458 656 1517 principes
665 1459 714 1518 sine,
720 1458 850 1519 potentiaet
859 1459 905 1506 sine
913 1458 968 1507 invi·
1034 1452 1042 1472 ‘¹

186 1532 221 1578 dia
235 1533 312 1579 vixit

228 1603 297 1651 Annis
307 1623 358 1651 vero
369 1604 445 1684 gravis,
456 1616 480 1650 ut
490 1603 584 1661 quietius
594 1623 620 1649 ac
629 1605 689 1651 omni
699 1624 750 1664 cum
759 1603 956 1661 tranquillitate
923 1623 969 1651 am·

146 1676 218 1723 20
189 1696 219 1723 mi
228 1676 315 1730 viveret,
331 1696 396 1725 suum
405 1696 428 1724 se
437 1676 460 1724 in
469 1695 546 1734 agrum
555 1674 689 1734 Campaniae
696 1661 793 1725 contulit.
804 1675 869 1724 Villas
879 1675 968 1735 quidem
1045 1675 1046 1679 ¹

187 1748 244 1797 illo
238 1771 268 1797 rn-
276 1750 323 1798 loco
337 1764 403 1809 atque
410 1748 566 1808 Neapolitano
561 1770 583 1797 m
590 1769 641 1807 agro
649 1764 670 1797 et
678 1749 755 1798 multas
762 1763 784 1798 et
791 1770 878 1808 magnas
886 1749 969 1798 habuit
1034 1800 1044 1814 ὥ

154 1865 156 1870 2
187 1821 265 1878 Neque
278 1841 329 1869 vero
343 1839 414 1869 emere
427 1820 478 1869 alias
492 1820 611 1880 desinebat,
625 1821 663 1869 sed
676 1841 730 1878 quas
744 1821 830 1869 emisset
843 1840 920 1882 nuper,
934 1840 969 1868 eas
1024 1877 1047 1895 ἶ

187 1906 284 1942 accurate
294 1892 384 1948 colebat,
395 1907 477 1942 veteres
486 1908 559 1943 autem
569 1892 690 1952 negligebat
700 1912 795 1952 prorsus.
806 1892 904 1957 Nlultum
914 1913 969 1953 quo·

188 1987 231 2023 que
246 1966 321 2015 babuit
332 1966 445 2020 librorum,
458 1967 552 2015 multum
564 1967 639 2015 habuit
650 1981 776 2020 statuarum,
789 1968 883 2015 multum
894 1967 970 2014 habuit

146 2040 174 2086 25
190 2038 308 2095 imaginum
323 2039 438 2087 illustrium
456 2039 558 2087 virorum.
577 2039 621 2087 Sed
639 2059 694 2096 quae
712 2039 809 2086 Nlaronis
827 2053 905 2093 essent,
923 2039 969 2087 illas

187 2125 236 2160 ante
246 2112 297 2160 alias
309 2110 438 2170 percolebat.
450 2110 621 2160 Monumentum
631 2131 682 2160 vero
693 2112 739 2160 eius
749 2132 800 2160 cum
811 2125 866 2160 esset
877 2111 969 2175 Neapoli
1035 2100 1037 2111 Ε

187 2204 288 2244 persaepe
299 2185 440 2243 religioseque
450 2204 475 2233 ac
486 2184 551 2234 veluti
562 2185 669 2245 templum
679 2184 759 2234 adibat.
771 2185 859 2244 Quippe
869 2185 969 2233 obversa·

186 2259 249 2306 batur
267 2258 361 2306 multum
377 2257 521 2315 Neapolitano
536 2258 559 2305 in
575 2277 626 2315 agro
642 2258 708 2306 Sillus
724 2271 790 2316 atque
806 2258 836 2305 ibi
853 2257 970 2306 delunctus

155 2374 163 2379 „
187 2344 219 2378 est
233 2332 284 2379 vita.
295 2330 370 2377 Annos
381 2330 434 2377 vixit
445 2331 542 2389 quinque
553 2342 574 2377 et
586 2329 654 2385 LXX,
666 2330 744 2379 deinde
755 2330 849 2379 inediam
860 2330 900 2378 sibi
911 2329 970 2378 tedio
1036 2332 1047 2355 ³³

145 2406 174 2454 30
189 2405 232 2464 nati
247 2404 308 2459 clavi,
323 2404 361 2463 qui
376 2423 422 2452 esse
436 2402 559 2453 insanabilis
574 2403 689 2460 videretur,
704 2404 781 2454 indixit
795 2417 816 2452 et
830 2404 903 2453 animo
918 2424 970 2453 con-

186 2479 250 2525 stanti
266 2490 363 2525 mortuus
379 2489 418 2524 est

157 2603 159 2610 ,
227 2548 365 2608 Temporene
378 2548 438 2597 hoc
433 2561 474 2597 isto
487 2569 515 2598 an
528 2549 592 2632 longe
605 2563 679 2608 postea
692 2524 757 2599 luerit
769 2550 844 2599 lunius
857 2549 970 2603 luvenalis,
1037 2601 1040 2615 ζ

156 2622 282 2681 Aquinas
293 2636 314 2669 et
325 2636 409 2683 satyrus
420 2636 484 2680 poeta
494 2623 591 2680 insignis
602 2624 657 2671 adeo
667 2625 781 2683 sentenciis
792 2624 855 2671 variis
865 2635 970 2671 certaturn
1037 2621 1047 2686 1

155 2738 157 2741 .
186 2695 272 2743 invenio
290 2694 351 2752 quod
364 2694 431 2751 magis
444 2694 532 2743 credere
544 2695 604 2752 quod
617 2708 692 2753 putem
704 2696 775 2743 verius
788 2711 853 2753 quam
865 2694 971 2743 affirmare

204 2871 234 2917 19
248 2870 279 2917 Ex
293 2870 426 2924 tranquilitate
438 2889 487 2915 corr
548 2870 582 2915 20
591 2882 695 2916 suumsto
697 2879 731 2916 tim
746 2892 769 2917 cx
783 2892 804 2916 se
816 2866 908 2929 su(um?)
922 2891 973 2918 corr.

148 2937 181 2984 30.
196 2937 274 2982 clavi:
267 2958 280 2982 ι.
294 2957 319 2982 m
335 2939 348 2981 i
363 2939 395 2992 (ε
407 2937 474 2992 idest)
483 2938 541 2981 cbalr
