2093 3253
257 194 390 226 scnrrronuu
405 193 530 225 rruusrnruru
543 204 558 210 -
572 193 630 224 ursan
644 192 684 223 xvi.
846 177 886 222 447

98 307 193 357 tissimos
211 308 234 357 in
252 306 330 358 studiis
348 308 484 367 eloquentiae
501 327 527 373 ac
545 307 605 357 omni
624 307 654 362 in.
665 326 742 366 genere
761 306 886 363 litterarum,

100 381 180 440 quibus
195 381 231 430 illa
245 394 344 440 tempora
355 382 479 438 utebantur,
491 395 539 430 tum
550 401 597 431 esse
607 379 730 440 complures
741 379 803 430 lacile
813 379 887 436 fatear,

64 451 65 455 ¹
101 453 139 503 sed
154 452 202 503 illos
217 454 276 508 haud
284 466 346 504 tanto
355 455 379 502 in
388 473 480 503 numero
489 454 556 517 latear
565 466 590 503 ut
600 455 638 513 qui
648 456 671 504 in
681 454 736 510 loro,
747 455 785 514 qui
795 456 818 503 in
827 475 888 504 sena-

101 542 136 583 tu„
148 529 186 588 qui
201 529 224 578 in
238 528 322 587 populo
343 542 479 583 versarentur
501 527 677 588 assentiendique
700 550 725 577 ac
747 528 888 578 dissentiendi

71 603 88 650 5
105 614 234 659 potestatem
249 600 353 649 baberent
367 601 448 658 peritos
460 600 531 649 'luisse
547 621 623 649 omnes
639 601 703 659 plane
712 601 828 649 confitear.
844 600 889 649 Ta-

102 694 141 721 ceo
156 674 233 722 rudem
247 673 342 732 plebem,
361 672 390 721 ad
409 693 475 732 quam
490 693 608 731 nunquam
627 694 672 722 non
691 674 840 722 concionatus
850 687 898 722 est.v

102 746 211 806 Equidem
229 747 293 796 video
308 745 361 795 nihil
377 746 437 806 quod
451 746 580 805 persuadeat
600 746 653 794 mihi
671 759 695 794 ut
713 745 825 795 Ciceronis
842 766 890 794 ora·
929 810 931 814 λ

102 821 172 868 tiones
185 821 214 881 ita
227 820 299 878 vulgo,
313 833 338 868 ut
350 821 411 868 aiunt
424 821 521 879 quidam,
534 840 586 869 cum
598 820 715 869 recitantur
728 820 818 880 intelligi
830 821 890 880 apud

103 910 179 939 omnes
193 892 288 940 credam.
313 892 370 939 lllud
381 912 459 939 censeo
471 907 553 945 verum,
566 893 626 950 quod
637 893 724 939 audisse
731 894 804 957 vdoctis
815 913 828 939 a
839 894 891 940 viris

64 965 91 1015 10
105 982 261 1025 saepenumero
276 965 372 1021 memini,
388 964 523 1020 Ciceronem,
541 985 592 1015 cum
608 975 646 1015 aut
663 982 703 1025 pro
718 965 794 1015 amicis
804 985 891 1015 causam

43 1047 46 1059 ¹
104 1039 127 1086 in
141 1037 189 1086 loro
203 1051 241 1087 aut
255 1057 295 1097 pro
310 1057 333 1087 re
348 1039 435 1098 publica
453 1041 569 1097 negocium
584 1040 654 1089 ullum
668 1040 728 1098 apud
743 1053 842 1088 senatum
857 1040 891 1088 vel

105 1111 212 1168 populum
225 1125 304 1168 ageret,
317 1112 397 1159 dixisse
408 1113 500 1168 graviter
511 1125 533 1159 et
544 1125 626 1166 ornate,
638 1113 677 1174 sed
688 1126 760 1161 tamen
772 1112 801 1160 ita
813 1111 892 1160 dixisse

105 1196 130 1232 ut
144 1203 200 1242 quae
214 1184 302 1238 diceret,
317 1204 343 1233 ea
357 1179 420 1243 plane
434 1183 553 1252 intelligere
567 1177 679 1234 audierltes
694 1197 790 1243 possent.
804 1182 855 1232 Erat
869 1185 892 1233 in

106 1276 138 1311 eo,
154 1269 178 1305 ut
193 1257 380 1316 quemadmodum
398 1258 421 1305 in
439 1257 528 1306 caeteris
547 1258 576 1306 ita
595 1257 661 1306 etiam
679 1257 702 1305 in
714 1256 761 1305 lroc
780 1257 892 1305 excelleret

67 1330 93 1379 l5
108 1349 191 1385 omnes,
206 1330 339 1388 exquisitum
353 1350 378 1379 ac
393 1330 483 1379 minime
498 1329 610 1390 plebeium
623 1351 675 1380 cum
690 1330 758 1390 patrie
772 1341 821 1378 tum
836 1330 892 1379 litte·

107 1414 151 1450 rate
166 1402 252 1450 dicendi
264 1423 339 1461 genus,
352 1403 390 1451 sed
401 1404 431 1451 ita
443 1404 579 1452 moderatum
590 1416 615 1451 ut
627 1402 820 1461 intelligerent'qui
831 1403 893 1451 audi·

107 1487 155 1524 rent
169 1476 216 1524 sine
225 1475 358 1541 difficultate,
369 1495 409 1526 nec
418 1477 554 1527 audientium
564 1477 681 1526 deterreret
691 1494 753 1535 aures
763 1475 894 1524 obscuritate

107 1548 147 1596 sed
161 1549 259 1597 homines
272 1548 302 1598 ad
316 1570 339 1598 se
353 1550 488 1600 audiendum
502 1551 580 1599 animis
595 1551 682 1599 attentis
698 1550 784 1598 dicendi
799 1550 894 1608 quadam

59 1675 60 1678 Ἴ
108 1621 212 1669 suavitate
226 1635 368 1671 converteret.
378 1622 479 1672 Graviter
489 1623 579 1682 quidem
588 1635 639 1671 sunt
648 1623 676 1671 ab
686 1643 712 1671 eo
722 1622 846 1680 reprehensi
855 1622 893 1681 qui

67 1694 96 1742 20
111 1694 140 1741 ita
154 1694 274 1753 loquuntur
288 1707 313 1743 ut
328 1715 373 1744 non
387 1694 506 1754 intelligere
521 1711 577 1755 quae
592 1695 665 1744 dicant
679 1695 791 1744 audientes
806 1707 894 1753 queant.

151 1765 244 1824 Nempe,
259 1779 284 1814 ut
298 1787 361 1825 saepe
375 1768 485 1821 iamdiu,
499 1771 614 1817 causarum
628 1762 736 1816 nobilium
749 1766 826 1816 Cicero
840 1787 895 1825 quas
935 1823 938 1829 ι

88 1864 90 1866 ·
109 1836 142 1886 vel
157 1837 180 1886 in
195 1836 243 1887 loro
253 1838 282 1888 ad
293 1839 376 1889 iudices
387 1858 428 1900 pro
438 1839 513 1889 amicis
524 1839 558 1889 vel
569 1840 593 1888 in
604 1840 708 1888 concione
719 1851 756 1888 aut
768 1850 843 1887 senatu
854 1857 896 1897 pro

110 1910 234 1969 republica
249 1911 325 1961 habuit
344 1913 429 1972 scripsit
449 1914 556 1961 orationes
575 1933 655 1971 easque
674 1914 703 1960 ita
722 1913 838 1961 elaboravit
858 1930 896 1970 per

110 1983 183 2033 ocium
194 1985 255 2043 quod
266 1983 361 2033 Graecos
374 1985 507 2043 Latinosque
519 1998 613 2034 oratores
625 2005 701 2034 omnes
712 1997 778 2043 atque
789 1985 896 2033 Catonem

69 2057 97 2107 25
112 2055 174 2107 illum
188 2058 329 2118 superiorem,
344 2078 411 2118 quem
425 2059 532 2108 orationes
547 2057 660 2119 reliquisse
674 2059 763 2119 scriptas
778 2075 843 2117 supra
858 2057 897 2106 CL

98 2130 190 2186 ¹lerunt,
205 2152 250 2180 non
264 2131 369 2190 elegantia
383 2132 470 2180 dicendi
484 2152 509 2180 ac
522 2132 628 2190 dignitate
642 2133 708 2181 modo
722 2132 760 2180 sed
774 2131 897 2179 orationum

111 2205 176 2252 etiam
190 2224 281 2253 numero
299 2206 415 2263 superavit.
435 2205 507 2271 Nemo
524 2205 615 2264 quidem
633 2217 712 2260 orator,
730 2217 755 2253 ut
772 2204 897 2259 testimpnio

111 2273 157 2323 eius
171 2295 196 2323 ac
210 2276 282 2325 verbis
292 2285 347 2330 utar,
357 2290 403 2325 tam
412 2277 480 2325 multa
490 2299 517 2325 ne
527 2278 550 2325 in
560 2277 645 2325 Graeco
655 2277 745 2336 quidem
755 2277 802 2325 ocio
812 2276 898 2332 scripsit

112 2369 178 2408 quam
193 2348 260 2398 multa
275 2362 326 2398 sunt
341 2349 382 2399 lroc
395 2362 470 2398 nostro
483 2370 496 2398 a
509 2348 615 2399 Cicerone
629 2350 715 2408 scripta.
730 2349 834 2397 Caremus
848 2349 897 2406 qui·

70 2423 99 2471 30
114 2423 165 2471 dem
180 2421 261 2471 multis.
270 2421 332 2480 Quae
340 2437 391 2471 vero
399 2436 437 2471 aut
446 2422 520 2471 haberi
528 2436 565 2471 aut
575 2421 689 2490 memorari
695 2420 901 2486 solent,·<÷ea‚stnomi·=

113 2514 164 2543 nare
178 2494 302 2553 lrocplacet
315 2494 377 2549 lucer·
383 2515 428 2543 non
440 2508 514 2543 tamen
527 2516 571 2554 quo
584 2495 631 2543 illas
636 2486 719 2561 ''ordine
732 2494 809 2543 Cicero
823 2493 898 2542 habuit

113 2566 164 2625 (boc
173 2566 233 2616 enim
241 2566 338 2626 polliceri
348 2587 383 2616 me
393 2566 465 2616 nullus
475 2567 546 2626 putet)
556 2568 595 2616 sed
604 2586 644 2627 pro
653 2567 742 2617 arbitrio
751 2586 776 2615 ac
786 2566 832 2614 iure
842 2585 898 2622 meo,

112 2653 137 2690 ut
152 2641 195 2689 sint
209 2641 285 2688 ordine
300 2641 382 2698 primae
397 2661 453 2699 quae
467 2653 518 2690 sunt
532 2640 561 2689 ad
575 2641 664 2696 iudices,
680 2639 787 2689 secundae
801 2658 860 2698 quae·
871 2639 900 2687 ad

73 2737 214 2747 um...-

59 2802 61 2806 ’
107 2801 135 2838 28.
148 2800 183 2839 Cic.
197 2800 227 2837 Or.
244 2799 284 2837 108.

71 2897 214 2906 m

115 2959 144 3005 17.
158 2959 197 3004 Pro
212 2959 313 3005 detereret.
373 2957 405 3005 23.
421 2958 516 3013 (scrip)sit
531 2964 544 3003 i.
559 2977 581 3010 r.;
599 2977 628 3002 ex>
637 2957 751 3012 scriptals?)
765 2963 833 3003 statim
851 2974 909 3008 corrr-
