2093 3253
263 178 393 209 scauroruu
407 177 532 209 rruusrnruu
544 189 559 195 -
572 178 630 209 itaer
643 178 663 209 v.
838 161 875 208 159

93 295 165 346 verbis
179 315 251 343 usum:
267 311 276 334 a
284 293 367 342 Eodem
381 307 478 353 tempore
493 294 534 343 tuit
551 295 617 348 Iesus,
629 295 713 352 sapiens
724 296 763 348 vir,
775 294 792 341 si
803 308 875 342 tamen

95 370 166 419 virum
181 386 232 416 eum
245 367 330 427 oportet
344 367 421 415 dicere.
436 365 485 415 Erat
499 367 557 415 enim
570 365 701 414 mirabilium
715 379 811 425 patrator
824 387 875 425 ope-

94 462 143 491 rum
159 454 180 489 et
195 441 272 489 doctor
281 461 356 489 eorum
366 441 403 500 qui
412 440 503 489 libenter
511 461 560 489 vera
569 441 697 499 suscipiunt.
706 440 812 489 Plurimos
821 461 875 498 quo-

96 535 139 574 que
154 527 199 562 tam
214 514 241 563 de
259 514 330 563 Iudeis
344 535 410 573 quam
423 514 450 563 de
463 515 562 573 gentibus
575 515 619 564 suis
633 513 708 563 habuit
721 525 842 568 sectatores,
855 526 876 562 et

69 591 81 641 5
97 586 225 637 credebatur
239 607 285 636 esse
298 586 405 641 Christus,
418 607 512 646 cumque
524 582 605 635 invidia
617 600 740 634 nostrorum
753 586 876 645 principum

95 660 154 710 cruci
170 681 221 709 eum
236 658 326 710 PiIIatus
341 659 414 715 affixit,
430 659 570 709 nihilominus
585 660 623 720 qui
643 661 739 720 primum
759 659 876 709 dilexerant

95 746 267 794 perseverarunt.
282 732 389 793 Apparuit
401 734 459 782 enim
472 733 512 781 iIIis
525 734 586 782 tertia
599 734 633 781 die
645 735 726 782 vivens.
740 733 812 782 Multa
824 733 876 782 haec

94 807 135 855 alia
148 805 255 853 mirabilia
268 806 399 854 carminibus
412 807 565 865 prophetarum
578 807 605 854 de
617 807 665 865 ipso
677 807 842 854 vaticinantibus
855 819 876 854 et

94 894 167 937 usque
178 878 243 928 hodie
256 878 429 929 Christianorum
442 900 493 937 gens
505 879 533 929 ad
546 878 597 929 haec
610 879 678 929 sortiti
690 878 820 929 vocabulum
832 898 876 927 non

55 956 80 1004 10
94 953 173 1001 deficit.
183 968 192 992 >r
630 1012 631 1015 Ἴ

137 1024 182 1072 Sed
196 1024 224 1071 de
241 1024 325 1072 Iudaeis
345 1024 434 1082 quidem
457 1024 568 1082 Iosephus,
589 1024 736 1072 Macedonicis
756 1036 828 1072 autem
849 1024 876 1071 de

95 1097 160 1146 rebus
177 1095 206 1154 Q.
222 1095 311 1146 Curtius
328 1096 413 1152 Ruffus,
429 1097 480 1146 civis
496 1096 614 1152 Romanus,
627 1093 721 1155 scripsit.
738 1096 804 1144 Hunc
819 1109 876 1144 sorte

95 1170 172 1218 humili
187 1183 264 1219 natum
272 1170 311 1219 sed
319 1170 373 1219 altos
381 1170 409 1219 ad
418 1170 509 1219 honores
518 1191 569 1219 cum
577 1171 655 1220 virtute
663 1183 711 1219 tum
719 1168 806 1231 fortuna
814 1189 875 1218 evec-

94 1257 143 1292 tum
157 1245 217 1302 apud
231 1244 338 1302 quosdam
354 1245 447 1293 invenio.
464 1245 526 1292 Patre
542 1264 628 1302 nanque
644 1234 759 1302 gladiatore
776 1257 838 1291 natus
855 1256 876 1291 et

59 1318 82 1366 I5
98 1315 201 1365 callidum
217 1329 292 1375 suapte
308 1330 383 1366 natura
399 1316 510 1375 ingenium
525 1329 546 1366 et
561 1315 670 1365 Iortunam
685 1316 784 1375 benignov
793 1315 829 1364 ‘dei
844 1314 853 1363 I
867 1345 876 1355 -

94 1403 159 1438 vente
171 1390 200 1438 ad
213 1410 268 1447 quos
281 1389 344 1437 veIIct
357 1389 449 1438 honores
462 1403 483 1438 et
496 1391 637 1448 magistratus,
651 1389 688 1457 qui
701 1410 713 1436 a
726 1388 816 1437 Caesare
828 1401 876 1436 tum

95 1463 205 1516 darentur,
222 1462 400 1510 secundissimam
412 1462 493 1511 habuit.
505 1462 575 1510 Prima
585 1462 644 1510 enim
655 1462 766 1511 iuventute
776 1474 876 1519 quaesto-

95 1535 123 1581 ris
138 1533 225 1581 Africae
236 1534 322 1581 scitator
332 1533 381 1582 luit.
391 1533 421 1582 At
430 1553 481 1582 vero
491 1554 542 1582 cum
551 1535 574 1581 in
584 1534 666 1592 oppido
675 1533 812 1581 Adrumento
821 1546 876 1580 esset

95 1619 116 1655 ct
131 1606 204 1655 vacuis
219 1605 275 1655 Iorte
288 1625 327 1666 per
341 1606 438 1655 medium
452 1606 510 1656 diem
523 1605 649 1666 porticubus
663 1605 720 1655 solus
735 1605 877 1655 inambularet

54 1681 81 1728 20
96 1678 191 1728 oblatam
203 1680 222 1728 ei
236 1680 330 1738 speciem
342 1679 437 1728 mulieris
449 1679 581 1738 proceritatis
594 1679 700 1728 humanae
712 1679 803 1728 modum
815 1699 877 1729 cucc-v

95 1752 184 1800 dentem
193 1752 290 1806 tradunt,
300 1772 326 1800 ex
335 1772 378 1809 qua
387 1771 463 1800 vocem
471 1752 555 1801 audiret
564 1751 616 1800 haec
625 1752 690 1801 verba
699 1752 814 1800 dicentem:
823 1767 832 1792 r(
840 1751 876 1800 Tu

94 1845 124 1879 es,
139 1823 211 1880 Ruffe,
226 1825 264 1883 qui
278 1824 334 1874 hanc
347 1824 370 1874 in
383 1825 516 1884 provinciam
529 1824 644 1884 proconsul
657 1825 737 1880 venies,
746 1841 756 1865 ³>
769 1845 808 1873 nec
821 1823 877 1873 ultra

96 1917 210 1956 progressa
224 1918 250 1947 ex
265 1898 332 1947 oculis
347 1899 428 1947 vanuit.
444 1898 521 1947 Rullus
535 1910 608 1947 autem
622 1900 694 1946 omine
709 1898 745 1946 taIi
760 1898 840 1947 bonam
854 1900 877 1946 in

97 1991 160 2029 spem
174 1964 303 2029 assequendi
314 1971 409 2026 honoris,
420 1984 445 2018 ut
455 1984 487 2018 est
497 1970 603 2018 facilitatis
614 1971 727 2024 humanae,
739 1972 816 2019 ductus
827 1991 878 2018 mox

55 2043 81 2091 25
97 2043 167 2092 redire
177 2043 276 2096 Romam
290 2044 390 2092 instituit.
406 2043 551 2107 Nequevero
567 2044 639 2103 ipsum
655 2044 740 2101 decepit
755 2044 877 2100 augurium.

140 2115 263 2174 Imperabat
277 2129 330 2165 tunc
339 2115 446 2175 Tyberius
455 2116 540 2171 Caesar,
548 2117 607 2175 apud
615 2136 681 2174 quem
689 2116 751 2165 laciIe
758 2118 877 2165 amicorum

96 2190 261 2247 interpositione
272 2209 297 2236 ac
308 2190 381 2247 precio
392 2189 415 2238 id
426 2202 535 2238 assecutus
546 2201 585 2244 est,
597 2190 657 2247 quod
668 2189 729 2237 urbis
740 2202 878 2248 quaesturam

95 2260 198 2309 obtinuit.
211 2260 260 2309 Hoc
271 2261 336 2319 igitur
347 2261 411 2318 primi
423 2261 510 2309 honoris
522 2261 589 2319 gradu
600 2256 694 2310 elevatus
707 2261 767 2309 brevi
778 2261 806 2309 ad
817 2261 877 2319 prin-

94 2334 148 2392 cipis
158 2334 305 2393 cognitionem
315 2347 336 2383 et
346 2333 511 2384 familiaritatem
520 2335 623 2384 ascendit.
637 2333 747 2384 Obeundo
756 2334 845 2393 quidem
854 2334 877 2383 in

56 2405 83 2453 30
98 2418 188 2455 munere
202 2408 244 2455 isto
258 2408 373 2465 pecuniam
383 2420 408 2455 ut
419 2407 498 2456 Caesar
508 2407 596 2456 haberet
606 2408 704 2465 undique
715 2407 816 2465 colligens
827 2406 878 2454 soIi-

98 2480 154 2528 citus
168 2492 220 2528 erat.
234 2478 331 2529 Functus
344 2492 416 2529 autem
430 2492 543 2539 quaestura
556 2479 584 2529 ob
597 2498 643 2528 rem
656 2479 711 2528 bene
724 2478 805 2537 gestam
818 2479 878 2538 prin·

98 2552 153 2609 cipis
164 2552 250 2600 decreto
261 2551 386 2600 nobilitatus
396 2565 435 2606 est,
446 2573 474 2601 ne
483 2552 571 2601 iIIustris
580 2553 609 2601 ad
618 2553 754 2610 magistratus
763 2551 878 2600 ascendere

98 2626 183 2682 generis
197 2624 315 2673 obscuritas
329 2624 459 2684 prohiberet.
473 2623 568 2683 Tyberio
580 2644 667 2683 nanque
680 2636 752 2683 gratus
765 2637 817 2680 erat,
830 2637 878 2674 tum
931 2677 932 2681 ,

51 2719 191 2729 Ἢ-

91 2765 105 2804 1,
118 2764 182 2808 loseph.
194 2766 249 2810 Antio.
261 2764 298 2803 Iud.
310 2764 372 2802 XVIII.
385 2765 401 2802 3.
414 2766 430 2803 3.
482 2766 508 2809 II.
520 2765 561 2802 Tac.
575 2767 617 2804 Am.
629 2765 660 2801 XI.
673 2765 701 2802 21.
751 2766 778 2802 21.
791 2764 833 2801 Ibid.

51 2844 193 2854 5——

80 2880 125 2926 .18.
140 2880 221 2926 Africae
235 2881 331 2936 scita(tor)
346 2900 369 2928 ex
385 2881 473 2936 sciltator
487 2879 588 2937 AfricaeI)
602 2887 669 2926 statim
683 2880 739 2937 [corr.
785 2858 786 2861 =
800 2881 833 2927 32.
846 2880 878 2927 Ex

2 2961 4 2964 ·
52 2942 135 2992 illustres
150 2948 193 3002 (sic)
207 2947 258 2992 mule
272 2966 321 2992 corr.
