<?xml version="1.0" encoding="UTF-8"?>
<!DOCTYPE html PUBLIC "-//W3C//DTD XHTML 1.0 Transitional//EN"
    "http://www.w3.org/TR/xhtml1/DTD/xhtml1-transitional.dtd">
<html xmlns="http://www.w3.org/1999/xhtml" xml:lang="en" lang="en">
 <head>
  <title>
</title>
<meta http-equiv="Content-Type" content="text/html;charset=utf-8" />
  <meta name='ocr-system' content='tesseract 3.04.00' />
  <meta name='ocr-capabilities' content='ocr_page ocr_carea ocr_par ocr_line ocrx_word'/>
</head>
<body>
  <div class='ocr_page' id='page_1' title='image "MN40033ucmf_2_0375.png"; bbox 0 0 2093 3253; ppageno 0'>
   <div class='ocr_carea' id='block_1_1' title="bbox 256 161 869 210">
    <p class='ocr_par' dir='ltr' id='par_1_1' title="bbox 256 161 869 210">
     <span class='ocr_line' id='line_1_1' title="bbox 256 161 869 210; baseline -0.003 -1"><span class='ocrx_word' id='word_1_1' title='bbox 256 168 385 209; x_wconf 78' lang='lat' dir='ltr'>scaurorum</span> <span class='ocrx_word' id='word_1_2' title='bbox 399 177 522 210; x_wconf 77' lang='lat' dir='ltr'>uuusrmuu</span> <span class='ocrx_word' id='word_1_3' title='bbox 535 190 550 195; x_wconf 88' lang='lat'><em>-</em></span> <span class='ocrx_word' id='word_1_4' title='bbox 563 178 621 209; x_wconf 78' lang='lat' dir='ltr'>imm</span> <span class='ocrx_word' id='word_1_5' title='bbox 634 178 662 207; x_wconf 84' lang='lat' dir='ltr'>rr.</span> <span class='ocrx_word' id='word_1_6' title='bbox 833 161 869 208; x_wconf 81' lang='lat'>301</span> 
     </span>
    </p>
   </div>
   <div class='ocr_carea' id='block_1_2' title="bbox 46 292 930 2827">
    <p class='ocr_par' dir='ltr' id='par_1_2' title="bbox 85 292 874 569">
     <span class='ocr_line' id='line_1_2' title="bbox 86 292 872 353; baseline -0.004 -8"><span class='ocrx_word' id='word_1_7' title='bbox 86 296 136 345; x_wconf 89' lang='lat' dir='ltr'>dem</span> <span class='ocrx_word' id='word_1_8' title='bbox 149 295 172 343; x_wconf 95' lang='lat' dir='ltr'>in</span> <span class='ocrx_word' id='word_1_9' title='bbox 185 293 258 343; x_wconf 92' lang='lat' dir='ltr'>animo</span> <span class='ocrx_word' id='word_1_10' title='bbox 269 293 346 343; x_wconf 91' lang='lat' dir='ltr'>urbem</span> <span class='ocrx_word' id='word_1_11' title='bbox 357 293 478 349; x_wconf 82' lang='lat' dir='ltr'>incendere,</span> <span class='ocrx_word' id='word_1_12' title='bbox 490 293 624 353; x_wconf 89' lang='lat' dir='ltr'>locupletum</span> <span class='ocrx_word' id='word_1_13' title='bbox 635 293 693 342; x_wconf 90' lang='lat' dir='ltr'>bona</span> <span class='ocrx_word' id='word_1_14' title='bbox 704 293 804 352; x_wconf 80' lang='lat' dir='ltr'>diripere,</span> <span class='ocrx_word' id='word_1_15' title='bbox 816 292 872 352; x_wconf 81' lang='lat' dir='ltr'>pub-</span> 
     </span>
     <span class='ocr_line' id='line_1_3' title="bbox 87 358 874 424; baseline -0.005 -8"><span class='ocrx_word' id='word_1_16' title='bbox 87 370 150 416; x_wconf 88' lang='lat' dir='ltr'>licam</span> <span class='ocrx_word' id='word_1_17' title='bbox 165 365 286 414; x_wconf 88' lang='lat' dir='ltr'>libertatem</span> <span class='ocrx_word' id='word_1_18' title='bbox 302 367 431 424; x_wconf 78' lang='lat' dir='ltr'>opprimere,</span> <span class='ocrx_word' id='word_1_19' title='bbox 448 358 529 414; x_wconf 89' lang='lat' dir='ltr'>nemini</span> <span class='ocrx_word' id='word_1_20' title='bbox 544 384 632 424; x_wconf 82' lang='lat' dir='ltr'>parcere</span> <span class='ocrx_word' id='word_1_21' title='bbox 647 366 684 423; x_wconf 90' lang='lat' dir='ltr'>qui</span> <span class='ocrx_word' id='word_1_22' title='bbox 700 366 770 413; x_wconf 89' lang='lat' dir='ltr'>salvus</span> <span class='ocrx_word' id='word_1_23' title='bbox 787 385 833 413; x_wconf 90' lang='lat' dir='ltr'>esse</span> <span class='ocrx_word' id='word_1_24' title='bbox 851 384 874 412; x_wconf 90' lang='lat' dir='ltr'>re</span> 
     </span>
     <span class='ocr_line' id='line_1_4' title="bbox 85 437 873 501; baseline -0.001 -13"><span class='ocrx_word' id='word_1_25' title='bbox 85 438 172 501; x_wconf 89' lang='lat' dir='ltr'>publica</span> <span class='ocrx_word' id='word_1_26' title='bbox 180 437 237 487; x_wconf 89' lang='lat' dir='ltr'>salva</span> <span class='ocrx_word' id='word_1_27' title='bbox 245 452 325 498; x_wconf 89' lang='lat' dir='ltr'>posset.</span> <span class='ocrx_word' id='word_1_28' title='bbox 333 438 416 493; x_wconf 73' lang='lat' dir='ltr'>Actum</span> <span class='ocrx_word' id='word_1_29' title='bbox 422 452 467 487; x_wconf 86' lang='lat' dir='ltr'>erat</span> <span class='ocrx_word' id='word_1_30' title='bbox 476 438 502 487; x_wconf 88' lang='lat' dir='ltr'>de</span> <span class='ocrx_word' id='word_1_31' title='bbox 513 458 535 487; x_wconf 93' lang='lat' dir='ltr'>re</span> <span class='ocrx_word' id='word_1_32' title='bbox 545 438 632 499; x_wconf 90' lang='lat' dir='ltr'>publica</span> <span class='ocrx_word' id='word_1_33' title='bbox 642 460 667 487; x_wconf 89' lang='lat' dir='ltr'>ac</span> <span class='ocrx_word' id='word_1_34' title='bbox 677 437 760 487; x_wconf 90' lang='lat' dir='ltr'>civibus</span> <span class='ocrx_word' id='word_1_35' title='bbox 772 437 873 487; x_wconf 89' lang='lat' dir='ltr'>omnibus</span> 
     </span>
     <span class='ocr_line' id='line_1_5' title="bbox 86 512 508 569; baseline -0.007 -6"><span class='ocrx_word' id='word_1_36' title='bbox 86 514 156 566; x_wconf 86' lang='lat' dir='ltr'>bonis,</span> <span class='ocrx_word' id='word_1_37' title='bbox 170 513 188 559; x_wconf 92' lang='lat' dir='ltr'>si</span> <span class='ocrx_word' id='word_1_38' title='bbox 200 532 227 559; x_wconf 86' lang='lat' dir='ltr'>ex</span> <span class='ocrx_word' id='word_1_39' title='bbox 239 513 351 569; x_wconf 90' lang='lat' dir='ltr'>proposito</span> <span class='ocrx_word' id='word_1_40' title='bbox 364 512 508 560; x_wconf 83' lang='lat' dir='ltr'>successisset.</span> 
     </span>
    </p>

    <p class='ocr_par' dir='ltr' id='par_1_3' title="bbox 61 585 873 934">
     <span class='ocr_line' id='line_1_6' title="bbox 61 585 873 643; baseline -0.002 -11"><span class='ocrx_word' id='word_1_41' title='bbox 61 590 73 637; x_wconf 80' lang='grc'>5</span> <span class='ocrx_word' id='word_1_42' title='bbox 130 586 192 642; x_wconf 90' lang='lat' dir='ltr'>Quae</span> <span class='ocrx_word' id='word_1_43' title='bbox 206 597 279 632; x_wconf 87' lang='lat' dir='ltr'>autem</span> <span class='ocrx_word' id='word_1_44' title='bbox 289 585 443 638; x_wconf 83' lang='lat' dir='ltr'>tractabantur,</span> <span class='ocrx_word' id='word_1_45' title='bbox 456 604 480 631; x_wconf 91' lang='lat' dir='ltr'>ea</span> <span class='ocrx_word' id='word_1_46' title='bbox 491 585 519 641; x_wconf 92' lang='lat' dir='ltr'>Q.</span> <span class='ocrx_word' id='word_1_47' title='bbox 532 585 618 638; x_wconf 83' lang='lat' dir='ltr'>Curius,</span> <span class='ocrx_word' id='word_1_48' title='bbox 631 605 697 643; x_wconf 92' lang='lat' dir='ltr'>quem</span> <span class='ocrx_word' id='word_1_49' title='bbox 709 586 765 632; x_wconf 89' lang='lat' dir='ltr'>inter</span> <span class='ocrx_word' id='word_1_50' title='bbox 775 585 873 633; x_wconf 88' lang='lat' dir='ltr'>conscios</span> 
     </span>
     <span class='ocr_line' id='line_1_7' title="bbox 87 655 873 715; baseline -0.003 -9"><span class='ocrx_word' id='word_1_51' title='bbox 87 656 203 711; x_wconf 86' lang='lat' dir='ltr'>nominavi,</span> <span class='ocrx_word' id='word_1_52' title='bbox 219 656 388 715; x_wconf 79' lang='lat' dir='ltr'>haudquaquam</span> <span class='ocrx_word' id='word_1_53' title='bbox 402 675 442 714; x_wconf 86' lang='lat' dir='ltr'>pro</span> <span class='ocrx_word' id='word_1_54' title='bbox 457 655 500 703; x_wconf 86' lang='lat' dir='ltr'>fide</span> <span class='ocrx_word' id='word_1_55' title='bbox 514 669 535 704; x_wconf 90' lang='lat' dir='ltr'>et</span> <span class='ocrx_word' id='word_1_56' title='bbox 549 675 623 704; x_wconf 88' lang='lat' dir='ltr'>amore</span> <span class='ocrx_word' id='word_1_57' title='bbox 637 675 686 715; x_wconf 82' lang='lat' dir='ltr'>erga</span> <span class='ocrx_word' id='word_1_58' title='bbox 701 675 748 704; x_wconf 93' lang='lat' dir='ltr'>rem</span> <span class='ocrx_word' id='word_1_59' title='bbox 763 656 873 715; x_wconf 83' lang='lat' dir='ltr'>publicam</span> 
     </span>
     <span class='ocr_line' id='line_1_8' title="bbox 86 728 873 790; baseline -0.003 -11"><span class='ocrx_word' id='word_1_60' title='bbox 86 731 124 779; x_wconf 88' lang='lat' dir='ltr'>sed</span> <span class='ocrx_word' id='word_1_61' title='bbox 132 729 227 790; x_wconf 91' lang='lat' dir='ltr'>quadam</span> <span class='ocrx_word' id='word_1_62' title='bbox 235 728 321 778; x_wconf 87' lang='lat' dir='ltr'>levitate</span> <span class='ocrx_word' id='word_1_63' title='bbox 331 728 405 782; x_wconf 84' lang='lat' dir='ltr'>animi,</span> <span class='ocrx_word' id='word_1_64' title='bbox 411 741 435 777; x_wconf 93' lang='lat' dir='ltr'>ut</span> <span class='ocrx_word' id='word_1_65' title='bbox 446 728 523 777; x_wconf 88' lang='lat' dir='ltr'>soleret</span> <span class='ocrx_word' id='word_1_66' title='bbox 532 743 620 783; x_wconf 90' lang='lat' dir='ltr'>caetera,</span> <span class='ocrx_word' id='word_1_67' title='bbox 628 728 736 787; x_wconf 75' lang='lat' dir='ltr'>patefecit.</span> <span class='ocrx_word' id='word_1_68' title='bbox 744 729 817 778; x_wconf 88' lang='lat' dir='ltr'>Homo</span> <span class='ocrx_word' id='word_1_69' title='bbox 828 743 873 778; x_wconf 88' lang='lat' dir='ltr'>erat</span> 
     </span>
     <span class='ocr_line' id='line_1_9' title="bbox 87 801 872 861; baseline -0.003 -8"><span class='ocrx_word' id='word_1_70' title='bbox 87 804 167 860; x_wconf 84' lang='lat' dir='ltr'>Curius</span> <span class='ocrx_word' id='word_1_71' title='bbox 175 803 197 851; x_wconf 92' lang='lat' dir='ltr'>in</span> <span class='ocrx_word' id='word_1_72' title='bbox 205 823 250 861; x_wconf 92' lang='lat' dir='ltr'>quo</span> <span class='ocrx_word' id='word_1_73' title='bbox 258 816 330 860; x_wconf 93' lang='lat' dir='ltr'>preter</span> <span class='ocrx_word' id='word_1_74' title='bbox 342 802 426 860; x_wconf 82' lang='lat' dir='ltr'>generis</span> <span class='ocrx_word' id='word_1_75' title='bbox 440 801 574 851; x_wconf 80' lang='lat' dir='ltr'>nobilitatem</span> <span class='ocrx_word' id='word_1_76' title='bbox 587 803 680 860; x_wconf 82' lang='lat' dir='ltr'>inveniri</span> <span class='ocrx_word' id='word_1_77' title='bbox 691 802 745 850; x_wconf 88' lang='lat' dir='ltr'>nihil</span> <span class='ocrx_word' id='word_1_78' title='bbox 758 823 802 851; x_wconf 91' lang='lat' dir='ltr'>non</span> <span class='ocrx_word' id='word_1_79' title='bbox 815 802 872 852; x_wconf 79' lang='lat' dir='ltr'>vitu-</span> 
     </span>
     <span class='ocr_line' id='line_1_10' title="bbox 87 874 872 934; baseline -0.003 -11"><span class='ocrx_word' id='word_1_80' title='bbox 87 875 208 934; x_wconf 88' lang='lat' dir='ltr'>perandum</span> <span class='ocrx_word' id='word_1_81' title='bbox 222 887 302 932; x_wconf 89' lang='lat' dir='ltr'>posset.</span> <span class='ocrx_word' id='word_1_82' title='bbox 318 874 427 921; x_wconf 85' lang='lat' dir='ltr'>Vitiorum</span> <span class='ocrx_word' id='word_1_83' title='bbox 442 875 464 921; x_wconf 95' lang='lat' dir='ltr'>in</span> <span class='ocrx_word' id='word_1_84' title='bbox 479 894 505 921; x_wconf 92' lang='lat' dir='ltr'>eo</span> <span class='ocrx_word' id='word_1_85' title='bbox 528 875 644 922; x_wconf 93' lang='lat' dir='ltr'>minimum</span> <span class='ocrx_word' id='word_1_86' title='bbox 658 888 703 921; x_wconf 89' lang='lat' dir='ltr'>erat</span> <span class='ocrx_word' id='word_1_87' title='bbox 718 876 779 933; x_wconf 89' lang='lat' dir='ltr'>quod</span> <span class='ocrx_word' id='word_1_88' title='bbox 794 876 872 933; x_wconf 80' lang='lat' dir='ltr'>loquax</span> 
     </span>
    </p>

    <p class='ocr_par' dir='ltr' id='par_1_4' title="bbox 49 947 873 1231">
     <span class='ocr_line' id='line_1_11' title="bbox 49 947 873 1006; baseline -0.006 -7"><span class='ocrx_word' id='word_1_89' title='bbox 49 952 73 1000; x_wconf 85' lang='grc'>10</span> <span class='ocrx_word' id='word_1_90' title='bbox 88 961 143 997; x_wconf 88' lang='lat' dir='ltr'>essct</span> <span class='ocrx_word' id='word_1_91' title='bbox 156 968 195 996; x_wconf 90' lang='lat' dir='ltr'>nec</span> <span class='ocrx_word' id='word_1_92' title='bbox 208 948 306 995; x_wconf 88' lang='lat' dir='ltr'>reticeret</span> <span class='ocrx_word' id='word_1_93' title='bbox 318 947 436 1006; x_wconf 89' lang='lat' dir='ltr'>quicquam</span> <span class='ocrx_word' id='word_1_94' title='bbox 447 947 541 1001; x_wconf 85' lang='lat' dir='ltr'>archani,</span> <span class='ocrx_word' id='word_1_95' title='bbox 554 947 654 1006; x_wconf 89' lang='lat' dir='ltr'>quamvis</span> <span class='ocrx_word' id='word_1_96' title='bbox 666 947 873 1005; x_wconf 85' lang='lat' dir='ltr'>periculosissimum</span> 
     </span>
     <span class='ocr_line' id='line_1_12' title="bbox 87 1020 872 1079; baseline -0.004 -8"><span class='ocrx_word' id='word_1_97' title='bbox 87 1043 133 1071; x_wconf 86' lang='lat' dir='ltr'>esse</span> <span class='ocrx_word' id='word_1_98' title='bbox 148 1021 207 1070; x_wconf 89' lang='lat' dir='ltr'>dictu</span> <span class='ocrx_word' id='word_1_99' title='bbox 218 1033 239 1069; x_wconf 92' lang='lat' dir='ltr'>et</span> <span class='ocrx_word' id='word_1_100' title='bbox 249 1020 339 1079; x_wconf 87' lang='lat' dir='ltr'>capitale</span> <span class='ocrx_word' id='word_1_101' title='bbox 350 1022 421 1069; x_wconf 84' lang='lat' dir='ltr'>sciret.</span> <span class='ocrx_word' id='word_1_102' title='bbox 433 1020 581 1079; x_wconf 88' lang='lat' dir='ltr'>Quaecunque</span> <span class='ocrx_word' id='word_1_103' title='bbox 592 1022 614 1068; x_wconf 96' lang='lat' dir='ltr'>in</span> <span class='ocrx_word' id='word_1_104' title='bbox 624 1021 704 1074; x_wconf 85' lang='lat' dir='ltr'>animo,</span> <span class='ocrx_word' id='word_1_105' title='bbox 716 1021 793 1069; x_wconf 87' lang='lat' dir='ltr'>eadem</span> <span class='ocrx_word' id='word_1_106' title='bbox 803 1022 825 1070; x_wconf 94' lang='lat' dir='ltr'>in</span> <span class='ocrx_word' id='word_1_107' title='bbox 836 1040 872 1069; x_wconf 85' lang='lat' dir='ltr'>ore</span> 
     </span>
     <span class='ocr_line' id='line_1_13' title="bbox 87 1093 873 1152; baseline -0.001 -9"><span class='ocrx_word' id='word_1_108' title='bbox 87 1095 185 1148; x_wconf 86' lang='lat' dir='ltr'>babebat,</span> <span class='ocrx_word' id='word_1_109' title='bbox 202 1114 241 1142; x_wconf 90' lang='lat' dir='ltr'>nec</span> <span class='ocrx_word' id='word_1_110' title='bbox 257 1094 323 1152; x_wconf 82' lang='lat' dir='ltr'>magis</span> <span class='ocrx_word' id='word_1_111' title='bbox 332 1114 388 1152; x_wconf 89' lang='lat' dir='ltr'>quae</span> <span class='ocrx_word' id='word_1_112' title='bbox 395 1093 474 1142; x_wconf 87' lang='lat' dir='ltr'>laceret</span> <span class='ocrx_word' id='word_1_113' title='bbox 482 1114 549 1152; x_wconf 93' lang='lat' dir='ltr'>quam</span> <span class='ocrx_word' id='word_1_114' title='bbox 556 1094 637 1143; x_wconf 89' lang='lat' dir='ltr'>diceret</span> <span class='ocrx_word' id='word_1_115' title='bbox 645 1094 787 1151; x_wconf 85' lang='lat' dir='ltr'>ponderabat.</span> <span class='ocrx_word' id='word_1_116' title='bbox 798 1095 873 1152; x_wconf 89' lang='lat' dir='ltr'>lpsum</span> 
     </span>
     <span class='ocr_line' id='line_1_14' title="bbox 86 1166 731 1231; baseline -0.003 -16"><span class='ocrx_word' id='word_1_117' title='bbox 86 1167 160 1226; x_wconf 86' lang='lat' dir='ltr'>probri</span> <span class='ocrx_word' id='word_1_118' title='bbox 170 1187 234 1231; x_wconf 85' lang='lat' dir='ltr'>causa</span> <span class='ocrx_word' id='word_1_119' title='bbox 243 1166 367 1225; x_wconf 88' lang='lat' dir='ltr'>pauloante</span> <span class='ocrx_word' id='word_1_120' title='bbox 377 1179 453 1213; x_wconf 88' lang='lat' dir='ltr'>senatu</span> <span class='ocrx_word' id='word_1_121' title='bbox 462 1185 562 1214; x_wconf 85' lang='lat' dir='ltr'>censores</span> <span class='ocrx_word' id='word_1_122' title='bbox 571 1179 703 1214; x_wconf 87' lang='lat' dir='ltr'>amoverant.</span> <span class='ocrx_word' id='word_1_123' title='bbox 718 1176 731 1226; x_wconf 55' lang='lat' dir='ltr'>r]</span> 
     </span>
    </p>

    <p class='ocr_par' dir='ltr' id='par_1_5' title="bbox 129 1238 872 1307">
     <span class='ocr_line' id='line_1_15' title="bbox 129 1238 872 1307; baseline -0.003 -20"><span class='ocrx_word' id='word_1_124' title='bbox 129 1240 178 1294; x_wconf 84' lang='lat' dir='ltr'>Hic,</span> <span class='ocrx_word' id='word_1_125' title='bbox 196 1239 382 1299; x_wconf 81' lang='lat' dir='ltr'>quemadmodum</span> <span class='ocrx_word' id='word_1_126' title='bbox 398 1239 475 1287; x_wconf 86' lang='lat' dir='ltr'>caeteri</span> <span class='ocrx_word' id='word_1_127' title='bbox 492 1240 529 1307; x_wconf 89' lang='lat' dir='ltr'>qui</span> <span class='ocrx_word' id='word_1_128' title='bbox 546 1239 652 1287; x_wconf 87' lang='lat' dir='ltr'>Catilinae</span> <span class='ocrx_word' id='word_1_129' title='bbox 668 1238 771 1294; x_wconf 70' lang='lat' dir='ltr'>faverent,</span> <span class='ocrx_word' id='word_1_130' title='bbox 790 1240 872 1298; x_wconf 82' lang='lat' dir='ltr'>magnis</span> 
     </span>
    </p>

    <p class='ocr_par' dir='ltr' id='par_1_6' title="bbox 50 1311 888 1662">
     <span class='ocr_line' id='line_1_16' title="bbox 50 1311 873 1373; baseline -0.005 -9"><span class='ocrx_word' id='word_1_131' title='bbox 50 1316 72 1364; x_wconf 80' lang='grc'>15</span> <span class='ocrx_word' id='word_1_132' title='bbox 88 1313 199 1373; x_wconf 86' lang='lat' dir='ltr'>promissis</span> <span class='ocrx_word' id='word_1_133' title='bbox 210 1333 234 1361; x_wconf 91' lang='lat' dir='ltr'>ac</span> <span class='ocrx_word' id='word_1_134' title='bbox 243 1333 281 1371; x_wconf 87' lang='lat' dir='ltr'>spe</span> <span class='ocrx_word' id='word_1_135' title='bbox 292 1312 424 1371; x_wconf 90' lang='lat' dir='ltr'>amplissima</span> <span class='ocrx_word' id='word_1_136' title='bbox 436 1311 513 1371; x_wconf 92' lang='lat' dir='ltr'>plenus</span> <span class='ocrx_word' id='word_1_137' title='bbox 524 1313 584 1371; x_wconf 91' lang='lat' dir='ltr'>apud</span> <span class='ocrx_word' id='word_1_138' title='bbox 595 1325 697 1366; x_wconf 82' lang='lat' dir='ltr'>scortum.</span> <span class='ocrx_word' id='word_1_139' title='bbox 707 1314 767 1372; x_wconf 88' lang='lat' dir='ltr'>quasi</span> <span class='ocrx_word' id='word_1_140' title='bbox 777 1312 873 1372; x_wconf 81' lang='lat' dir='ltr'>locuples</span> 
     </span>
     <span class='ocr_line' id='line_1_17' title="bbox 86 1377 888 1448; baseline -0.001 -13"><span class='ocrx_word' id='word_1_141' title='bbox 86 1400 142 1435; x_wconf 88' lang='lat' dir='ltr'>esset</span> <span class='ocrx_word' id='word_1_142' title='bbox 156 1406 180 1434; x_wconf 93' lang='lat' dir='ltr'>ac</span> <span class='ocrx_word' id='word_1_143' title='bbox 196 1387 311 1444; x_wconf 84' lang='lat' dir='ltr'>promissas</span> <span class='ocrx_word' id='word_1_144' title='bbox 326 1386 368 1433; x_wconf 89' lang='lat' dir='ltr'>sibi</span> <span class='ocrx_word' id='word_1_145' title='bbox 383 1405 434 1443; x_wconf 88' lang='lat' dir='ltr'>opes</span> <span class='ocrx_word' id='word_1_146' title='bbox 450 1398 471 1433; x_wconf 92' lang='lat' dir='ltr'>et</span> <span class='ocrx_word' id='word_1_147' title='bbox 486 1377 622 1443; x_wconf 77' lang='lat' dir='ltr'>magistratus</span> <span class='ocrx_word' id='word_1_148' title='bbox 638 1385 733 1448; x_wconf 77' lang='lat' dir='ltr'>liaberet,</span> <span class='ocrx_word' id='word_1_149' title='bbox 749 1386 888 1443; x_wconf 74' lang='lat' dir='ltr'>gloriabun-</span> 
     </span>
     <span class='ocr_line' id='line_1_18' title="bbox 88 1457 873 1517; baseline -0.001 -10"><span class='ocrx_word' id='word_1_150' title='bbox 88 1460 127 1507; x_wconf 92' lang='lat' dir='ltr'>dus</span> <span class='ocrx_word' id='word_1_151' title='bbox 142 1478 198 1517; x_wconf 88' lang='lat' dir='ltr'>quae</span> <span class='ocrx_word' id='word_1_152' title='bbox 211 1457 297 1506; x_wconf 78' lang='lat' dir='ltr'>fuerant</span> <span class='ocrx_word' id='word_1_153' title='bbox 308 1458 370 1516; x_wconf 89' lang='lat' dir='ltr'>apud</span> <span class='ocrx_word' id='word_1_154' title='bbox 384 1458 481 1505; x_wconf 90' lang='lat' dir='ltr'>conscios</span> <span class='ocrx_word' id='word_1_155' title='bbox 496 1457 580 1506; x_wconf 86' lang='lat' dir='ltr'>occulte</span> <span class='ocrx_word' id='word_1_156' title='bbox 594 1471 684 1514; x_wconf 88' lang='lat' dir='ltr'>narrata,</span> <span class='ocrx_word' id='word_1_157' title='bbox 697 1459 769 1506; x_wconf 90' lang='lat' dir='ltr'>omnia</span> <span class='ocrx_word' id='word_1_158' title='bbox 780 1458 873 1517; x_wconf 81' lang='lat' dir='ltr'>explica-</span> 
     </span>
     <span class='ocr_line' id='line_1_19' title="bbox 86 1529 872 1596; baseline -0.001 -15"><span class='ocrx_word' id='word_1_159' title='bbox 86 1533 124 1581; x_wconf 88' lang='lat' dir='ltr'>vit.</span> <span class='ocrx_word' id='word_1_160' title='bbox 139 1531 217 1581; x_wconf 85' lang='lat' dir='ltr'>Scorto</span> <span class='ocrx_word' id='word_1_161' title='bbox 226 1553 306 1579; x_wconf 90' lang='lat' dir='ltr'>nomen</span> <span class='ocrx_word' id='word_1_162' title='bbox 317 1530 392 1580; x_wconf 84' lang='lat' dir='ltr'>Fulvia</span> <span class='ocrx_word' id='word_1_163' title='bbox 402 1545 454 1585; x_wconf 87' lang='lat' dir='ltr'>erat;</span> <span class='ocrx_word' id='word_1_164' title='bbox 464 1529 544 1579; x_wconf 82' lang='lat' dir='ltr'>lemina</span> <span class='ocrx_word' id='word_1_165' title='bbox 554 1529 622 1596; x_wconf 84' lang='lat' dir='ltr'>nobili</span> <span class='ocrx_word' id='word_1_166' title='bbox 632 1551 710 1589; x_wconf 80' lang='lat' dir='ltr'>genere</span> <span class='ocrx_word' id='word_1_167' title='bbox 720 1546 775 1581; x_wconf 88' lang='lat' dir='ltr'>nata.</span> <span class='ocrx_word' id='word_1_168' title='bbox 787 1531 823 1587; x_wconf 83' lang='lat' dir='ltr'>Ea,</span> <span class='ocrx_word' id='word_1_169' title='bbox 834 1553 872 1580; x_wconf 86' lang='lat' dir='ltr'>seu</span> 
     </span>
     <span class='ocr_line' id='line_1_20' title="bbox 89 1604 872 1662; baseline -0.003 -8"><span class='ocrx_word' id='word_1_170' title='bbox 89 1605 222 1654; x_wconf 88' lang='lat' dir='ltr'>muliebriter</span> <span class='ocrx_word' id='word_1_171' title='bbox 233 1605 305 1652; x_wconf 90' lang='lat' dir='ltr'>omnia</span> <span class='ocrx_word' id='word_1_172' title='bbox 316 1605 413 1662; x_wconf 89' lang='lat' dir='ltr'>pandens</span> <span class='ocrx_word' id='word_1_173' title='bbox 424 1625 462 1652; x_wconf 93' lang='lat' dir='ltr'>seu</span> <span class='ocrx_word' id='word_1_174' title='bbox 473 1604 572 1652; x_wconf 92' lang='lat' dir='ltr'>consulto</span> <span class='ocrx_word' id='word_1_175' title='bbox 582 1604 704 1662; x_wconf 89' lang='lat' dir='ltr'>periculum</span> <span class='ocrx_word' id='word_1_176' title='bbox 714 1625 815 1661; x_wconf 85' lang='lat' dir='ltr'>pensans,</span> <span class='ocrx_word' id='word_1_177' title='bbox 826 1625 872 1652; x_wconf 88' lang='lat' dir='ltr'>esse</span> 
     </span>
    </p>

    <p class='ocr_par' dir='ltr' id='par_1_7' title="bbox 47 1675 873 1808">
     <span class='ocr_line' id='line_1_21' title="bbox 47 1675 873 1739; baseline -0.001 -13"><span class='ocrx_word' id='word_1_178' title='bbox 47 1679 73 1738; x_wconf 80' lang='grc' dir='ltr'>ΖΟ</span> <span class='ocrx_word' id='word_1_179' title='bbox 89 1678 126 1737; x_wconf 93' lang='lat' dir='ltr'>qui</span> <span class='ocrx_word' id='word_1_180' title='bbox 135 1697 226 1739; x_wconf 83' lang='lat' dir='ltr'>regnum</span> <span class='ocrx_word' id='word_1_181' title='bbox 236 1690 295 1735; x_wconf 91' lang='lat' dir='ltr'>paret</span> <span class='ocrx_word' id='word_1_182' title='bbox 306 1676 346 1724; x_wconf 90' lang='lat' dir='ltr'>sibi</span> <span class='ocrx_word' id='word_1_183' title='bbox 356 1675 403 1723; x_wconf 88' lang='lat' dir='ltr'>aliis</span> <span class='ocrx_word' id='word_1_184' title='bbox 411 1689 476 1734; x_wconf 88' lang='lat' dir='ltr'>atque</span> <span class='ocrx_word' id='word_1_185' title='bbox 484 1675 532 1723; x_wconf 91' lang='lat' dir='ltr'>aliis</span> <span class='ocrx_word' id='word_1_186' title='bbox 538 1676 576 1735; x_wconf 90' lang='lat' dir='ltr'>qui</span> <span class='ocrx_word' id='word_1_187' title='bbox 584 1675 644 1735; x_wconf 90' lang='lat' dir='ltr'>apud</span> <span class='ocrx_word' id='word_1_188' title='bbox 652 1696 699 1723; x_wconf 91' lang='lat' dir='ltr'>eam</span> <span class='ocrx_word' id='word_1_189' title='bbox 709 1676 873 1725; x_wconf 79' lang='lat' dir='ltr'>obversarentur</span> 
     </span>
     <span class='ocr_line' id='line_1_22' title="bbox 88 1748 718 1808; baseline -0.003 -10"><span class='ocrx_word' id='word_1_190' title='bbox 88 1752 148 1799; x_wconf 89' lang='lat' dir='ltr'>dixit.</span> <span class='ocrx_word' id='word_1_191' title='bbox 160 1750 218 1798; x_wconf 91' lang='lat' dir='ltr'>Hinc</span> <span class='ocrx_word' id='word_1_192' title='bbox 228 1771 294 1808; x_wconf 93' lang='lat' dir='ltr'>quam</span> <span class='ocrx_word' id='word_1_193' title='bbox 305 1749 421 1797; x_wconf 88' lang='lat' dir='ltr'>memoravi</span> <span class='ocrx_word' id='word_1_194' title='bbox 432 1749 475 1796; x_wconf 90' lang='lat' dir='ltr'>iam</span> <span class='ocrx_word' id='word_1_195' title='bbox 485 1770 548 1807; x_wconf 88' lang='lat' dir='ltr'>saepe</span> <span class='ocrx_word' id='word_1_196' title='bbox 558 1748 600 1797; x_wconf 79' lang='lat' dir='ltr'>voir</span> <span class='ocrx_word' id='word_1_197' title='bbox 610 1762 656 1796; x_wconf 88' lang='lat' dir='ltr'>o&#39;rta</span> <span class='ocrx_word' id='word_1_198' title='bbox 666 1762 718 1797; x_wconf 88' lang='lat' dir='ltr'>erat.</span> 
     </span>
    </p>

    <p class='ocr_par' dir='ltr' id='par_1_8' title="bbox 86 1823 873 2028">
     <span class='ocr_line' id='line_1_23' title="bbox 129 1823 873 1881; baseline -0.003 -8"><span class='ocrx_word' id='word_1_199' title='bbox 129 1824 206 1873; x_wconf 88' lang='lat' dir='ltr'>Cicero</span> <span class='ocrx_word' id='word_1_200' title='bbox 219 1836 293 1872; x_wconf 89' lang='lat' dir='ltr'>autem</span> <span class='ocrx_word' id='word_1_201' title='bbox 306 1823 344 1872; x_wconf 92' lang='lat' dir='ltr'>ubi</span> <span class='ocrx_word' id='word_1_202' title='bbox 359 1823 464 1881; x_wconf 80' lang='lat' dir='ltr'>originem</span> <span class='ocrx_word' id='word_1_203' title='bbox 478 1824 551 1878; x_wconf 86' lang='lat' dir='ltr'>sensit,</span> <span class='ocrx_word' id='word_1_204' title='bbox 567 1843 618 1872; x_wconf 83' lang='lat' dir='ltr'>mox</span> <span class='ocrx_word' id='word_1_205' title='bbox 630 1841 669 1881; x_wconf 95' lang='lat' dir='ltr'>per</span> <span class='ocrx_word' id='word_1_206' title='bbox 683 1824 774 1872; x_wconf 89' lang='lat' dir='ltr'>nuncios</span> <span class='ocrx_word' id='word_1_207' title='bbox 789 1824 873 1873; x_wconf 88' lang='lat' dir='ltr'>occulte</span> 
     </span>
     <span class='ocr_line' id='line_1_24' title="bbox 89 1895 873 1959; baseline -0.001 -14"><span class='ocrx_word' id='word_1_208' title='bbox 89 1897 202 1946; x_wconf 86' lang='lat' dir='ltr'>mulierem</span> <span class='ocrx_word' id='word_1_209' title='bbox 216 1896 370 1959; x_wconf 88' lang='lat' dir='ltr'>blandimentis</span> <span class='ocrx_word' id='word_1_210' title='bbox 381 1916 406 1943; x_wconf 90' lang='lat' dir='ltr'>ac</span> <span class='ocrx_word' id='word_1_211' title='bbox 418 1895 480 1943; x_wconf 88' lang='lat' dir='ltr'>donis</span> <span class='ocrx_word' id='word_1_212' title='bbox 492 1895 596 1944; x_wconf 91' lang='lat' dir='ltr'>subornat</span> <span class='ocrx_word' id='word_1_213' title='bbox 607 1908 631 1943; x_wconf 92' lang='lat' dir='ltr'>ut</span> <span class='ocrx_word' id='word_1_214' title='bbox 643 1914 681 1954; x_wconf 91' lang='lat' dir='ltr'>per</span> <span class='ocrx_word' id='word_1_215' title='bbox 693 1917 741 1944; x_wconf 90' lang='lat' dir='ltr'>eam</span> <span class='ocrx_word' id='word_1_216' title='bbox 753 1896 781 1953; x_wconf 91' lang='lat' dir='ltr'>Q</span> <span class='ocrx_word' id='word_1_217' title='bbox 794 1896 873 1945; x_wconf 90' lang='lat' dir='ltr'>Curius</span> 
     </span>
     <span class='ocr_line' id='line_1_25' title="bbox 86 1965 873 2028; baseline -0.001 -9"><span class='ocrx_word' id='word_1_218' title='bbox 86 1970 143 2019; x_wconf 90' lang='lat' dir='ltr'>ultro</span> <span class='ocrx_word' id='word_1_219' title='bbox 158 1965 202 2018; x_wconf 85' lang='lat' dir='ltr'>sibi</span> <span class='ocrx_word' id='word_1_220' title='bbox 214 1969 290 2017; x_wconf 89' lang='lat' dir='ltr'>dietim</span> <span class='ocrx_word' id='word_1_221' title='bbox 305 1989 447 2028; x_wconf 89' lang='lat' dir='ltr'>quaecunque</span> <span class='ocrx_word' id='word_1_222' title='bbox 462 1967 568 2018; x_wconf 86' lang='lat' dir='ltr'>Catilinae</span> <span class='ocrx_word' id='word_1_223' title='bbox 582 1968 671 2018; x_wconf 87' lang='lat' dir='ltr'>consilia</span> <span class='ocrx_word' id='word_1_224' title='bbox 685 1969 797 2018; x_wconf 89' lang='lat' dir='ltr'>indicaret.</span> <span class='ocrx_word' id='word_1_225' title='bbox 812 1969 873 2026; x_wconf 84' lang='lat' dir='ltr'>Quae</span> 
     </span>
    </p>

    <p class='ocr_par' dir='ltr' id='par_1_9' title="bbox 46 2042 872 2179">
     <span class='ocr_line' id='line_1_26' title="bbox 46 2042 872 2098; baseline -0.001 -7"><span class='ocrx_word' id='word_1_226' title='bbox 46 2044 72 2092; x_wconf 82' lang='grc'>25</span> <span class='ocrx_word' id='word_1_227' title='bbox 83 2063 138 2093; x_wconf 51' lang='lat' dir='ltr'>¹vero</span> <span class='ocrx_word' id='word_1_228' title='bbox 153 2042 223 2092; x_wconf 84' lang='lat' dir='ltr'>delata</span> <span class='ocrx_word' id='word_1_229' title='bbox 234 2055 294 2091; x_wconf 88' lang='lat' dir='ltr'>erant</span> <span class='ocrx_word' id='word_1_230' title='bbox 305 2042 333 2091; x_wconf 89' lang='lat' dir='ltr'>ad</span> <span class='ocrx_word' id='word_1_231' title='bbox 343 2063 400 2096; x_wconf 87' lang='lat' dir='ltr'>eum,</span> <span class='ocrx_word' id='word_1_232' title='bbox 413 2042 486 2090; x_wconf 91' lang='lat' dir='ltr'>omnia</span> <span class='ocrx_word' id='word_1_233' title='bbox 497 2042 553 2098; x_wconf 87' lang='lat' dir='ltr'>inse</span> <span class='ocrx_word' id='word_1_234' title='bbox 563 2043 641 2091; x_wconf 89' lang='lat' dir='ltr'>tacitus</span> <span class='ocrx_word' id='word_1_235' title='bbox 653 2042 799 2092; x_wconf 84' lang='lat' dir='ltr'>conservabat.</span> <span class='ocrx_word' id='word_1_236' title='bbox 811 2042 872 2092; x_wconf 81' lang='lat' dir='ltr'>Nihil</span> 
     </span>
     <span class='ocr_line' id='line_1_27' title="bbox 87 2114 872 2179; baseline -0.003 -15"><span class='ocrx_word' id='word_1_237' title='bbox 87 2117 176 2174; x_wconf 91' lang='lat' dir='ltr'>quidem</span> <span class='ocrx_word' id='word_1_238' title='bbox 192 2116 268 2162; x_wconf 89' lang='lat' dir='ltr'>barum</span> <span class='ocrx_word' id='word_1_239' title='bbox 285 2133 357 2162; x_wconf 87' lang='lat' dir='ltr'>rerum</span> <span class='ocrx_word' id='word_1_240' title='bbox 372 2114 400 2162; x_wconf 91' lang='lat' dir='ltr'>ad</span> <span class='ocrx_word' id='word_1_241' title='bbox 416 2127 515 2162; x_wconf 89' lang='lat' dir='ltr'>senatum</span> <span class='ocrx_word' id='word_1_242' title='bbox 531 2114 644 2168; x_wconf 78' lang='lat' dir='ltr'>referebat,</span> <span class='ocrx_word' id='word_1_243' title='bbox 660 2127 709 2162; x_wconf 85' lang='lat' dir='ltr'>tum</span> <span class='ocrx_word' id='word_1_244' title='bbox 725 2116 786 2179; x_wconf 88' lang='lat' dir='ltr'>quod</span> <span class='ocrx_word' id='word_1_245' title='bbox 801 2115 872 2163; x_wconf 88' lang='lat' dir='ltr'>verbis</span> 
     </span>
    </p>

    <p class='ocr_par' dir='ltr' id='par_1_10' title="bbox 63 2185 872 2396">
     <span class='ocr_line' id='line_1_28' title="bbox 63 2185 872 2246; baseline -0.002 -10"><span class='ocrx_word' id='word_1_246' title='bbox 63 2232 64 2235; x_wconf 72' lang='grc'>,</span> <span class='ocrx_word' id='word_1_247' title='bbox 87 2187 155 2241; x_wconf 89' lang='lat' dir='ltr'>Curii,</span> <span class='ocrx_word' id='word_1_248' title='bbox 172 2187 209 2246; x_wconf 92' lang='lat' dir='ltr'>qui</span> <span class='ocrx_word' id='word_1_249' title='bbox 226 2186 298 2240; x_wconf 88' lang='lat' dir='ltr'>bomo,</span> <span class='ocrx_word' id='word_1_250' title='bbox 315 2187 346 2234; x_wconf 93' lang='lat' dir='ltr'>uti</span> <span class='ocrx_word' id='word_1_251' title='bbox 363 2197 407 2234; x_wconf 90' lang='lat' dir='ltr'>erat</span> <span class='ocrx_word' id='word_1_252' title='bbox 423 2205 448 2233; x_wconf 87' lang='lat' dir='ltr'>ac</span> <span class='ocrx_word' id='word_1_253' title='bbox 464 2185 507 2234; x_wconf 87' lang='lat' dir='ltr'>dixi</span> <span class='ocrx_word' id='word_1_254' title='bbox 529 2205 582 2241; x_wconf 88' lang='lat' dir='ltr'>esse,</span> <span class='ocrx_word' id='word_1_255' title='bbox 604 2185 725 2234; x_wconf 90' lang='lat' dir='ltr'>levissimus</span> <span class='ocrx_word' id='word_1_256' title='bbox 747 2186 872 2241; x_wconf 82' lang='lat' dir='ltr'>habebatur,</span> 
     </span>
     <span class='ocr_line' id='line_1_29' title="bbox 85 2260 871 2318; baseline -0.001 -10"><span class='ocrx_word' id='word_1_257' title='bbox 85 2282 129 2308; x_wconf 94' lang='lat' dir='ltr'>non</span> <span class='ocrx_word' id='word_1_258' title='bbox 145 2260 239 2308; x_wconf 90' lang='lat' dir='ltr'>multum</span> <span class='ocrx_word' id='word_1_259' title='bbox 254 2260 304 2307; x_wconf 89' lang='lat' dir='ltr'>fidei</span> <span class='ocrx_word' id='word_1_260' title='bbox 319 2260 439 2313; x_wconf 82' lang='lat' dir='ltr'>adhiberer,</span> <span class='ocrx_word' id='word_1_261' title='bbox 454 2272 503 2306; x_wconf 90' lang='lat' dir='ltr'>tum</span> <span class='ocrx_word' id='word_1_262' title='bbox 518 2260 578 2318; x_wconf 93' lang='lat' dir='ltr'>quod</span> <span class='ocrx_word' id='word_1_263' title='bbox 593 2260 752 2317; x_wconf 86' lang='lat' dir='ltr'>expectandum</span> <span class='ocrx_word' id='word_1_264' title='bbox 769 2280 815 2308; x_wconf 90' lang='lat' dir='ltr'>esse</span> <span class='ocrx_word' id='word_1_265' title='bbox 830 2281 871 2317; x_wconf 92' lang='lat' dir='ltr'>pu-</span> 
     </span>
     <span class='ocr_line' id='line_1_30' title="bbox 86 2324 872 2396; baseline -0.003 -16"><span class='ocrx_word' id='word_1_266' title='bbox 86 2346 140 2380; x_wconf 88' lang='lat' dir='ltr'>taret</span> <span class='ocrx_word' id='word_1_267' title='bbox 155 2332 228 2390; x_wconf 91' lang='lat' dir='ltr'>quoad</span> <span class='ocrx_word' id='word_1_268' title='bbox 239 2351 309 2390; x_wconf 88' lang='lat' dir='ltr'>usque</span> <span class='ocrx_word' id='word_1_269' title='bbox 321 2353 365 2396; x_wconf 88' lang='lat' dir='ltr'>non</span> <span class='ocrx_word' id='word_1_270' title='bbox 377 2331 449 2378; x_wconf 89' lang='lat' dir='ltr'>solum</span> <span class='ocrx_word' id='word_1_271' title='bbox 460 2352 516 2389; x_wconf 90' lang='lat' dir='ltr'>quae</span> <span class='ocrx_word' id='word_1_272' title='bbox 527 2324 633 2379; x_wconf 85' lang='lat' dir='ltr'>coniurati</span> <span class='ocrx_word' id='word_1_273' title='bbox 646 2331 716 2379; x_wconf 87' lang='lat' dir='ltr'>lacere</span> <span class='ocrx_word' id='word_1_274' title='bbox 728 2332 818 2379; x_wconf 90' lang='lat' dir='ltr'>consilio</span> <span class='ocrx_word' id='word_1_275' title='bbox 830 2345 872 2379; x_wconf 89' lang='lat' dir='ltr'>sta-</span> 
     </span>
    </p>

    <p class='ocr_par' dir='ltr' id='par_1_11' title="bbox 46 2402 930 2756">
     <span class='ocr_line' id='line_1_31' title="bbox 46 2402 872 2462; baseline 0.002 -13"><span class='ocrx_word' id='word_1_276' title='bbox 46 2403 73 2452; x_wconf 74' lang='lat'>30</span> <span class='ocrx_word' id='word_1_277' title='bbox 87 2406 178 2454; x_wconf 89' lang='lat' dir='ltr'>tuissent</span> <span class='ocrx_word' id='word_1_278' title='bbox 193 2422 269 2453; x_wconf 91' lang='lat' dir='ltr'>verum</span> <span class='ocrx_word' id='word_1_279' title='bbox 284 2405 349 2452; x_wconf 90' lang='lat' dir='ltr'>etiam</span> <span class='ocrx_word' id='word_1_280' title='bbox 364 2423 420 2462; x_wconf 89' lang='lat' dir='ltr'>quae</span> <span class='ocrx_word' id='word_1_281' title='bbox 434 2402 504 2452; x_wconf 80' lang='lat' dir='ltr'>lacere</span> <span class='ocrx_word' id='word_1_282' title='bbox 519 2416 659 2452; x_wconf 89' lang='lat' dir='ltr'>attentassent</span> <span class='ocrx_word' id='word_1_283' title='bbox 675 2404 797 2452; x_wconf 86' lang='lat' dir='ltr'>indubitato</span> <span class='ocrx_word' id='word_1_284' title='bbox 812 2406 872 2453; x_wconf 86' lang='lat' dir='ltr'>testi-</span> 
     </span>
     <span class='ocr_line' id='line_1_32' title="bbox 86 2475 873 2536; baseline 0 -10"><span class='ocrx_word' id='word_1_285' title='bbox 86 2477 159 2528; x_wconf 90' lang='lat' dir='ltr'>monio</span> <span class='ocrx_word' id='word_1_286' title='bbox 172 2475 251 2525; x_wconf 75' lang='lat' dir='ltr'>referre</span> <span class='ocrx_word' id='word_1_287' title='bbox 263 2476 291 2525; x_wconf 88' lang='lat' dir='ltr'>ad</span> <span class='ocrx_word' id='word_1_288' title='bbox 303 2490 403 2526; x_wconf 84' lang='lat' dir='ltr'>senatum</span> <span class='ocrx_word' id='word_1_289' title='bbox 415 2490 494 2534; x_wconf 89' lang='lat' dir='ltr'>posset,</span> <span class='ocrx_word' id='word_1_290' title='bbox 509 2476 586 2536; x_wconf 90' lang='lat' dir='ltr'>nequi</span> <span class='ocrx_word' id='word_1_291' title='bbox 599 2497 668 2526; x_wconf 91' lang='lat' dir='ltr'>novus</span> <span class='ocrx_word' id='word_1_292' title='bbox 681 2490 726 2526; x_wconf 90' lang='lat' dir='ltr'>erat</span> <span class='ocrx_word' id='word_1_293' title='bbox 740 2477 806 2526; x_wconf 90' lang='lat' dir='ltr'>bomo</span> <span class='ocrx_word' id='word_1_294' title='bbox 818 2475 873 2526; x_wconf 71' lang='lat' dir='ltr'>falso</span> 
     </span>
     <span class='ocr_line' id='line_1_33' title="bbox 85 2543 930 2608; baseline 0.002 -11"><span class='ocrx_word' id='word_1_295' title='bbox 85 2551 193 2600; x_wconf 84' lang='lat' dir='ltr'>criminari</span> <span class='ocrx_word' id='word_1_296' title='bbox 214 2570 347 2608; x_wconf 91' lang='lat' dir='ltr'>quemquam</span> <span class='ocrx_word' id='word_1_297' title='bbox 362 2543 406 2608; x_wconf 23' lang='lat' dir='ltr'>&#39;per</span> <span class='ocrx_word' id='word_1_298' title='bbox 427 2549 502 2598; x_wconf 93' lang='lat' dir='ltr'>odium</span> <span class='ocrx_word' id='word_1_299' title='bbox 523 2563 544 2598; x_wconf 91' lang='lat' dir='ltr'>et</span> <span class='ocrx_word' id='word_1_300' title='bbox 565 2549 733 2599; x_wconf 91' lang='lat' dir='ltr'>malivolentiam</span> <span class='ocrx_word' id='word_1_301' title='bbox 755 2551 871 2600; x_wconf 90' lang='lat' dir='ltr'>videretur.</span> <span class='ocrx_word' id='word_1_302' title='bbox 929 2590 930 2593; x_wconf 19' lang='grc' dir='ltr'>η</span> 
     </span>
     <span class='ocr_line' id='line_1_34' title="bbox 87 2621 872 2686; baseline 0.001 -15"><span class='ocrx_word' id='word_1_303' title='bbox 87 2623 236 2682; x_wconf 85' lang='lat' dir='ltr'>lnterimvero</span> <span class='ocrx_word' id='word_1_304' title='bbox 246 2622 359 2671; x_wconf 90' lang='lat' dir='ltr'>conatibus</span> <span class='ocrx_word' id='word_1_305' title='bbox 369 2621 481 2677; x_wconf 90' lang='lat' dir='ltr'>Catilinae,</span> <span class='ocrx_word' id='word_1_306' title='bbox 491 2623 523 2686; x_wconf 85' lang='lat' dir='ltr'>uti</span> <span class='ocrx_word' id='word_1_307' title='bbox 533 2635 578 2671; x_wconf 91' lang='lat' dir='ltr'>erat</span> <span class='ocrx_word' id='word_1_308' title='bbox 588 2622 678 2677; x_wconf 79' lang='lat' dir='ltr'>occasio,</span> <span class='ocrx_word' id='word_1_309' title='bbox 688 2623 773 2681; x_wconf 89' lang='lat' dir='ltr'>privato</span> <span class='ocrx_word' id='word_1_310' title='bbox 782 2622 872 2672; x_wconf 87' lang='lat' dir='ltr'>consilio</span> 
     </span>
     <span class='ocr_line' id='line_1_35' title="bbox 85 2694 873 2756; baseline -0.001 -12"><span class='ocrx_word' id='word_1_311' title='bbox 85 2696 203 2744; x_wconf 87' lang='lat' dir='ltr'>resistebat.</span> <span class='ocrx_word' id='word_1_312' title='bbox 218 2694 256 2743; x_wconf 93' lang='lat' dir='ltr'>llle</span> <span class='ocrx_word' id='word_1_313' title='bbox 267 2708 340 2743; x_wconf 91' lang='lat' dir='ltr'>autem</span> <span class='ocrx_word' id='word_1_314' title='bbox 351 2695 388 2743; x_wconf 92' lang='lat' dir='ltr'>ubi</span> <span class='ocrx_word' id='word_1_315' title='bbox 405 2707 495 2743; x_wconf 89' lang='lat' dir='ltr'>conatus</span> <span class='ocrx_word' id='word_1_316' title='bbox 511 2715 561 2743; x_wconf 89' lang='lat' dir='ltr'>suos</span> <span class='ocrx_word' id='word_1_317' title='bbox 578 2695 679 2756; x_wconf 89' lang='lat' dir='ltr'>impediri</span> <span class='ocrx_word' id='word_1_318' title='bbox 694 2716 718 2743; x_wconf 92' lang='lat' dir='ltr'>ac</span> <span class='ocrx_word' id='word_1_319' title='bbox 735 2696 762 2743; x_wconf 88' lang='lat' dir='ltr'>cle</span> <span class='ocrx_word' id='word_1_320' title='bbox 778 2716 801 2744; x_wconf 89' lang='lat' dir='ltr'>se</span> <span class='ocrx_word' id='word_1_321' title='bbox 817 2696 873 2745; x_wconf 89' lang='lat' dir='ltr'>male</span> 
     </span>
    </p>

    <p class='ocr_par' dir='ltr' id='par_1_12' title="bbox 46 2767 871 2827">
     <span class='ocr_line' id='line_1_36' title="bbox 46 2767 871 2827; baseline 0.004 -13"><span class='ocrx_word' id='word_1_322' title='bbox 46 2767 71 2814; x_wconf 67' lang='lat'>35</span> <span class='ocrx_word' id='word_1_323' title='bbox 87 2770 191 2827; x_wconf 88' lang='lat' dir='ltr'>suspicari</span> <span class='ocrx_word' id='word_1_324' title='bbox 208 2769 281 2825; x_wconf 89' lang='lat' dir='ltr'>sensit,</span> <span class='ocrx_word' id='word_1_325' title='bbox 299 2781 387 2826; x_wconf 89' lang='lat' dir='ltr'>repente</span> <span class='ocrx_word' id='word_1_326' title='bbox 398 2767 559 2816; x_wconf 83' lang='lat' dir='ltr'>adulationibus</span> <span class='ocrx_word' id='word_1_327' title='bbox 569 2768 646 2826; x_wconf 91' lang='lat' dir='ltr'>plenus</span> <span class='ocrx_word' id='word_1_328' title='bbox 657 2769 769 2817; x_wconf 91' lang='lat' dir='ltr'>consulem</span> <span class='ocrx_word' id='word_1_329' title='bbox 780 2770 833 2817; x_wconf 85' lang='lat' dir='ltr'>adiit</span> <span class='ocrx_word' id='word_1_330' title='bbox 843 2782 871 2823; x_wconf 91' lang='lat' dir='ltr'>et,</span> 
     </span>
    </p>
   </div>
   <div class='ocr_carea' id='block_1_3' title="bbox 48 2881 189 2892">
    <p class='ocr_par' dir='ltr' id='par_1_13' title="bbox 48 2881 189 2892">
     <span class='ocr_line' id='line_1_37' title="bbox 48 2881 189 2892; baseline 0 -1"><span class='ocrx_word' id='word_1_331' title='bbox 48 2881 189 2892; x_wconf 45' lang='grc' dir='ltr'>Ἢ</span> 
     </span>
    </p>
   </div>
   <div class='ocr_carea' id='block_1_4' title="bbox 85 2933 747 3010">
    <p class='ocr_par' dir='ltr' id='par_1_14' title="bbox 85 2933 747 3010">
     <span class='ocr_line' id='line_1_38' title="bbox 85 2933 747 3010; baseline -0.002 -16"><span class='ocrx_word' id='word_1_332' title='bbox 85 2933 212 3005; x_wconf 12' lang='lat' dir='ltr'>&amp;smum</span> <span class='ocrx_word' id='word_1_333' title='bbox 229 2954 241 2994; x_wconf 83' lang='lat' dir='ltr'>i.</span> <span class='ocrx_word' id='word_1_334' title='bbox 257 2967 277 3000; x_wconf 84' lang='lat' dir='ltr'>r.;</span> <span class='ocrx_word' id='word_1_335' title='bbox 293 2957 335 2993; x_wconf 81' lang='lat' dir='ltr'>erat</span> <span class='ocrx_word' id='word_1_336' title='bbox 349 2967 374 3010; x_wconf 85' lang='lat' dir='ltr'>ea</span> <span class='ocrx_word' id='word_1_337' title='bbox 386 2947 417 2992; x_wconf 79' lang='lat' dir='ltr'>vel</span> <span class='ocrx_word' id='word_1_338' title='bbox 430 2967 480 2999; x_wconf 86' lang='lat' dir='ltr'>eam;</span> <span class='ocrx_word' id='word_1_339' title='bbox 495 2967 564 2993; x_wconf 91' lang='lat' dir='ltr'>omnes</span> <span class='ocrx_word' id='word_1_340' title='bbox 577 2948 697 2995; x_wconf 53' lang='lat' dir='ltr'>OV1omnia</span> <span class='ocrx_word' id='word_1_341' title='bbox 713 2950 747 2996; x_wconf 90' lang='lat' dir='ltr'>W.</span> 
     </span>
    </p>
   </div>
   <div class='ocr_carea' id='block_1_5' title="bbox 0 0 1052 3253">
    <p class='ocr_par' dir='ltr' id='par_1_15' title="bbox 0 0 1052 3253">
     <span class='ocr_line' id='line_1_39' title="bbox 0 0 1052 3253; baseline 0 0"><span class='ocrx_word' id='word_1_342' title='bbox 0 0 1052 3253; x_wconf 95' lang='lat' dir='ltr'> </span> 
     </span>
    </p>
   </div>
  </div>
 </body>
</html>
