2093 3253
222 147 352 178 scnrrroaunr
367 147 492 179 rriusrnrurr
506 160 520 164 —
534 148 592 178 titan
606 147 650 179 vm.
813 132 853 178 227

67 267 122 318 beat,
139 283 192 321 quas
208 261 288 311 insulas
302 262 393 321 'pelagus
409 263 572 313 circumvolvat
588 262 749 312 Mediterranea
764 284 853 322 quoque

66 359 90 386 ac
105 336 219 393 regionum
238 348 339 383 naturam
357 348 378 382 et
392 337 446 382 ritus
456 335 581 384 'incolarum
600 335 673 384 refert.
687 335 789 384 Tandem
802 354 854 384 vero

67 429 121 470 quos
136 408 203 457 libros
216 409 291 457 scribit
304 408 356 466 (tres
369 409 460 468 quidem
472 408 533 468 sunt)
545 410 568 458 in
580 409 631 458 litus
648 407 799 458 Athlanticum
810 422 854 457 ter¹

67 481 203 536 minat.>'lsta
217 481 240 529 in
259 500 282 530 re
300 495 387 530 tanturn
405 483 473 531 valuit
495 484 622 531 auctoritate
641 482 775 540 Pomponius
794 482 854 541 quod

42 559 53 608 5
69 555 158 614 Plinius,
174 553 210 602 ille
225 552 356 602 Veronensis
367 555 420 603 civis
431 567 496 613 atque
507 554 705 617 philosophuslqui
717 573 790 604 rerum
798 554 855 603 mul-

67 643 138 676 tarum
153 627 256 674 noticiam
272 627 354 681 habuit,
371 647 394 674 se
410 628 451 675 hoc
466 648 492 675 ex
506 641 594 676 auctore
609 629 728 687 sumpsisse
743 627 856 686 complura

68 703 90 748 in
105 720 130 747 eo
146 698 201 747 libro
216 700 255 758 qui
274 713 306 748 est
325 700 352 748 de
371 700 471 749 Naturali
490 700 586 750 Historia
604 700 705 750 fateatur;
730 700 779 749 Hoc
797 700 856 749 enim

69 773 121 830 grati
137 785 158 819 et
171 772 226 819 bene
238 773 351 820 constituti
363 773 430 821 animi
443 773 519 821 habuit
531 773 621 827 Plinius,
635 771 744 832 quodeos
752 773 856 820 'nominet

69 866 95 892 ex
109 845 190 903 quibus
205 864 271 892 suurn
279 845 308 892 ad
316 845 455 903 propositum
464 864 510 893 rem
524 844 591 894 ullam
601 845 701 903 sumpsit.

34 919 56 969 10
112 917 188 965 Postea
203 915 269 975 igitur
283 937 349 975 quam
363 917 385 965 in
399 916 463 965 Plinii
478 938 558 966 nornen
571 917 696 984 incidimus,
711 919 750 965 etsi
765 918 856 973 locusei

70 991 155 1048 dignior
170 990 292 1044 deberetur,
302 1002 436 1047 tamencum
450 991 478 1038 sit
487 990 529 1038 hoc
538 990 560 1038 in
570 1008 648 1048 genere
658 990 745 1049 copiose
759 1010 784 1038 ac
793 990 858 1038 docte

71 1076 174 1117 versatus,
190 1083 234 1111 non
253 1063 379 1122 progrediar
396 1063 425 1111 ad
443 1062 611 1122 cosmographus
630 1062 687 1111 ultra
705 1062 744 1111 sed
762 1062 858 1111 Plinium

72 1135 188 1194 amplectar
204 1136 300 1194 primum
315 1155 340 1183 ac
353 1135 380 1184 de
392 1136 440 1193 ipso
452 1136 559 1194 quicquid
570 1155 664 1193 usquam
676 1135 774 1195 dicturus
787 1126 858 1183 essem

72 1208 211 1266 impresentia
226 1208 359 1256 memorabo.
377 1207 434 1257 Illud
441 1221 515 1257 autem
522 1208 637 1266 imprimis,
645 1227 673 1255 ne
681 1207 730 1266 quis
739 1198 857 1255 nominum

36 1282 58 1330 15
73 1280 250 1338 aequivocatione
258 1278 352 1336 fallatur,
361 1281 504 1340 aperiendum
512 1280 619 1329 existimo:
628 1279 709 1329 Plinios
717 1279 785 1335 luisse
793 1280 858 1335 duos,

73 1352 204 1401 avunculum
220 1366 241 1401 et
249 1366 358 1412 nepotem,
368 1355 405 1413 qui
415 1354 492 1402 eodem
503 1366 554 1402 sunt
564 1366 585 1401 et
596 1353 685 1401 nomine
696 1366 716 1401 et
727 1353 857 1410 cognomine

57 1424 181 1483 appellati.
197 1425 285 1484 Quippe
301 1439 394 1484 uterque
410 1427 443 1474 vir
460 1426 544 1479 doctus,
562 1417 698 1484 uterque‘C.
715 1424 798 1473 Plinius
815 1424 857 1473 Se·

73 1497 157 1547 cundus
169 1496 289 1556 appellatus
302 1510 341 1546 est.
355 1497 434 1547 Neutri
446 1497 537 1557 quidem
549 1518 574 1546 ea
585 1519 627 1547 vox
640 1497 748 1546 secundus
766 1497 858 1553 ordinis,

72 1584 96 1619 ut
110 1584 188 1629 putant
204 1571 274 1625 multi,
291 1572 329 1620 sed
344 1571 438 1620 familiae
454 1584 624 1629 cognomentum
639 1569 688 1620 luit.
704 1571 857 1620 Secundorum

34 1644 60 1691 20
74 1644 163 1701 quidem
178 1643 259 1692 lamilia
273 1658 326 1692 erat.
546 1697 548 1700 y
678 1694 680 1696 ,
710 1699 711 1702 ¹

114 1716 158 1764 Sed
178 1717 206 1765 de
227 1717 335 1765 avunculo
353 1719 450 1776 primum
468 1717 528 1776 quod
546 1718 618 1765 senior
640 1730 696 1765 esset
718 1737 744 1765 ac
767 1716 857 1770 doctior,

72 1800 146 1844 postea
156 1789 184 1836 de
197 1802 276 1847 nepote
287 1789 391 1837 dicemus.
403 1788 509 1845 Sic-enim
519 1801 540 1837 et
554 1789 758 1838 reverentiaaetatis
772 1800 796 1837 et
803 1801 859 1837 tem·

72 1861 128 1917 poris
141 1861 194 1909 ordo
205 1861 272 1910 iubet.
289 1861 428 1911 Avunculum
441 1862 507 1920 igitur
524 1862 592 1921 patria
610 1881 656 1910 esse
668 1860 858 1923 Novocomensem

73 1945 93 1980 et
107 1931 249 1992 Tranquillus
259 1934 355 1982 scribens
365 1934 392 1982 de
401 1933 458 1983 Viris
470 1933 592 1983 lllustribus
602 1947 623 1982 et
633 1934 671 1993 qui
681 1934 708 1982 de
722 1933 859 1993 temporibus

35 2002 59 2051 25
75 2005 159 2065 scripsit
174 2005 281 2065 Eusebius
294 2005 366 2055 relert.
380 2006 409 2055 Se
420 2020 495 2056 autern
506 2008 560 2066 ipse,
573 2027 625 2055 curn
636 2005 765 2055 Naturalem
772 2007 795 2055 in
804 2006 858 2055 His-

73 2077 150 2126 toriam
164 2077 304 2137 praelaretur,
317 2100 364 2127 esse
375 2079 525 2128 Veronensem
537 2078 598 2128 dixit.
619 2078 793 2128 Conterraneum
802 2080 861 2138 ‚qui-

53 2213 55 2215 -
73 2148 123 2197 dem
137 2171 203 2200 suum
217 2151 330 2201 Catullum
343 2153 444 2212 appellat.
461 2152 487 2202 ld
500 2173 589 2211 quoque
602 2152 694 2201 affirmat
713 2152 860 2211 vulgatissima

73 2220 130 2271 lama
144 2237 166 2272 et
183 2245 238 2284 quae
253 2225 422 2285 haudquaquam
438 2225 561 2285 spernenda
570 2237 609 2277 ,est
624 2224 692 2286 testis,
708 2224 814 2274 librorum
826 2226 861 2274 in·

73 2296 168 2354 scriptio.
183 2296 292 2345 Veronam
304 2310 377 2346 autem
389 2299 499 2347 civitatem
511 2317 558 2346 esse
569 2298 593 2345 in
604 2309 661 2345 terra
676 2296 736 2345 ltalia
747 2296 858 2345 Alemanis
923 2348 925 2350 ,

36 2361 61 2412 30
75 2367 168 2417 vicinam
182 2369 318 2429 eandemque
329 2369 358 2418 ad
367 2370 434 2429 pedes
444 2369 535 2429 Alpium
545 2369 656 2418 conditam
666 2389 678 2417 a
689 2368 758 2418 Gallis
768 2381 862 2419 constat.

76 2439 192 2490 intersecat
207 2442 276 2501 ipsam
291 2442 379 2491 Athesis
395 2442 484 2503 flumen.
503 2442 626 2502 imperabat
637 2441 746 2501 Tyberius
761 2462 813 2501 cum
825 2442 861 2490 hic

74 2511 155 2561 Plinius
171 2526 302 2563 nasceretur.
317 2515 445 2564 Parentibus
459 2515 550 2576 quidem
563 2528 627 2565 natus
642 2527 663 2565 et
681 2513 825 2575 locupletibus
839 2527 861 2565 et

74 2583 168 2637 honestis
183 2601 223 2638 est.
236 2588 329 2638 Romam
340 2608 392 2639 vero
404 2610 427 2638 se
439 2588 531 2639 contulit
543 2590 604 2649 quod
613 2602 658 2645 ⁴aut
670 2588 705 2638 illa
722 2590 745 2638 in
757 2589 811 2638 urbe
822 2602 860 2638 aut

40 2679 175 2693 Ἢ...

81 2731 96 2770 5.
109 2733 187 2773 PlinN.
199 2736 222 2775 H.
235 2735 242 2773 l
255 2734 298 2783 (lli).
347 2735 376 2776 24.
391 2735 437 2774 Suet.
454 2736 490 2776 Vir.
505 2736 533 2775 Ill.
552 2736 574 2774 80
594 2735 663 2783 (Rara).
678 2751 697 2774 ex
715 2735 763 2773 codd.
776 2734 851 2773 Plinianis

38 2786 62 2826 25.
70 2790 137 2833 Hieron.
150 2797 209 2836 Chron.
222 2797 249 2836 01.
262 2797 321 2837 22221.
370 2797 398 2835 25.
410 2797 452 2835 Plin.
463 2798 488 2837 N.
500 2799 524 2838 H·
536 2797 589 2836 Praei.
606 2797 620 2834 1.
767 2789 769 2792 ’

42 2866 173 2884 ς,---ι---

88 2914 118 2961 ll.
134 2917 213 2971 copiose
226 2924 239 2962 i.
255 2936 277 2968 r.;
292 2926 334 2962 erar
348 2916 406 2963 docte
420 2922 456 2963 ac?
513 2919 545 2964 30.
558 2917 619 2972 pedes
634 2924 647 2962 ἰ.
662 2938 678 2962 r.
