2093 3253
455 243 548 274 SICCONIS
562 244 678 275 POLENTONI

195 358 269 405 'essent
282 375 306 404 ac
320 355 390 405 neutri
403 354 499 405 faventes
513 374 559 406 rem
572 376 633 406 suam
646 358 720 416 quiete
733 357 827 415 obirent)
841 358 882 407 nisi
895 378 945 409 seve
958 380 982 410 ac
1045 397 1047 399 μ

198 430 315 480 crudeliter¹
327 429 478 489 loquebantur.
491 429 608 480 Enimvero
620 430 720 491 quisquis
734 432 829 491 erat‘qui
842 444 879 481 aut
893 433 915 481 in
928 434 981 484 urbe

198 516 235 551 aut
249 504 272 551 in
289 502 348 550 ltalia
362 503 505 557 remansisset,
520 504 545 558 is,
560 505 658 561 quamvis
672 504 813 561 belliexpers
824 517 887 559 esset,
898 506 921 553 in
932 506 981 555 hos·

199 576 254 624 tium
281 593 372 623 numero
402 574 527 624 habebatur.
549 575 577 624 Se
598 577 670 636 itaque
700 576 777 625 Cicero
796 577 825 625 ad
845 597 927 636 pacem,
950 582 980 630 uti

173 648 281 697 5lecerat
295 668 365 706 saepe,
388 648 521 697 tractandam
543 650 614 698 vertit.
639 644 726 698 Deinde
743 650 803 708 quod
819 651 907 699 auribus
925 652 982 702 haud

199 721 262 769 solito
273 720 397 769 melioribus
405 720 523 775 audiretur,
534 740 621 770 exorare
630 722 701 780 coepit
709 735 733 771 ut
743 722 819 771 saltem
827 723 909 772 bellum
917 744 982 782 quam
1046 731 1047 734 ’

199 805 287 851 possent
302 793 383 841 diutius
393 794 514 842 traherent.
527 793 560 841 llli
570 807 644 842 autem
654 795 682 842 ad
692 794 774 842 bellum
784 795 862 843 animis
873 796 980 852 obstinati,
1044 805 1047 845 ζ

200 866 260 924 quod
275 865 301 915 de
316 886 368 924 pace
381 866 461 914 totiens
475 865 606 925 loqueretur,
621 868 693 926 ipsum
707 868 738 916 uti
748 867 864 924 ‘hominem
877 881 980 928 togatum,
1045 903 1046 906 =

194 959 280 994 senem,
302 938 469 989 lormidolosum
491 940 637 1000 increpabant,
660 942 785 1000 arguebant,
808 944 980 995 contemnebant.
1044 977 1047 989 ³

161 1013 187 1059 10
202 1012 244 1059 Res
260 1012 353 1069 denique
372 1012 483 1060 Ciceronis
502 1033 528 1061 eo
547 1033 613 1071 quam
632 1014 757 1061 brevissime
775 1015 835 1072 apud
853 1016 905 1062 istos
924 1018 981 1065 venit
1043 1067 1045 1069 ,

200 1084 260 1142 quod
275 1096 296 1133 et
310 1083 382 1142 ipsum
396 1085 501 1143 peniteret
515 1106 538 1134 se
551 1086 573 1135 in
589 1085 649 1135 ltalia
663 1107 707 1135 non
721 1085 806 1144 longius
820 1088 947 1145 remansisse
961 1103 981 1138 et
1043 1090 1047 1133 s'

201 1155 248 1205 illos
262 1157 344 1206 tederet
361 1158 437 1220 ipsumv
449 1159 494 1207 tam
510 1159 606 1207 celeriter
622 1160 741 1208 advenisse.
757 1160 824 1217 Apud
840 1180 877 1208 eos
893 1162 981 1219 quidem
1045 1158 1047 1194 Ϊ

201 1231 279 1278 mansit
294 1230 403 1288 deinceps,
422 1231 460 1278 sed
479 1231 508 1278 ita
527 1231 605 1279 mansit
623 1231 683 1289 quod
702 1230 766 1279 nullis
785 1251 862 1280 eorum
880 1232 980 1289 consiliis,
1044 1256 1047 1288 1

201 1302 265 1350 nullis
280 1321 355 1350 eorum
370 1302 464 1360 negociis
475 1302 525 1351 belli
537 1303 624 1361 gerendi
635 1323 658 1351 se
669 1303 764 1352 multum
774 1305 899 1354 immiscuit.

163 1375 188 1425 15
245 1375 295 1433 Quo
309 1388 382 1424 autem
397 1376 431 1424 die
446 1389 566 1435 pugnatum
576 1388 607 1425 est
617 1377 639 1425 in
649 1376 762 1432 Pharsalia,
772 1377 829 1426 filius
839 1379 884 1426 eius
895 1379 981 1428 Marcus
1043 1402 1047 1428 ε

200 1468 213 1496 a
227 1449 331 1507 Pompeio
345 1448 390 1497 alae
405 1449 465 1498 alteri
481 1449 601 1508 praefectus
617 1469 717 1508 magnam
732 1450 819 1499 laudem
834 1464 866 1499 est
881 1453 940 1500 omni
955 1453 981 1501 ab
1045 1470 1047 1473 ·

201 1522 295 1570 exercitu
303 1534 439 1570 consecutus.
450 1522 498 1579 lpse
506 1541 557 1571 vero
565 1522 642 1570 Cicero
651 1541 692 1580 per.
697 1521 820 1571 valitudinis
829 1524 923 1581 speciem
931 1545 981 1582 con-
1043 1541 1047 1569 .]

201 1593 258 1643 sulto
273 1615 295 1642 se
306 1594 412 1642 continuit
422 1594 584 1654 castrishtque
592 1607 616 1643 ut
626 1594 754 1653 Pompeium
763 1608 784 1643 et
791 1596 847 1658 acies
855 1594 913 1644 lusas
921 1595 981 1655 luga·
1045 1598 1047 1634 ἕ

201 1679 277 1726 tasque
284 1666 373 1721 audivit,
382 1688 405 1716 se
413 1667 530 1726 Corcyram
540 1668 568 1716 ad
576 1689 640 1717 naves
648 1667 739 1717 festinus
747 1680 771 1716 ut
779 1668 858 1717 rediret
868 1669 891 1717 in
901 1669 983 1718 ltaliam
1046 1681 1047 1729 j

160 1740 189 1788 20
203 1739 301 1794 contulit,
316 1739 376 1798 quod
388 1741 491 1788 tutiorem
501 1753 589 1799 putaret
602 1760 625 1788 se
638 1760 746 1799 nusquam
759 1739 805 1788 lore
819 1741 885 1799 idque
899 1741 982 1789 Caesari
1045 1789 1047 1791 ,

202 1813 266 1859 etiam
288 1811 372 1870 placere
394 1833 420 1860 ex
435 1813 653 1861 litterisDolobellae
673 1826 818 1871 cognosceret.
842 1814 982 1872 Pompeianae

202 1883 263 1930 classi
278 1895 326 1930 tum
339 1883 436 1941 praeerat
449 1885 482 1932 M.
497 1884 559 1939 Cato,
573 1885 605 1933 vir
618 1885 700 1943 quippe
713 1885 782 1942 gravis
798 1885 982 1944 philosophusque
1046 1935 1047 1947 2

202 1976 226 2004 ac
251 1976 340 2014 magnae
364 1958 496 2007 auctoritatis
512 1957 623 2006 Romanus
639 1957 699 2007 civis.
726 1957 747 2006 ls
761 1976 802 2016 pro
818 1958 923 2007 modestia
938 1978 981 2012 sua,
1046 1967 1047 1970 ’

203 2030 263 2088 quod
279 2030 312 2078 vir
326 2044 381 2079 esset
396 2031 462 2079 modo
482 2032 601 2089 praetorius
621 2045 642 2080 et
660 2030 796 2080 consularem
811 2032 921 2089 praetorio
935 2032 982 2080 ubi·
1044 2087 1046 2089 ¹

161 2102 190 2151 25
205 2123 248 2161 que
263 2103 369 2152 maiorum
384 2123 443 2152 more
459 2104 636 2162 anteponendum
652 2124 699 2152 esse
715 2118 859 2172 cognosceret,
877 2104 981 2158 Ciceroni,

134 2214 136 2217 ψ
203 2176 263 2235 quod
278 2188 333 2225 esset
348 2176 379 2226 vir
399 2176 516 2226 consularis
536 2176 723 2236 appellareturque
743 2173 859 2236 imperator
878 2197 903 2226 ac
923 2177 982 2226 datos
1015 2184 1018 2188 ’

204 2249 245 2297 sibi
259 2269 272 2297 a
286 2247 368 2307 populo
384 2250 482 2299 Romano
497 2250 582 2299 lictores
598 2264 619 2299 et
634 2250 702 2299 fasces
719 2251 813 2305 haberet,
830 2251 881 2299 dare
896 2271 936 2299 suo
951 2269 982 2298 re·

204 2322 283 2378 gendas
298 2321 389 2379 imperio
407 2326 461 2380 quas
480 2320 572 2370 habebat
591 2322 651 2370 Cato·
664 2322 754 2371 classem
771 2343 797 2371 ac
815 2323 888 2382 copias
906 2322 983 2371 obtulit

204 2394 341 2453 eundemque
348 2414 411 2453 prece
419 2395 486 2445 multa
493 2396 587 2446 exoravit
594 2409 619 2445 ut
626 2415 672 2445 rem
682 2396 793 2455 publicam
800 2396 983 2456 quemadmodum

162 2467 191 2516 30
206 2468 310 2526 superiori
325 2480 423 2527 tempore
445 2470 532 2518 inermis
555 2489 567 2518 e
589 2468 693 2518 Catilinae
716 2469 815 2518 manibus
838 2469 933 2524 eruisset,
957 2468 983 2515 ita

137 2574 138 2578 =
204 2561 262 2589 nunc
281 2554 375 2589 armatus
393 2555 468 2590 contra
486 2542 531 2590 vim
548 2542 645 2591 Caesaris
664 2542 819 2590 restituendam
834 2541 891 2590 bello
907 2542 983 2590 reinte-

204 2626 264 2672 grato
276 2614 322 2663 eius
334 2614 431 2670 consilio,
438 2611 516 2675 ductu,
528 2616 607 2664 virtute
617 2616 742 2687 susciperet.
753 2614 858 2663 Oblatum
867 2615 983 2670 id‘sumere

204 2687 320 2747 imperium
335 2690 439 2739 recusavit
450 2689 534 2745 Cicero,
545 2690 605 2749 quod
615 2683 655 2738 viri
666 2689 779 2749 prudentis
789 2709 833 2736 non
844 2708 890 2737 esse
901 2695 983 2747 putaret

204 2760 254 2807 belli
270 2761 315 2808 eius
330 2762 417 2818 gerendi
434 2763 534 2820 reliquias
551 2774 572 2809 et
588 2762 708 2819 fragmenta
724 2761 823 2818 colligere
839 2762 901 2808 cuius
918 2757 983 2806 susci·
1036 2772 1037 2775 ’

162 2831 191 2879 35
206 2831 279 2889 piendi
295 2851 334 2879 nec
349 2845 423 2881 auctor
438 2853 478 2880 nec
493 2832 599 2890 particeps
614 2834 725 2880 extitisset.
741 2832 796 2889 Spes
811 2851 899 2890 quoque
914 2831 984 2878 deerat

163 2950 306 2957 —.——-—-

217 3016 249 3061 26.
264 3012 468 3069 (appellahelturque)
482 3019 496 3058 i.
511 3032 527 3058 r.
581 3011 614 3058 27.
628 3024 647 3057 et
662 3018 675 3057 i.
690 3032 713 3064 r.;
727 3022 768 3058 erat
782 3032 811 3057 ac.
851 3033 852 3036 ¹
