2093 3253
271 153 405 184 semermium
420 152 547 184 lLLUSTRIUM
559 164 574 170 -
588 153 646 183 trata
662 153 675 183 11
855 138 888 191 45

102 269 168 317 linem
178 266 327 325 nominabant.
338 265 383 317 Sed
393 287 527 327 quamquam
538 265 590 315 haee
600 280 665 326 atque
675 266 716 315 alia
726 268 838 326 complura
848 288 888 316 nou

99 342 160 406 mina
175 353 341 399 commutarent,
354 340 526 401 'haudquaquam
541 340 592 390 deos
608 360 654 390 esse
669 339 748 405 plures,
764 342 796 390 uti
811 353 889 401 putant

60 464 64 469 ,
85 413 172 478 multi,
188 414 227 461 sed
242 433 312 461 unum
328 433 374 461 esse
390 426 584 472 prepotentemque
599 433 625 461 ac
640 432 752 461 summum
768 413 834 460 deum
850 414 888 471 qui

58 537 63 541 v,
101 499 161 535 erant
171 485 289 544 prudentes
299 497 321 534 et
331 485 389 534 docti
400 485 589 544 etcognoscebant
599 498 621 535 et
631 484 771 541 fatebantur.v

74 562 87 610 5
146 559 199 617 Age,
208 579 236 607 ne
245 580 258 607 a
271 560 383 617 proposito
392 558 535 616 discedamus,
549 558 603 617 quid
614 558 679 608 habet
694 559 724 608 rei
735 558 830 607 venefica
839 558 888 607 Cir-

61 682 65 686 ,
102 653 144 686 ces,
155 652 222 689 quam
230 632 329 679 homines
335 632 365 683 in,
372 631 443 689 lupos,
452 651 521 686 ursos,
532 652 602 686 canes,
614 653 663 680 sues
674 645 769 680 mutasse
779 631 859 687 lerunt,
865 633 888 680 ni

98 701 174 764 :mente
186 704 305 753 insensatos
318 725 344 753 ac
357 703 456 753 bestiales
468 703 536 753 iactos
550 704 588 764 qui
601 703 719 753 meretricis
732 703 789 753 illius
803 703 888 753 blandi-

102 777 179 825 mentis
191 777 248 836 capti
260 776 374 838 libidinem
385 790 406 826 et
417 777 469 826 vitia
480 777 632 826 sectabantur?
644 777 704 834 Quid
716 777 781 825 habet
792 778 823 826 rei
835 776 887 826 Pro-

101 851 207 905 metheus,
225 850 279 909 quid
296 850 424 906 Deucalion,
442 850 497 909 quid
513 850 623 909 Orpheus,
641 851 695 910 quid
711 850 830 908 Amphion,
849 851 887 909 qui

59 924 88 989 ll]
102 923 175 979 tigres,
184 922 264 977 leones,
274 941 345 980 apros,
355 936 447 977 montes,
458 922 528 976 silvas,
539 943 588 970 saxa
597 935 710 981 poetarum
720 922 807 970 fictione
815 924 838 970 in
848 922 888 970 ho-

58 1053 61 1060 l
101 996 170 1058 mines
183 1007 342 1054 converterunt,
356 995 378 1045 ni
392 995 486 1055 quadam
499 995 577 1044 horum
590 994 714 1054 prudentia,
728 994 825 1051 consilio,
838 1014 887 1055 per-

60 1120 63 1123 *
101 1058 200 1116 suasione
213 1068 296 1116 tactum
309 1081 334 1116 ut
348 1088 403 1128 quae
417 1067 532 1127 hominum
546 1067 666 1131 multitudo,
674 1068 771 1129 dispersa
781 1080 803 1115 et
813 1067 888 1116 silves·

101 1141 139 1186 tris
151 1153 206 1187 esset
217 1141 345 1202 bestialique
356 1142 399 1188 ritu
410 1159 453 1197 per
460 1140 523 1188 silvas
535 1153 556 1188 et
567 1153 651 1187 montes
662 1135 709 1187 sine
725 1140 835 1187 domicilio
850 1160 888 1187 va-

102 1224 187 1269 garetur
199 1225 220 1260 et
231 1213 319 1266 viveret,
331 1224 496 1270 eacongregata
507 1212 534 1259 sit
545 1211 634 1259 tandem
645 1231 715 1273 unum
727 1211 750 1259 in
761 1210 835 1258 locum
847 1210 887 1258 hu-

61 1285 88 1346 l5
104 1304 237 1342 manumque
246 1276 371 1332 ad'enltum·
378 1304 403 1332 ac
413 1282 498 1347 civilem
508 1282 612 1351 advitam
622 1277 702 1332 ducta?
713 1283 847 1340 Quid-habet
858 1283 888 1331 rei

102 1370 204 1422 noctuam
217 1356 282 1415 pulsa·
293 1357 380 1406 cornice
393 1356 561 1420 Palladisavem
574 1352 660 1412 laetam,
672 1357 698 1404 >ni
712 1357 828 1421 sapientiae
842 1368 888 1404 stu-

102 1430 175 1493 diosos
187 1430 356 1497 haudquaquam
368 1428 453 1492 gerulos
464 1442 486 1478 et
497 1429 598 1489 loquaces
609 1430 642 1478 uti
654 1430 750 1478 cornices
762 1430 801 1478 sed
812 1430 888 1478 tacitos

65 1552 68 1557 ,
102 1516 123 1560 et
137 1502 223 1552 silentes
238 1523 324 1552 esseae
338 1503 410 1552 rimari
426 1524 481 1562 quae
496 1501 587 1551 obscura
602 1503 645 1551 sint
660 1515 681 1550 et
695 1502 780 1550 occulta
794 1501 888 1550 deberet

103 1575 162 1634 Quid
174 1575 238 1625 habet
250 1577 279 1625 rei
291 1576 407 1633 Palladem,
419 1596 486 1635 quam
497 1577 615 1634 sapientiae
627 1576 689 1624 deam
701 1595 748 1624 esse
759 1588 836 1636 poetae
846 1576 889 1623 fin-

61 1648 90 1709 20
105 1661 159 1705 gunt
178 1650 266 1696 cerebro
287 1651 343 1697 lovis
359 1652 438 1704 natam,
455 1651 477 1696 ni
494 1650 621 1706 sapientiam
637 1669 725 1696 omnem
741 1651 789 1706 ipso
805 1649 888 1712 exdeo

64 1780 66 1786 Α
102 1724 163 1769 esse?
179 1721 242 1770 Mille
253 1721 293 1770 alia
304 1733 362 1777 sunt,
374 1732 465 1770 centena
477 1721 535 1769 milia
546 1722 598 1780 ipsis
611 1741 623 1769 a
635 1721 704 1780 poetis
716 1733 737 1770 et
749 1740 888 1779 magnacum

102 1794 204 1851 gravitate
219 1793 269 1843 fieta
284 1807 306 1842 et
321 1815 407 1843 summo
423 1814 474 1842 cum
489 1794 586 1849 artificio,
603 1794 751 1848 delectatione,
768 1806 845 1843 ornatu
860 1795 898 1850 ad¹

92 1859 94 1865 ¹
102 1867 158 1914 vitae
166 1866 273 1914 humanae
280 1867 445 1915 instructionem
453 1868 517 1933 dicta.
526 1867 570 1915 Sed
578 1887 622 1914 non
631 1867 693 1924 plura
700 1867 742 1914 hoc
749 1868 804 1915 loco.
813 1867 889 1923 Enim·v
897 1857 899 1862 ¹

102 1957 153 1986 vero
164 1959 220 1996 quae
230 1940 313 1998 optima
323 1940 379 1988 vitae
390 1940 521 1988 documenta
531 1952 632 2003 putarent
643 1952 665 1988 et
675 1939 805 1988 doctissimis
816 1961 829 1988 a
839 1939 889 1998 plain

61 2011 89 2059 25
105 2010 200 2071 losophis
212 2013 283 2072 soluta
296 2014 390 2061 dictione
402 2025 519 2071 apertaque
531 2033 556 2060 ac
569 2013 628 2060 nuda
639 2013 729 2075 ¹ueritate
742 2013 851 2074 darentur.
864 2033 889 2061 ea

103 2084 140 2141 qui
152 2097 213 2133 erant
225 2097 301 2143 poetae
313 2084 371 2134 dulci
384 2084 565 2148 canebantversu
577 2097 642 2144 atque
654 2083 733 2142 tabulis
745 2084 851 2146 velabant,
864 2098 890 2133 ut·

64 2214 65 2218 Ἰ
97 2156 203 2205 inventus
209 2178 262 2205 vcum
271 2157 344 2205 labore
352 2157 435 2205 fructus
444 2157 560 2220 oblectaret
569 2158 637 2215 magis
646 2169 668 2204 et
676 2157 760 2205 dulcior
773 2158 888 2206 videretur.

64 2286 65 2289 Ἰ
103 2230 228 2288 Philosophi
241 2243 315 2288 autem
329 2232 416 2289 quique
425 2249 499 2289 graves
513 2244 564 2279 sunt
578 2244 600 2278 et
614 2231 681 2279 sancti
696 2231 735 2278 viri
750 2251 813 2289 saepe
827 2251 889 2279 exor-

103 2304 200 2351 nandum
220 2303 249 2357 ad
270 2324 358 2352 sensum
378 2303 601 2369 aenigmateironia,
623 2303 737 2361 parabolis,
758 2303 858 2361 allegoria
868 2316 890 2352 et

62 2375 91 2423 30
106 2376 195 2425 huiusce
203 2376 249 2426 aliis
258 2377 332 2434 liguris
341 2377 414 2437 multis
424 2397 502 2437 magno
511 2390 561 2425 sunt
570 2397 621 2425 cum
629 2378 719 2425 artificio
728 2390 749 2425 et
757 2379 840 2424 ratione
848 2379 889 2433 usi,

67 2492 69 2497 .
103 2448 164 2509 quod
174 2449 297 2498 existiment
307 2450 388 2509 ingenii
400 2450 460 2498 rudis
472 2470 518 2498 esse
529 2468 615 2514 semper
626 2450 649 2498 in
660 2463 735 2508 aperto
746 2451 833 2509 versari.
893 2513 895 2516 7

145 2521 227 2581 Neque
237 2542 288 2570 vero
301 2522 380 2571 fabulis
394 2543 468 2571 versus
482 2543 557 2571 omnes
571 2522 644 2571 referti
658 2536 716 2572 sunt.
731 2523 786 2570 Rem
800 2524 889 2581 quidem

104 2593 199 2643 divinam
209 2596 304 2644 carmine
313 2595 374 2644 nudo
383 2596 442 2654 apud
453 2595 571 2650 Hebraeos,
582 2596 620 2654 qui
630 2595 695 2653 paulo
705 2608 755 2644 ante
765 2597 889 2646 nominatus
902 2598 904 2600 ’
942 2656 944 2659 v

103 2680 142 2720 est,
158 2667 247 2725 Moyses
262 2668 323 2716 dixit.
338 2668 413 2716 Annos
429 2681 503 2725 postea
517 2688 653 2725 neepaucos
668 2675 744 2725 regum
759 2668 889 2718 clarissimus

62 2737 90 2786 35
106 2738 178 2789 David
192 2740 286 2799 psalmos
300 2741 395 2789 carmine
408 2740 475 2798 lyrico
489 2741 574 2790 cecinit.
589 2739 693 2790 Salomon
708 2762 802 2799 quoque,
818 2741 890 2792 David
918 2741 920 2744 ¹

102 2923 120 2967 8.
136 2921 166 2968 Ex
176 2923 306 2967 Prometheus
316 2941 365 2966 corr.
376 2923 443 2976 (etiam
453 2928 472 2965 in
483 2904 561 2977 indice).
597 2905 631 2966 55,
641 2921 703 2976 lyrico
713 2941 769 2979 corre
780 2942 803 2968 ex
812 2909 887 2975 lirycoi)
