2093 3253
260 164 393 197 scalmorum
407 164 533 198 ILLUSTRIUM
546 176 561 183 -
575 165 635 198 LIBER
648 164 698 198 xvir.
851 153 893 199 493

105 284 128 329 se
143 280 198 328 saxis
210 273 344 345 solemnibus
356 279 440 329 iubeat-r
449 280 496 328 Nec
508 278 613 328 dissimile
624 298 676 329 vero
688 299 735 329 esse
746 280 832 330 videtur
843 293 892 331 tana

105 366 154 402 tum
168 353 246 407 virum,
262 353 301 411 qui
317 352 461 411 philosophia,
477 352 516 411 qui
531 352 662 411 eloquentia,
676 353 716 411 'qui
733 353 837 408 moribus,
853 356 892 413 qui

106 426 191 492 opibus,
204 425 243 484 qui
255 423 300 474 lere
312 425 361 484 ipso
373 425 457 484 imperii
466 424 564 488 culmine
575 446 601 474 ac
613 444 686 474 rerum
698 423 765 483 gloria
777 422 891 480 floruisset.

107 499 276 559 haudquaquam
290 496 351 547 aliter
366 517 433 556 quarn
442 517 529 547 summo
539 517 591 547 cum
601 497 683 546 honore
693 516 718 545 ac
728 516 810 556 pompa
820 496 892 557 sepul-

79 572 92 621 5
107 584 155 621 tum
170 591 223 621 esse.
238 570 318 620 Audivi
333 583 406 620 tamen
420 569 563 631 qui'omnino
576 569 712 624 dissentiant,
727 569 788 630 quod
803 569 892 620 minime

105 644 239 694 credendum
255 644 377 694 existiment
393 656 489 702 peractas
505 641 609 703 exequias
621 643 665 692 ulla
682 663 734 692 curn
749 663 830 703 pompa
846 654 894 691 esse

105 719 145 768 viri
160 718 278 780 huiuslqui
292 716 392 766 sevientis
406 716 491 776 tyranni
505 717 566 766 iussu
579 729 668 767 necatus
684 729 747 766 esset.
762 716 841 776 Neque
854 737 892 765 ve·
913 717 915 720 ’

105 810 155 840 rum
169 802 253 850 putant¹
261 810 308 839 esse
318 789 342 838 id
352 788 487 847 epitaphium
496 809 509 836 a
519 788 602 837 Seneca
611 789 727 847 presertim
736 809 761 836 ea
771 788 795 836 in
805 788 892 837 calami-

105 876 148 913 tate
162 884 194 912 ac‘
202 862 277 912 mortis
291 872 407 922 prospectu
421 861 503 912 Iactum
516 882 569 916 esse,
583 862 644 921 quod
657 882 684 910 eo
697 861 721 912 in
734 860 826 926 articulo
839 881 892 910 con-

66 939 91 992 10
107 937 176 987 stituti
190 937 254 994 longe
265 936 325 986 aliud
336 956 403 995 quam
415 935 518 985 dactilum
530 948 551 984 et
563 936 686 995 spondeum
703 948 775 985 mente
792 934 891 984 conside-

106 1022 161 1058 rent
178 1009 235 1058 Illud
248 1021 323 1057 autem
338 1027 389 1057 vero
405 1007 496 1057 similius
512 1008 657 1070 arbitrantur,
668 1009 742 1066 ipsum
757 1008 813 1056 dum
828 1006 892 1055 rebus

106 1081 231 1144 melioribus
241 1080 349 1132 frueretur
360 1080 402 1130 sibi
413 1080 547 1141 epitaphium
558 1081 581 1131 id
590 1080 675 1131 iecisse.
685 1078 765 1141 Neque
775 1099 826 1130 vero
836 1079 892 1130 Cor-

105 1155 182 1205 nellius
196 1155 294 1211 Tacitus,
313 1154 402 1204 illustris
421 1168 442 1203 et
460 1155 563 1213 antiquus
582 1151 680 1214 scriptor,
696 1154 785 1203 assentit
800 1152 839 1202 ulli·
853 1154 892 1213 qui

105 1228 200 1277 Senecae
215 1226 281 1276 lunus
297 1226 401 1276 sollemne
416 1227 609 1285 peractumdicat.
626 1227 702 1294 Ipsum
717 1227 776 1275 enim
788 1226 833 1286 ullo
846 1226 892 1274 sine

66 1301 91 1349 15
107 1300 186 1348 celebri
200 1298 276 1348 funere
289 1312 311 1347 et
321 1312 441 1366 crematum
451 1311 472 1347 et
483 1299 593 1358 sepultum
603 1298 675 1353 refert,
685 1299 747 1358 'quod
757 1298 853 1364 iussisset
863 1298 893 1347 ita

106 1366 202 1421 codicilis
221 1394 272 1421 cum
290 1367 397 1431 supremis
413 1373 457 1423 suis
472 1366 551 1430 potens
564 1371 644 1421 divitiis
658 1369 750 1421 et's'tatu
763 1370 893 1421 consuleret.

149 1445 210 1494 Uxor
225 1458 299 1494 autem
314 1444 403 1494 Paulina
418 1447 441 1494 in
456 1444 583 1494 cubiculum
597 1444 696 1499 alterum,
712 1457 738 1494 ut
753 1445 805 1499 dixi,
822 1439 892 1493 mariti

100 1518 360 1581 persuasioneperducta
371 1538 415 1567 non
426 1517 612 1577 quemadmodum
622 1517 736 1567 videbatur
746 1517 808 1566 tortis
819 1517 892 1581 arrimo

105 1604 127 1640 et
138 1604 239 1640 constans
251 1592 336 1648 mansit,
348 1610 431 1647 verum,
443 1591 475 1640 uti
486 1604 537 1640 sunt
549 1590 666 1640 mulierum
676 1591 790 1651 presertim
801 1591 824 1639 in
834 1592 893 1651 peri-

63 1666 92 1712 20
106 1664 160 1713 culis
170 1664 256 1722 fragiles
267 1684 292 1713 ac
302 1664 406 1712 flexibiles
416 1665 545 1719 voluntates,
556 1685 595 1723 spe
605 1665 661 1713 vitae
672 1664 713 1713 sibi
724 1665 774 1714 data
783 1666 893 1714 consensit

105 1735 168 1785 facile
179 1749 205 1785 ut
217 1736 255 1795 qui
268 1737 323 1786 servi
336 1757 361 1784 ac
373 1735 452 1785 milites
465 1749 525 1784 erant
537 1737 626 1785 vulnera
638 1736 765 1794 obligarent.
780 1736 892 1785 Dissoluta

70 1812 71 1815 ’
106 1809 179 1867 itaque
192 1829 217 1858 ac
231 1808 320 1858 liberata
334 1829 402 1858 annos
416 1821 466 1868 post
480 1809 583 1858 maritum
592 1814 641 1863 vnon
655 1807 735 1858 multos
749 1809 810 1858 vixit.
824 1807 892 1858 Vultu

85 1904 92 1912 „
106 1894 179 1931 autem
194 1902 219 1930 ac
235 1882 338 1931 membris
354 1882 456 1931 omnibus
471 1882 526 1930 adeo
541 1881 645 1940 palelacta
661 1894 693 1930 est
708 1883 769 1941 quod
784 1883 807 1929 in
822 1880 892 1930 adrni-

106 1955 212 2005 rationem
233 1967 368 2005 verterentur
389 1955 427 2015 qui
448 1955 554 2006 viderent.

64 2029 92 2077 25
148 2028 277 2078 Amicorum
297 2048 348 2078 vero
368 2029 463 2079 Senecae
483 2028 567 2079 Neuius
587 2030 680 2085 Priscus,
701 2028 786 2096 Glicius
807 2028 891 2085 Gallus,

104 2101 190 2150 Annius
205 2095 281 2156 Pollio,
292 2102 358 2161 'quod
373 2122 450 2151 eocum
465 2101 591 2151 familiarius
606 2096 749 2158 versarentur,
765 2104 788 2151 in
803 2101 892 2150 exilium

106 2174 171 2232 pulsi.
232 2206 234 2209 -
647 2236 648 2239 Ἰ

149 2247 265 2297 Caeterum
274 2249 357 2298 Seneca
366 2249 491 2315 longissime
500 2270 525 2298 ac
535 2270 600 2309 supra
610 2270 676 2308 quam
685 2250 754 2307 possit
763 2250 822 2298 credi
831 2249 895 2299 vixit..

107 2320 220 2376 Quantum
239 2321 298 2369 enim
318 2333 339 2368 et
354 2321 482 2369 'coniectura
501 2333 523 2369 et
542 2334 667 2380 temporum
686 2323 768 2368 ratione
788 2320 891 2378 percipio,

64 2391 93 2438 30
108 2412 176 2440 annos
189 2413 230 2440 nec
243 2393 315 2441 minus
327 2391 406 2441 XVIII
420 2413 485 2452 supra
497 2406 587 2442 centum
599 2393 700 2453 explevit.
713 2393 742 2441 Se
755 2413 841 2452 nanque
850 2412 895 2453 ,ρο->

64 2492 207 2500 ———--—--

103 2539 129 2576 13.
141 2539 182 2577 Tac.
195 2540 238 2578 Arm.
249 2539 287 2577 XV.
301 2540 330 2576 64.

65 2621 208 2633 ——m—

105 2672 124 2715 9.
138 2689 162 2715 eo
175 2671 196 2716 in
211 2676 224 2716 ι’,
237 2688 260 2722 r.;
272 2690 297 2716 ex
310 2672 331 2716 in
345 2689 369 2716 eo
383 2671 418 2726 (sic
428 2672 453 2728 F)
465 2678 531 2718 statim
543 2690 593 2718 corr.
607 2672 633 2719 0.
687 2672 720 2718 24.
736 2672 832 2718 viderent.
845 2671 893 2718 Exi-

65 2735 114 2781 lium
127 2748 195 2782 autem
208 2737 275 2784 Nevio
288 2738 356 2784 Prisco
370 2749 390 2783 et
404 2736 470 2785 Glicio
484 2737 544 2786 Gallo
557 2757 621 2795 acque
633 2738 701 2785 Annio
714 2737 797 2785 Pollioni
806 2739 834 2786 ob
842 2742 893 2787 ami·

65 2804 135 2849 ciciam
149 2805 226 2851 Seneca
240 2805 317 2851 datum.
329 2805 424 2852 Ceterum
438 2805 460 2851 S.
474 2805 487 2852 l.
501 2806 550 2853 vixit
565 2807 589 2853 F.
642 2807 675 2852 28.
688 2824 712 2852 ac
727 2823 787 2861 supra
802 2814 817 2852 ι’.
830 2824 854 2858 rc
868 2822 892 2855 ex

67 2871 114 2919 vixit
128 2876 193 2916 statim
207 2889 256 2916 corr.
269 2872 296 2917 O.
351 2873 384 2918 30.
398 2880 461 2918 neci.
473 2892 496 2924 r.;
511 2891 536 2917 ex
549 2873 603 2918 haud
611 2891 661 2918 corr.
670 2872 690 2917 Ο
699 2891 736 2918 nec
746 2875 812 2918 minus
822 2892 860 2919 om.
869 2876 893 2921 F.

65 2936 99 2980 30.
113 2937 205 2982 adminus
218 2954 278 2991 supra
293 2940 316 2986 F.
550 2954 552 2958 ’
