2093 3253
253 196 386 228 scnrmonou
400 196 527 228 nnusrnrun
541 205 554 211 -
568 196 627 226 arnan
640 195 689 225 xvir.
844 183 886 226 491*

96 311 167 365 audin
179 309 239 360 nullo
252 330 332 370 pavore
344 310 457 358 exterritus
467 304 592 358 facultatem
600 308 693 358 faciendi
701 311 824 358 testamenti
832 325 883 369 pos-

31 394 32 397 ’
96 384 132 438 cit.
146 382 172 431 ld
184 383 285 432 tribunus
297 384 496 441 per'centurionem
507 394 578 440 negat.
593 381 655 431 Tum
670 381 752 430 Seneca
767 400 884 431 conversus

96 457 124 506 ad
138 475 228 507 uxorem
242 468 264 504 et
280 456 361 504 amicos
378 455 415 514 qui
432 456 521 505 aderant
537 467 559 503 et
575 454 713 503 lacrimarum
729 453 799 513 plenis
816 455 884 503 oculis

98 530 261 589 complorabant
274 529 353 588 inquit:
366 546 375 569 (ι
383 528 458 584 Vobis,
471 528 575 588 quoniam
587 547 628 587 pro
640 527 715 575 vestris
728 546 778 585 erga
791 548 825 576 me
838 540 884 578 stu·

71 605 84 653 5
100 603 141 651 diis
155 616 177 650 et
191 603 278 651 caritate
289 603 391 651 meritum
401 600 480 650 relerre
489 600 614 661 prohibeor,
624 599 685 659 quod
694 620 764 649 unum
773 612 806 648 est
816 600 838 649 in
849 622 884 650 me

97 676 190 725 liberum
205 687 226 724 et
241 675 412 734 pulcherrimum
430 675 506 729 habeo,
526 674 643 733 imaginem
661 674 717 723 vitae
740 694 800 723 meae
819 674 891 725 relin-'

98 770 150 808 quo.
165 747 217 797 Eius
230 766 338 797 memores
350 746 369 795 si
381 747 446 802 eritis,
459 746 540 807 lamam
551 746 614 796 vobis
626 759 753 806 perpetuam
765 748 883 796 constantis

98 821 208 870 amiciciae
221 819 312 870 facietis
327 820 421 878 Cognita
435 820 524 880 quidem
538 820 640 869 omnibus
654 819 748 869 Neronis
762 819 837 870 sevitia
851 834 883 870 est

98 915 138 943 nec
152 893 193 942 sibi
208 906 260 947 erat,
274 904 386 952 perempta
400 906 475 947 matre,
489 890 551 951 pulsa
565 910 638 947 uxore,
653 892 676 939 in
690 912 756 950 quem
770 893 848 941 seviret
861 893 885 941 ni

61 970 87 1019 10
102 968 240 1018 educatorem
254 986 320 1016 suum
342 986 367 1015 ac
389 978 551 1025 praeceptorem
573 964 679 1014 Senecam
701 965 827 1014 occidisset.
843 965 883 1014 Pa·

98 1041 198 1089 tiendum
213 1053 245 1088 est
260 1040 333 1089 anim'o
351 1037 402 1087 lorti
420 1060 445 1087 ac
462 1039 521 1087 bono
539 1039 645 1099 quicquid
663 1040 787 1087 necessitas·
795 1058 883 1098 presens

98 1114 184 1161 iubet.»

141 1185 201 1233 Haec
215 1197 237 1232 et
252 1184 330 1234 similia
345 1182 413 1233 multa
429 1185 469 1233 hoc
484 1184 532 1232 loco
547 1195 598 1233 sunt
612 1177 681 1232 abeo
695 1184 752 1234 dicta
767 1184 847 1244 quibus
863 1199 884 1233 et

99 1260 219 1307 amicorum
233 1270 255 1306 et
270 1258 343 1307 uxoris
352 1258 464 1306 tristiciam
472 1256 539 1304 animi
549 1269 570 1305 et
579 1257 693 1320 oculorum
701 1257 799 1306 lacrimas
808 1258 883 1306 conen

62 1331 87 1379 l5
102 1342 166 1378 ceret.
181 1329 248 1377 Nunc
262 1329 331 1385 illum,
347 1351 405 1379 nunc
419 1333 486 1380 istum
500 1331 605 1389 aspiciens
620 1349 665 1388 quo
679 1328 747 1384 vultu,
759 1350 804 1389 quo
813 1330 884 1385 oculog

101 1423 144 1461 qua
158 1422 211 1451 voce
225 1402 303 1451 soleret
317 1424 369 1452 cum
383 1422 406 1451 re
420 1422 523 1463 prospera
542 1417 564 1452 et
584 1416 641 1453 statu
661 1403 749 1452 meliore
769 1402 883 1458 lrueretur,

101 1475 197 1533 singulos
211 1476 239 1522 ad
253 1473 411 1529 fortitudinem,
425 1477 453 1525 ad
465 1477 598 1534 patientiam,
612 1477 640 1524 ad
652 1476 795 1523 constantiam
808 1474 884 1523 exhor-

100 1560 159 1596 tatur
173 1567 253 1607 eosque
267 1560 327 1596 tanta
348 1567 399 1597 cum
420 1549 523 1607 gravitate
543 1560 648 1608 tantoque
668 1548 741 1598 animo
762 1547 884 1598 consolatur

100 1619 344 1684 quod-haudquaquam
359 1641 405 1668 esse
420 1622 467 1680 ipse
482 1621 517 1669 cui
533 1642 591 1670 mors
607 1622 695 1670 instaret
711 1621 750 1670 sed
759 1621 813 1670 alius
824 1622 884 1680 quis-

59 1693 123 1741 20
102 1713 161 1751 pram
175 1692 292 1742 videretur.
311 1693 387 1742 Anxiis
406 1694 496 1754 quidem
515 1714 540 1742 ac
558 1694 701 1743 trementibus
726 1694 814 1742 caeteris
838 1694 889 1752 ipse

101 1788 158 1815 unus
172 1766 303 1827 impavidus,
319 1766 389 1821 fortis,
406 1781 506 1816 constans
524 1781 576 1816 erat
593 1768 690 1817 Uxorem
706 1787 757 1816 vero
773 1766 885 1825 amplexus

102 1839 169 1888 multa
184 1836 284 1898 precatur
297 1858 361 1898 prece
374 1838 542 1898 obsecraturque
556 1860 584 1889 ne
597 1860 620 1888 se
633 1839 726 1888 lacrimis
740 1852 761 1888 et
775 1840 884 1889 moesticia

83 1912 181 1960 cruciet
196 1911 235 1960 sed
249 1932 324 1960 casum
338 1911 448 1960 moderate
461 1932 486 1960 ac
500 1912 606 1970 patienter
620 1911 675 1960 ferat
689 1932 755 1970 seque
770 1925 849 1960 recreet
864 1927 885 1961 et

101 1982 224 2031 consoletur
239 1983 297 2031 dulci
317 1983 464 2033 recordatione
482 1983 539 2031 vitae
557 2003 623 2042 quam
642 1984 732 2032 honeste
751 1997 772 2033 et
790 1976 885 2032 virtuose

60 2056 88 2103 25
104 2055 168 2104 simul
183 2055 283 2115 egissent.

143 2128 204 2177 Turn
218 2128 254 2183 illa
269 2147 341 2188 «opus
358 2130 507 2178 adhortatione
524 2150 568 2177 non
585 2143 624 2185 est,
634 2147 643 2170 ι)
661 2130 731 2189 inquit
748 2127 778 2179 «o
795 2131 887 2184 Seneca:

102 2202 192 2258 migrare
207 2214 281 2249 tecum
297 2221 309 2249 e
324 2202 368 2249 vita
383 2202 469 2259 penitus
485 2202 577 2250 statui.»
593 2203 652 2250 Hinc
666 2204 797 2250 concertatio
813 2203 848 2260 pia
864 2217 886 2250 et

101 2274 171 2323 dulcis
186 2286 239 2328 orta,
256 2274 317 2334 quod
333 2273 369 2322 illa
384 2274 441 2322 virili
457 2274 530 2323 animo
546 2287 691 2333 perseveraret
707 2296 748 2324 nec
764 2288 788 2323 ut
804 2275 885 2323 viveret

101 2348 179 2396 adduci
194 2367 207 2395 a
221 2348 267 2395 viro
283 2365 346 2405 prece
355 2347 399 2394 ulla
408 2359 446 2395 aut
456 2348 538 2395 ratione
548 2359 627 2405 posset,
638 2359 713 2396 contra
723 2348 805 2412 Seneca
814 2347 885 2396 verbis

59 2420 87 2467 30
102 2420 204 2468 omnibus
220 2418 284 2468 illam·
295 2419 380 2468 flectere
396 2427 423 2467 et>
433 2420 557 2468 vitam'sibi
573 2420 702 2478 persuadere
717 2420 829 2468 niteretur.
846 2418 885 2467 llla

102 2493 192 2550 quidem
206 2492 310 2552 pertinaci
324 2491 398 2540 animo
412 2492 511 2541 indurata
525 2505 607 2551 quanto
622 2492 689 2551 magis
704 2512 751 2541 eam
765 2491 847 2541 Seneca
861 2506 885 2540 ut

103 2564 183 2614 viveret
198 2564 411 2630 hortabatur‚'tanto
429 2565 562 2613 constantius
581 2583 729 2623 percussorem
748 2563 885 2623 deposcebat.

72 2635 74 2639 ¹
103 2635 185 2686 Seneca
201 2657 252 2685 vero
268 2638 307 2687 ubi
324 2637 457 2686 obstinatum
473 2638 571 2686 animum
587 2638 633 2686 eius
649 2637 711 2691 vidit,
728 2657 776 2686 eam
792 2657 836 2685 non
853 2639 885 2685 uti

103 2711 163 2768 prius
177 2710 205 2759 ad
220 2710 287 2761 vitam
300 2710 339 2760 sed
353 2711 440 2760 mutatis
454 2710 525 2760 verbis
538 2710 567 2760 ad
581 2723 672 2760 mortem
686 2710 792 2760 exhortari
806 2711 884 2769 coepit,

63 2831 204 2841 *a

104 2898 134 2944 ll.
148 2899 179 2945 Ex
197 2899 250 2944 bona
268 2917 318 2945 corr.
336 2898 356 2945 Ο
376 2897 429 2945 bono
448 2899 471 2945 F.
526 2897 720 2954 21.(Ux0re)mr
726 2916 749 2950 r.;
768 2916 792 2945 ex
806 2894 886 2979 Deinde

62 2965 224 3013 nonnemo
238 2966 318 3025 Deinde
331 2984 415 3013 uxorem
428 2965 530 3021 amplexus
544 2965 568 3011 F
