2093 3253
478 201 574 233 sicconis
588 200 709 233 POLENTONI

218 315 331 365 cohercere
346 317 451 365 niteretur
463 329 484 365 et
497 337 552 376 quae
565 317 658 376 principi
671 316 830 366 oblectamento
842 330 913 384 essent
925 331 946 367 et
958 339 1005 369 cae·

219 390 258 438 teri
267 387 388 444 tolerarent,
400 409 425 438 ea
436 388 593 450 reprehendere
601 391 648 450 ipse
656 411 713 439 unus
724 390 813 440 auderet
821 410 861 441 nec
869 404 978 442 vereretur
988 396 1005 444 si

219 462 301 511 viribus
318 476 391 521 posset
409 462 513 514 obsistere
530 485 555 513 ac
573 464 627 515 nihil
644 465 726 521 veniae,
744 464 798 514 nihil
815 465 930 515 laxamenti
948 465 1004 523 dare,

219 536 280 594 quasi
293 554 337 584 non
349 535 422 586 liceret
434 535 526 592 Neroni,
540 538 578 596 qui
590 537 748 598 principaretur
760 538 807 586 orbi
820 551 933 594 terrarum,
945 539 1008 597 quic*

176 612 206 659 '15
222 612 288 666 quam
304 609 325 657 ni
342 608 423 680 Seneca
439 610 538 659 consulto
553 630 623 669 posse.

263 682 326 753 Dum
339 682 392 732 haec
406 696 471 745 atque
485 682 572 739 taliain
586 705 637 732 eum
652 694 773 733 sererentur
787 697 808 733 et
822 684 926 733 continuo
941 684 1006 743 magis

220 768 285 814 atque
299 755 367 813 'magis
382 754 665 814 invidentiumssmalignitas
678 777 702 805 ac
715 756 801 805 licentia
814 767 925 816 cresceret,
938 756 1007 815 Tigil-

217 828 278 887 ‚tinus
292 849 305 877 a
319 828 408 878 Nerone
415 822 569 878 {indemortui
583 828 647 878 Burri
661 829 735 879 locum
748 828 851 879 suffectus
865 842 905 879 est.
918 829 1007 878 Octavia

178 905 180 910 '
222 923 317 962 quoque,
329 902 424 966 Neronis
435 921 496 957 uxor,
508 900 632 962 pudicaque
643 923 667 951 ac
678 902 837 952 modestissima
847 901 935 958 lemina,
946 902 1006 962 pelli·

184 977 209 1026 10
224 988 260 1023 tur
268 987 289 1023 et
297 974 320 1023 in
330 973 404 1023 locum
414 974 460 1023 eius
473 974 545 1041 Popea
558 974 652 1023 ducitur.
666 975 706 1023 llis
719 975 844 1024 auctoribus
857 975 1008 1025 maledicentes

223 1060 274 1096 sunt
288 1041 355 1098 etiam
368 1059 433 1106 atque
448 1047 513 1097 etiam
532 1047 670 1107 superbiores
688 1046 747 1097 lacti.
766 1045 861 1097 Senecae
871 1046 968 1113 ¹quidem
986 1061 1008 1096 et

224 1121 294 1180 Popea
308 1133 330 1168 et
345 1118 461 1179 Tigillinus
475 1121 608 1180 permaxime
621 1121 780 1186 insidiabantur
792 1121 925 1180 oderantque
938 1121 1008 1180 ipsum

224 1207 245 1243 et
260 1192 364 1243 machinis
380 1192 483 1243 omnibus
497 1191 654 1254 impugnabant
669 1207 728 1244 metu
742 1217 769 1245 ne
782 1194 873 1244 consilio
886 1206 969 1243 mutato
982 1195 1009 1243 ad

181 1264 183 1270 ’
224 1268 313 1325 gratiam
328 1265 395 1324 Nero„
403 1267 509 1315 Senecam
518 1280 585 1325 atque
594 1286 660 1326 opera
669 1268 763 1316 Senecae
772 1268 886 1316 Octaviam
894 1267 1009 1326 aliquando

186 1341 211 1391 15
227 1340 345 1389 reduceret.
362 1339 404 1388 Res
419 1338 520 1399 denique
532 1360 558 1388 eo
577 1351 664 1389 venerat
683 1340 743 1399 quod
762 1340 837 1405 dietim
850 1340 967 1405 *pauciores
986 1360 1011 1389 ac

226 1413 297 1463 minus
312 1412 376 1463 solito
391 1412 532 1462 reverentiam
539 1412 635 1462 Senecae
642 1413 775 1469 exhiberent,
784 1413 859 1462 dietim
866 1413 939 1473 plures
946 1425 1010 1473 atque

184 1486 186 1492 '
226 1486 298 1544 plures
313 1486 376 1534 oculo
390 1485 463 1544 ipsum
481 1486 575 1534 torviore
590 1485 750 1544 conspicerent,
762 1487 837 1535 dietim
853 1487 920 1544 magis
939 1500 1011 1550 aperte

225 1571 396 1609 contemnerent.

268 1632 350 1681 Seneca
364 1650 422 1687 vero,
438 1632 475 1681 ubi
490 1632 584 1681 Neronis
598 1633 696 1702 animum
710 1645 732 1680 et
745 1624 805 1681 aulae
819 1634 868 1680 odia
881 1645 946 1695 atque
960 1651 1012 1680 con

185 1707 213 1755 20
229 1704 275 1753 silia
289 1717 310 1753 et
324 1705 494 1763 conspirationes
514 1699 568 1753 vidit
589 1725 694 1764 spemque
715 1725 803 1753 omnem
818 1705 907 1753 remedii
925 1724 1013 1764 prorsus

228 1775 379 1836 deploratam
375 1798 421 1826 esse
436 1778 539 1837 percepit,
566 1778 665 1837 secedere
688 1778 763 1827 statuit
788 1798 839 1826 cum
864 1776 1011 1836 requiescendi

186 1849 188 1852 ¹
227 1851 341 1905 desiderio,
352 1852 412 1909 quod
430 1865 482 1899 natu
500 1851 606 1900 maximus
624 1864 646 1899 et
664 1850 724 1899 senio
741 1850 811 1909 gravis
827 1863 889 1904 esset,
900 1863 948 1898 tum
958 1850 1013 1897 effu-

227 1923 299 1981 giendi
308 1921 387 1973 'studio
402 1944 435 1979 ne,
444 1917 469 1972 'si
485 1937 605 1973 moraretur
626 1924 715 1980 diutius,
731 1936 768 1972 aut
783 1923 900 1986 particeps
911 1922 949 1982 qui
970 1943 1014 1971 non

207 2010 284 2045 esset
299 1995 404 2046 scelerum
418 1997 530 2047 tolerando
554 1997 674 2047 videretur
688 2011 725 2047 aut
749 1996 846 2047 Caesaris
870 1994 1012 2054 tumelactum

186 2072 215 2121 25
230 2066 328 2119 animum
342 2070 481 2140 resistendo
476 2091 499 2119 rn
509 2091 532 2119 se
541 2071 705 2120 vehementius
701 2071 805 2120 rncitaret.
816 2068 915 2118 Proinde
919 2081 1014 2128 sumpto

229 2145 261 2191 uti
276 2141 321 2193 erat
336 2137 444 2202 gravitatis
459 2157 481 2192 et
497 2144 614 2193 modestiae
630 2165 681 2193 suae
695 2144 794 2202 dignum,
810 2133 858 2191 loco
873 2155 894 2205 et
909 2154 1012 2200 tempore,

229 2209 355 2265 Neronem
350 2234 373 2265 in
382 2217 434 2264 haec
443 2216 514 2264 verba
517 2208 623 2264 allocutus
633 2228 672 2265 est:
682 2233 691 2255 ‹<
686 2215 723 2263 <Si
732 2227 770 2264 aut
778 2215 842 2263 aetati
852 2235 918 2268 meae,
929 2214 1014 2276 Caesar,

229 2286 302 2359 liceret
317 2288 406 2343 adulari,
418 2288 482 2370 quod
495 2309 530 2337 me
544 2287 658 2337 delectavit
671 2308 791 2348 nunquam,
805 2300 842 2336 aut
855 2308 880 2336 ca
893 2277 946 2345 mihi
960 2306 1014 2347 quae

229 2353 303 2409 tecum
317 2373 350 2409 est
364 2374 385 2409 et
401 2360 493 2409 maxime
513 2360 594 2428 placuit
613 2361 669 2408 vitae
688 2359 821 2408 familiaritas
840 2373 862 2408 et
881 2354 1015 2408 consuetudo

188 2436 217 2484 30
233 2455 277 2482 non
292 2446 354 2487 esset,
369 2432 502 2492 praelatione
514 2425 573 2492 apud
585 2446 607 2481 te
619 2423 758 2501 impresentia
770 2446 848 2487 uterer,
862 2434 901 2482 sed
913 2433 1015 2501 quoniam

231 2507 283 2554 mihi
299 2525 339 2564 pro
353 2520 393 2555 tuo
406 2507 429 2554 in
444 2527 479 2554 me
490 2525 563 2554 amore
575 2519 596 2554 et
607 2497 741 2574 humanitate
749 2527 800 2574 ¹eam
811 2506 889 2554 dedisti
899 2496 1015 2557 licentiam,

225 2655 253 2692 27.
266 2655 306 2692 Tac.
320 2656 362 2694 Arm.
375 2655 421 2693 XIV.
436 2654 465 2693 53,

192 2737 333 2744 NJ

219 2777 235 2821 1.
250 2789 269 2822 et
283 2777 342 2822 ceteri
356 2776 469 2823 tollerarent
483 2784 497 2821 i.
511 2777 621 2823 mendicis
635 2777 652 2822 F
664 2776 709 2822 add.
724 2775 787 2823 Sicco¹
842 2774 871 2820 ll.
880 2774 911 2820 Ex
921 2775 1016 2822 Senecam

189 2864 238 2893 corr.
252 2844 272 2891 O
288 2843 386 2890 Senecam
402 2845 425 2891 F.
483 2843 514 2890 12.
528 2844 710 2900 (insidiabanhur...
725 2844 839 2900 mach(inis)
856 2848 869 2887 ἰ,
883 2861 906 2894 r.;
922 2844 976 2898 (erat
987 2843 1017 2888 in-

190 2911 314 2957 sidiabantur
334 2930 356 2955 ac
377 2910 459 2956 oderant
480 2922 499 2955 et
521 2912 626 2966 machinis)
645 2911 665 2955 O
684 2908 828 2966 insidiabantur
846 2919 865 2954 et
884 2927 925 2965 que
942 2928 979 2955 om.
994 2909 1017 2955 F.

194 2977 216 3024 15
231 2997 253 3023 ac
268 2978 333 3023 minus
347 2997 391 3025 sser.
405 2978 425 3024 Ο
439 2977 476 3023 om.
490 2979 512 3024 F.
568 2979 600 3023 27.
615 2979 637 3042 Si
650 2989 704 3044 aute
716 2976 765 3032 puto
777 2984 791 3022 i.
804 2997 828 3024 m.
840 2977 876 3030 inf.
888 2971 934 3023 add.
947 2977 978 3041 Fl.
