2093 3253
223 204 355 237 serratorum
368 204 498 237 uausmruu
510 193 528 224 -‘
539 201 598 235 tram
612 206 626 236 r.
810 184 838 236 37

56 325 124 374 simus
137 320 352 374 etadscribendum
365 319 545 369 accuratissimus.
556 311 632 368 Docet>
638 318 728 379 quidem
739 318 840 369 manifes-

57 411 79 446 ta
90 398 172 446 ratione
183 415 272 444 omnem
283 394 411 449 doctrinam,
423 414 490 451 quam
501 393 629 452 sapientiam
642 405 729 441 veteres
746 392 841 452 appella·

57 482 112 523 rent,
121 469 229 527 cognitam
238 467 305 525 louge*
310 478 361 524 post
367 466 474 524 gentibus
483 485 549 524 quam
565 465 670 513 Hebraeis
679 464 753 520 tuisse,
763 466 840 514 barba-

58 561 93 590 ros
103 556 211 591 tamenac
221 538 478 598 nominatimaegyptios
489 537 548 587 illam
558 551 608 587 ante
619 537 721 596 Moysem
732 537 841 593 habuisse

32 615 154 674 §alioquin
169 614 336 673 non‘scriptum
352 633 398 661 esse
417 612 481 661 sacris
500 612 523 661 in
542 611 610 660 libris
621 609 679 670 (utar
697 611 768 660 verbis
787 611 842 670 suis)

58 688 159 744 Moysem
173 707 219 734 esse
234 686 294 734 omni
308 685 466 742 Aegyptiorum
481 685 585 741 sapientia
600 685 726 733 eruditum:
736 677 840 742 Iosephus

58 772 137 815 autem,
155 758 253 807 Iudaicae
268 755 360 816 scriptor
376 753 517 816 antiquitatis,
533 756 639 805 memorat
654 755 790 814 Seth-(filius
806 756 842 804 hic

57 833 129 882 Adam
143 831 194 890 luit)
207 832 316 881 studuisse
329 831 410 887 virtuti,
425 830 481 879 filios
495 849 545 880 vero
559 850 610 890 suos
621 829 757 888 disciplinam
767 849 840 879 rerum

57 906 180 953 caelestium
193 902 293 962 primitus
306 904 420 952 inuenisse.
435 903 537 961 Denique
549 903 667 960 sapientiae
679 903 741 950 initia
754 904 842 960 propria

20 979 45 1027 10
60 998 105 1025 esse
118 976 193 1036 populi
206 976 299 1025 Hebraei
313 975 432 1041 eademque
444 973 592 1023 transferenda
605 995 651 1023 esse
664 974 760 1032 primum
772 995 842 1033 usque

58 1050 86 1098 ad
100 1062 211 1109 parentem
230 1061 314 1109 putant,
335 1049 458 1097 coniectura
474 1048 537 1096 ducti
557 1047 618 1107 quod
629 1047 721 1117 jlignum
741 1047 842 1095 scientiae

58 1123 110 1171 boni
119 1135 140 1171 et
149 1122 199 1171 mali
208 1118 303 1171 comedit
309 1122 358 1180 ¹ipse
366 1122 494 1180 optimoque
502 1142 515 1170 a
524 1118 657 1178 magistro'et
665 1120 747 1168 artifice
755 1140 842 1169 summo

59 1195 99 1243 deo
114 1196 141 1243 sit
155 1194 224 1244 lactus
239 1196 292 1253 ipse,
307 1215 332 1243 ac
346 1194 429 1243 soleant
442 1194 528 1252 ingenia
542 1193 604 1242 sicuti
615 1193 705 1242 flumina
716 1214 742 1241 eo
752 1193 841 1242 clariora

59 1288 105 1316 esse
114 1289 158 1327 quo
167 1268 210 1316 sint
219 1266 277 1317 lonti
284 1288 323 1316 suo
332 1279 398 1327 atque
407 1266 484 1326 origini
494 1266 602 1326 propiora.
614 1251 674 1315 lllu'd
680 1269 772 1322 constat,
782 1266 842 1331 quod

21 1341 45 1390 15
60 1360 136 1389 verum
150 1341 216 1389 deum
229 1340 342 1399 coluerunt
355 1335 404 1400 ipsi.
418 1339 512 1388 Munera
526 1339 619 1399 quidem.
626 1339 653 1387 de
663 1333 762 1397 frugibus
772 1350 842 1387 terrae

59 1426 80 1460 et
93 1413 148 1461 Abel
164 1426 185 1460 et
201 1413 270 1470 Caym
285 1413 374 1461 domino
389 1412 522 1461 obtulerunt.
537 1411 595 1459 Enos
610 1424 690 1465 autem,
707 1411 764 1459 lilius
779 1411 841 1464 Seth,

58 1484 96 1532 filii
111 1485 189 1539 Adam,
204 1486 303 1533 invocare
319 1485 403 1533 domiui
419 1504 500 1532 nomen
516 1484 595 1541 coepit.
611 1482 661 1532 Noe
676 1501 728 1531 vero
744 1502 841 1542 egressus

59 1576 107 1605 arca
118 1557 245 1606 holocausta
255 1557 345 1606 domino
355 1556 444 1607 obtulit.
455 1557 500 1606 Sed
507 1568 589 1616 quanta
597 1556 620 1605 in
628 1555 725 1605 Abraam
735 1550 842 1616 sapientia

58 1642 122 1687 atque
133 1630 216 1686 religio!
230 1631 278 1688 lpse
290 1630 379 1688 quidem
390 1631 422 1679 vir
433 1624 504 1677 bonus
516 1629 595 1687 deique
606 1639 680 1678 servus
692 1629 797 1688 omnique
808 1650 844 1697 sa·¹

18 1701 45 1749 20
53 1700 140 1759 'pientia
154 1701 263 1761 praeditus
277 1702 376 1752 omnium
389 1701 479 1762 primus,
493 1715 517 1751 ut
531 1700 600 1762 placet
616 1700 715 1760 losepho‚
728 1700 843 1751 affirmavit

58 1793 83 1820 ac
97 1787 170 1831 gentes
181 1775 265 1823 monuit
275 1774 450 1834 haudquaquam,
461 1787 486 1822 ut
496 1774 527 1822 illi
537 1773 639 1829 colerent,
651 1774 703 1822 deos
713 1773 793 1832 plures,
803 1773 843 1822 sed

59 1846 124 1895 deum
139 1846 204 1895 modo
218 1868 294 1902 unum,
307 1849 344 1906 qui
356 1848 421 1896 estin
433 1847 496 1896 caelis
508 1847 654 1906 dominusque
665 1867 690 1895 ac
701 1859 784 1896 creator
794 1853 843 1895 om·
881 1834 882 1849 l

59 1919 127 1973 nium,
140 1920 255 1967 colendum
267 1940 320 1968 esse.
334 1920 394 1968 Gens
406 1933 480 1968 autem
492 1921 596 1978 pertinax,
610 1920 671 1978 quod
683 1921 787 1968 institutis
799 1922 843 1968 iam

22 2055 24 2057 η
59 2002 157 2040 veterum
170 2004 254 2041 assueta
273 2004 358 2051 putaret
377 1992 468 2041 indubie
487 1987 597 2052 quotquot
615 1993 703 2041 coleret
716 1993 769 2041 deos
788 2012 842 2049 esse,

18 2063 45 2111 25
61 2065 141 2120 sprevit
155 2065 270 2114 consilium
290 2067 358 2114 sancti
379 2066 419 2114 viri
440 2066 631 2125 ipsumqueadeo
652 2078 684 2113 est
704 2066 844 2114 abhominata
905 2125 907 2129 ,

59 2147 124 2192 atque
138 2136 249 2184 abhorruit
263 2150 288 2185 ut
302 2151 414 2194 cogeretur
426 2138 497 2186 bonus
510 2150 578 2196 pater,
592 2139 653 2195 quasi
666 2150 722 2185 esset
734 2138 843 2196 religionis

58 2226 83 2254 ac
98 2207 189 2256 deorum
203 2227 294 2264 eversor,
305 2208 403 2268 linquere
413 2210 505 2268 patriam
515 2209 634 2268 (habitabat
644 2222 697 2258 tunc
707 2210 767 2268 apud
777 2208 843 2259 Chal-

60 2278 123 2328 daeos
133 2280 237 2340 Abraam)
247 2281 340 2341 exulque
350 2283 402 2332 inde
411 2282 440 2331 ad
448 2282 560 2332 Cananeos
570 2295 636 2342 atque
646 2282 764 2342 Aegyptios
776 2283 843 2342 profi·

59 2352 117 2401 cisci.
126 2353 206 2411 liquet
216 2366 289 2402 autem
299 2355 363 2403 sacris
374 2376 400 2403 ex
410 2354 471 2403 libris
478 2355 542 2414 *quod
552 2355 594 2403 deo
604 2355 656 2403 caeli
667 2355 844 2404 obedientissime

17 2422 46 2470 30
60 2425 131 2482 paruit
144 2438 216 2484 atque,
230 2446 281 2475 cum
290 2438 333 2475 tres
344 2428 433 2483 videret,
446 2428 565 2477 trinitatem
572 2447 619 2476 esse
627 2428 650 2477 in
658 2427 700 2477 deo
708 2448 753 2477 uno
761 2427 843 2487 signifi*
882 2463 883 2467 =

59 2516 110 2546 cans
120 2518 190 2548 unum
200 2500 266 2548 modo
276 2512 397 2550 reverenter
407 2520 432 2549 ac
442 2500 598 2559 sapientissime
608 2500 711 2549 adoravit.
722 2499 844 2550 Circumci-

59 2569 114 2618 sioni
128 2591 216 2630 quoque
230 2571 337 2631 populum
350 2572 444 2632 alligavit
465 2572 596 2627 Hebraeum,
617 2592 661 2632 quo
675 2571 758 2622 lactum
772 2585 805 2622 est
819 2586 844 2622 ut

59 2661 127 2697 genus
135 2643 255 2697 hominum,
264 2644 302 2702 qui
310 2665 354 2692 uno
362 2658 413 2692 sunt
420 2656 509 2702 parente
517 2644 638 2703 uatiquasi
646 2645 700 2692 duas
708 2645 731 2693 in
738 2644 844 2693 lectiones

48 2809 69 2847 46.
83 2811 145 2857 loseph.
158 2814 223 2860 Antiqu-
235 2814 267 2853 Iud
285 2813 297 2851 1.
310 2813 327 2851 2.
340 2814 357 2850 3.
406 2814 434 2851 20.
447 2813 510 2859 loseph.
523 2813 583 2860 aaran
595 2814 632 2854 lud.
645 2813 658 2853 1.
671 2814 688 2853 7.
703 2815 718 2853 1.

19 2910 160 2919 *Ἦ

60 2969 90 3013 12.
104 2987 144 3025 que
156 2980 199 3025 post
213 2972 289 3026 optimo
303 2989 347 3017 sscr.
405 2973 435 3018 17.
449 2978 463 3019 ύ
478 2973 512 3028 (=
520 2973 569 3028 ver).
628 2971 658 3020 18,
672 2971 708 3027 Er
719 2974 779 3022 archa
792 2992 844 3033 corr.
