2093 3253
415 200 417 205 ·
452 186 544 218 srccouls
558 186 673 219 POLENTONI

191 304 226 352 sit,
237 302 324 361 Quippe
334 315 359 350 ut
368 314 468 350 senatum
478 301 557 351 Caesar
568 315 651 352 mutare
661 302 795 352 voluntatem
804 315 870 361 atque
880 304 902 352 in
913 303 977 356 Cato·
1039 355 1041 367 ,r

191 376 225 423 nis
240 375 368 423 sententiam
377 376 409 422 ire
417 375 479 428 vidit,
489 371 628 434 summopere
637 387 727 423 conatus
736 386 768 422 est
777 387 802 422 ut
811 375 834 423 in
843 395 910 434 quam
919 376 977 429 dirre-
1040 374 1047 428 st

191 460 223 496 rat
238 448 284 505 ipse
298 446 428 505 sententiam
440 460 583 503 remanerent.
596 447 641 496 Sed
653 447 743 496 Catonis
756 447 779 494 in
791 449 921 496 sententiam
932 452 977 499 ani·
1039 468 1041 470 ·

192 520 233 568 mis
248 518 361 578 inclinatis
370 531 395 567 ut
409 518 546 568 exaudiretur
562 521 645 578 magnis
659 519 750 569 vocibus
764 519 902 579 personabat.
918 521 978 574 Mul·
1038 535 1042 568 1

166 592 179 642 5
194 605 242 641 tum
253 592 312 641 enirn
323 605 422 640 senatum
434 593 480 641 eius
491 590 616 642 vociferatio
627 593 768 651 perturbavit,
781 593 841 652 quod
852 594 883 641 ira
894 594 977 646 inflam-
1037 584 1045 625 μ’

192 678 262 714 matus
273 665 317 726 iarn
331 663 390 713 nulla
401 684 452 713 cum
463 665 576 724 modestia,
587 665 646 714 nulla
656 685 708 714 cum
718 666 836 715 reverentia
846 666 978 727 loquererne
1017 701 1019 705 ,
1046 708 1047 711 ,

193 759 233 788 nec
247 740 313 789 tacuit
324 739 384 797 prius
395 759 462 798 quarn
473 738 535 788 silere
546 740 620 798 ipsum
630 739 669 799 qui
684 738 774 788 aderant
795 761 807 788 e
818 759 878 788 more
899 746 978 799 praesi-

193 811 223 859 dii
237 831 308 864 causa,
321 811 405 869 equites
418 810 510 859 Romani
522 812 606 865 armati,
619 812 698 859 strictis
711 811 842 869 pugionibus
855 828 978 870 coegerunt.
1043 850 1045 852 ψ

194 883 219 933 ln
234 903 285 933 eum
296 883 386 943 quidem
396 895 447 933 sunt
458 883 534 942 gladiis
545 883 630 934 eductis
647 884 702 933 adeo
712 883 838 940 comminati
849 898 874 933 ut
889 886 927 945 qui
946 907 978 937 se·
1039 907 1041 956 ]

154 957 180 1006 l0
195 956 271 1006 dentes
285 956 379 1017 proximi
391 968 451 1006 erant
463 970 523 1016 metu
535 957 631 1018 deterriti
643 957 710 1015 aliqui
723 970 806 1006 mutato
817 957 868 1026 loco
877 956 978 1017 profuge·
1003 1020 1005 1022 V
1045 996 1047 998 ι

193 1042 248 1084 reut;
263 1028 360 1089 quidam,
375 1028 415 1077 sed
429 1028 451 1077 hi
467 1029 538 1087 pauci,
554 1049 582 1078 ne
597 1028 724 1084 laederetur,
736 1043 790 1088 toga
806 1030 879 1088 ipsum
894 1043 916 1079 et
931 1032 978 1081 bra-

194 1101 248 1151 chiis
256 1100 503 1161 amplexicontegerent.
514 1101 562 1161 lpse
570 1102 852 1152 verotumadeotimuitut
860 1103 898 1162 qui
906 1117 979 1163 postea
1044 1136 1046 1138 -

194 1175 308 1233 imperavit
322 1175 369 1223 orbi
378 1194 404 1223 eo
412 1195 476 1229 anno,
486 1175 584 1234 quamvis
593 1188 649 1223 esset
657 1187 749 1233 praetor,
758 1195 781 1224 se
789 1188 861 1225 tamen
872 1176 979 1226 immisce-

194 1266 217 1297 re
231 1248 254 1297 in
269 1266 292 1298 re
306 1246 393 1307 publica
408 1267 452 1306 non
466 1248 562 1297 auderet.

155 1321 180 1370 15
196 1337 197 1341 ’
238 1320 316 1370 Cicero
326 1333 400 1369 autem
409 1333 435 1368 ut
445 1320 546 1378 cupiebat
557 1333 644 1369 senatus
655 1320 754 1368 consulto
765 1321 788 1368 in
799 1321 928 1369 sententiam
939 1321 980 1370 Ca·

194 1392 251 1441 tonis
266 1390 390 1451 lacto-nihil
402 1391 496 1450 amplius
509 1392 635 1450 expectavit.
649 1391 757 1441 Praesidio
770 1391 860 1450 quidem
872 1392 980 1452 extemplo

195 1465 227 1514 uti
242 1478 287 1515 erat
301 1466 385 1515 occasio
398 1484 436 1524 per
450 1465 497 1514 loca
510 1478 610 1523 suspecta
623 1465 731 1523 disposuit
744 1465 850 1524 iussitque
863 1465 980 1515 triumviris

195 1551 220 1586 ut
234 1558 290 1597 quae
305 1549 365 1586 erant
377 1537 405 1585 ad
418 1536 550 1595 supplicium
562 1549 708 1595 prepararent;
721 1536 801 1585 deinde
813 1537 872 1585 curia
884 1555 980 1596 egressus

195 1630 272 1669 magna
291 1630 342 1660 curn
361 1622 500 1665 armatorum,
521 1610 632 1666 clientum,
652 1610 779 1665 amicorum,
800 1609 907 1674 nobilium
922 1611 980 1660 iuve-

153 1684 183 1734 20
197 1704 251 1734 num
265 1697 349 1734 caterva
368 1703 490 1742 magnoque
502 1702 560 1742 cum
578 1683 688 1732 seniorum
706 1683 811 1731 comitatu
829 1683 857 1730 ad
875 1683 981 1742 Spinteris

196 1755 287 1806 domurn
301 1768 360 1805 recto
369 1757 446 1805 itinere
455 1775 481 1805 ex
490 1767 577 1805 senatus
586 1756 697 1805 voluntate
706 1768 771 1815 atque
780 1776 888 1804 consensu
897 1753 981 1815 prolec-

195 1842 231 1880 tus
245 1843 285 1880 est.
297 1828 376 1888 Suram
387 1828 417 1878 ibi
428 1828 563 1888 custoditum
574 1828 691 1887 prehendit
703 1849 776 1883 manu;
788 1828 921 1887 prehensum
931 1829 981 1877 inde

196 1921 235 1960 per
249 1903 306 1952 viam
316 1901 405 1951 Sacram
415 1921 440 1961 ac
450 1901 548 1951 medium
558 1919 596 1960 per
606 1899 680 1950 lorum
689 1901 747 1950 claro
756 1901 828 1951 adbuc
838 1901 874 1950 die
883 1921 908 1949 ac
919 1900 981 1960 plebe

188 1976 390 2034 circumspectante
409 1973 523 2032 publicum
542 1974 565 2022 in
583 1992 691 2022 carcerem
710 1974 779 2029 duxit;
798 1973 890 2022 ductum
909 1973 981 2022 subito

155 2046 183 2096 25
198 2047 321 2096 necandum
335 2045 460 2105 capitalium
481 2064 554 2095 rerum
575 2046 678 2095 ministris
700 2045 768 2095 dedit.
789 2044 837 2094 Nec
859 2065 925 2100 mora,
947 2045 982 2094 ille

196 2117 264 2169 lracta
274 2120 351 2179 laqueo
361 2118 410 2178 gula
420 2131 509 2168 necatus
518 2130 558 2168 est.
568 2117 707 2179 Supplicium
717 2138 805 2179 quoque
815 2118 888 2169 subito
898 2119 925 2169 de
935 2138 981 2168 cae-

185 2240 187 2244 t
197 2194 248 2242 teris
257 2205 378 2251 sumptum.
388 2191 446 2241 Nam
456 2213 506 2241 mox
516 2211 555 2250 per
564 2205 660 2251 pretores
669 2191 764 2240 consulis
774 2193 834 2240 iussu
844 2193 867 2240 in
875 2210 982 2241 carcerem

196 2266 234 2327 qui
249 2265 306 2323 capti
321 2264 450 2313 tenebantur
463 2263 526 2318 ducti
534 2276 601 2323 atque
612 2264 703 2322 vestigio
715 2260 912 2323 eodeminterlecti
925 2274 982 2312 sunt.

197 2336 276 2397 Neque
287 2356 339 2386 vero
350 2336 402 2395 inde
413 2336 486 2395 quoad
499 2337 526 2385 de
534 2335 576 2385 illis
586 2350 660 2385 actum
670 2356 716 2384 esse
727 2334 797 2386 tactus
808 2349 840 2385 est
850 2337 929 2387 certior
939 2336 982 2385 dis·

155 2411 185 2460 30
199 2412 263 2460 cessit
277 2410 361 2467 consul.
374 2410 419 2459 Ubi
431 2428 482 2458 vero
493 2423 580 2458 necatos
592 2409 639 2457 illos
652 2429 698 2457 esse
709 2410 818 2467 cognovit,
831 2422 880 2457 tum
894 2410 923 2457 ad
937 2422 982 2457 tur·

198 2483 249 2532 barn
258 2488 426 2548 ¹coquemussest
439 2481 606 2541 atque-illorum
620 2483 648 2543 ad
661 2483 818 2544 terrorem—qui
833 2495 937 2540 cuperent
951 2500 983 2529 res

197 2574 277 2605 novare
286 2575 339 2605 voce
350 2574 426 2612 magna
437 2555 498 2613 quasi
509 2554 656 2602 minabundus
667 2556 745 2613 inquit:
756 2571 765 2594 (t
773 2554 888 2602 Vixemnt!
898 2570 907 2594 ³)
918 2552 983 2611 Quod

197 2628 288 2677 verbum
297 2627 337 2677 etsi
346 2628 418 2687 primo
426 2626 524 2676 videatur
532 2639 622 2686 aspectu
631 2627 686 2682 lene,
695 2647 744 2676 eam
752 2639 825 2677 tamen
833 2628 879 2676 vim
887 2640 909 2676 et
917 2625 983 2684 signi·

198 2701 287 2750 ficatum
300 2700 365 2749 habet
377 2713 402 2749 ut
416 2700 500 2749 dictum
512 2721 557 2749 non
570 2698 660 2757 intelligi
674 2699 733 2748 aliud
746 2720 813 2757 quarn
826 2699 874 2748 illos
888 2712 983 2752 mortuos

194 2841 275 2880 11.le,
289 2841 334 2880 Caes.
348 2841 364 2879 8.
413 2840 442 2879 32.
455 2840 497 2878 Plut.
511 2841 545 2879 Cic.
558 2841 587 2878 22.

201 2956 217 3001 l.
231 2957 308 3012 altque)
323 2962 336 3000 ί.
351 2974 374 3006 r.;
389 2975 412 3001 ex
426 2956 481 3011 u(t?)
495 2961 563 3001 statim
577 2974 627 3001 corr.
