2093 3253
144 190 181 236 118
352 242 354 246 y
373 240 375 242 ,
437 207 531 238 srccours
545 208 666 239 aocaurorvr

184 333 223 376 est,
239 320 319 369 eodem
331 341 354 370 se
365 320 412 378 ipse
424 341 490 369 manu
502 322 590 379 propria
601 320 715 370 interfecit.
727 322 796 378 Quae,
808 342 859 369 cum
876 322 926 378 sint,
944 337 968 372 ut

185 394 235 450 dixi,
248 413 297 443 vera
309 416 349 447 nec
360 393 449 442 inficiari
461 414 486 443 ea
497 395 566 453 possit
577 395 699 454 quisquam,
712 402 798 444 manere
809 395 885 444 stabile
896 416 921 444 ac
931 396 968 445 fir·

185 488 246 516 mum
261 469 340 515 docent
350 487 403 526 quas
413 469 529 516 memoravi
539 469 658 525 tragoedias
668 488 712 516 non
721 469 916 522 moraliaSeneca‚
925 489 970 518 non

185 561 197 587 a
212 538 319 595 Gallione,
331 560 375 588 non
386 559 399 587 a
410 538 485 595 Mella,
493 561 540 589 ,non
552 561 564 589 a
575 539 655 590 Mellae
665 540 710 590 filio
722 540 817 596 Lucano,
829 541 889 600 quod
900 556 971 592 essent

159 615 171 662 5
186 615 244 673 linter
253 613 365 662 Neronem
373 626 438 672 atque
447 613 560 662 Octaviam
568 616 611 662 iam
620 615 691 668 occisi,
701 614 790 671 scriptas
799 634 852 663 esse.
859 613 908 662 Hoc
917 635 969 663 nan·

186 706 228 743 que
243 685 346 734 fatebitur
356 685 479 744 quisquam,
490 687 513 734 ni
523 685 579 734 forte
589 688 616 733 sit
626 707 653 734 ex
662 686 703 735 illis
714 687 752 744 qui
762 700 799 746 aut
809 686 869 734 vivos
880 686 970 735 divinari

177 757 259 806 ‘futura
268 757 306 806 aut
316 770 413 806 mortuos
423 758 505 817 poetari
515 771 537 807 et
547 758 640 806 scribere
649 759 769 817 tragoedias
779 771 863 817 putent.
874 758 970 807 Mortem
1040 756 1047 810 3³

187 830 276 889 quidem
289 831 391 881 Octaviae
404 844 469 891 atque
481 832 576 881 'Neronis
590 833 619 880 ita
632 854 688 892 quae
701 855 758 882 nona
771 846 803 881 est
816 848 971 882 commemorat
1026 849 1045 881 εἰς

187 906 295 962 tragoedia
306 919 330 953 ut
342 906 421 963 scripta
432 925 503 964 neque
511 908 527 954 'a
538 919 624 954 mortuo
635 926 676 954 nec
687 906 761 954 divino
769 900 799 954 ab
811 906 948 955 homine'sed
959 927 971 955 a
1025 910 1042 961 'fij

148 979 174 1025 l0
189 991 252 1035 poeta
262 980 300 1037 qui
311 979 375 1027 rebus
386 979 476 1032 adesset,
488 981 525 1035 qui
536 981 625 1033 videret,
636 980 674 1037 qui
685 992 759 1037 postea
769 981 850 1027 viveret
860 999 884 1026 ac
895 980 972 1037 perdiu

188 1051 268 1098 viveret
280 1052 385 1101 videatur.
397 1051 449 1100 Non
461 1053 520 1100 enirn
531 1051 671 1111 rot‘talesque
682 1052 801 1110 tragoedias
813 1051 906 1100 scribere
917 1071 972 1110 opus

189 1124 250 1172 facile
262 1145 286 1172 ac
299 1125 402 1185 temporis
415 1125 474 1184 parvi
487 1125 537 1174 luit.
554 1124 638 1183 Urgent
653 1139 726 1174 tamen
741 1126 871 1183 pertinacius
883 1124 973 1183 quidam

189 1211 217 1252 et,
226 1219 278 1246 cum
286 1199 337 1247 victi
346 1199 428 1247 ratione
436 1219 491 1256 quae
500 1199 544 1246 dixi
553 1199 581 1246 de
588 1199 679 1247 Octavia
687 1218 733 1246 esse
741 1199 851 1245 verissima
859 1198 973 1251 fateantur,

190 1270 282 1329 reliquas
291 1272 380 1332 omnino
389 1291 435 1319 esse
443 1270 487 1320 ullo
495 1270 522 1319 ab
531 1270 619 1320 homine
627 1272 649 1320 ni
658 1271 732 1320 morali
740 1291 753 1320 a
761 1270 849 1326 Seneca,
858 1272 918 1330 quod
926 1289 973 1329 gra·

151 1344 176 1392 15
192 1343 254 1392 vibus
266 1344 309 1393 sint
320 1344 400 1403 passim
411 1342 500 1393 refertae
511 1344 630 1400 sententiis,
641 1345 731 1403 scriptas
742 1359 828 1403 negant.
839 1345 914 1394 Alium
925 1347 974 1403 qui·

191 1417 241 1465 dem
256 1416 375 1473 Octaviam,
397 1417 464 1465 aliurn
480 1430 573 1465 caeteras
589 1417 699 1475 scripsisse
716 1430 799 1475 putant.
817 1417 861 1466 Sed
877 1416 974 1466 confutat

191 1490 230 1536 lios
245 1488 308 1538 stilus
318 1490 372 1548 ipse.
383 1488 487 1547 Quisquis
498 1490 557 1537 enim
567 1490 666 1546 intelligit
676 1489 738 1537 facile
748 1490 806 1537 videt
817 1486 851 1538 his'
860 1490 974 1547 tragoediis

192 1561 275 1610 nullam
284 1562 408 1610 varietatem
417 1561 455 1610 sed
464 1560 566 1610 omnibus
575 1561 904 1620 unumaequalemquedicendi
913 1574 975 1610 teno·

191 1653 246 1689 rem,
258 1634 392 1692 elegantiam,
405 1633 532 1692 dignitatem
544 1654 597 1689 esse,
610 1647 635 1683 ut
646 1633 755 1693 profectae
773 1654 855 1688 omnes,
868 1635 899 1683 uti
917 1646 975 1683 sunt»

151 1708 180 1755 20
195 1728 239 1755 uno
249 1706 315 1761 fonte,
327 1728 372 1755 uno
382 1720 477 1764 parente,
488 1728 533 1755 uno
543 1707 614 1765 capite
623 1707 742 1756 videantur,
756 1708 814 1755 luest
824 1709 913 1765 quidem
924 1708 976 1754 scri-

193 1778 293 1827 bentibus
309 1778 359 1836 (hoc
375 1778 477 1827 fatebitur
492 1779 574 1838 peritus
590 1779 714 1840 quisquam)
730 1778 779 1827 data
799 1780 878 1838 cuique
898 1780 945 1837 ipsa
964 1799 976 1825 a

193 1873 205 1899 a
220 1864 295 1900 natura
310 1865 368 1901 certa
383 1853 502 1911 proprietas
518 1873 574 1911 qnae
588 1873 659 1901 unum
674 1851 702 1901 ab
717 1852 759 1901 alio
775 1854 864 1902 dicendi
876 1854 977 1902 varietate

169 1963 170 1966 η
194 1927 288 1984 quadarn
302 1927 331 1975 ita
344 1927 446 1975 discernit
458 1938 523 1985 atque
535 1926 629 1984 seiungit
641 1938 665 1974 ut
678 1946 742 1973 nemo
756 1947 799 1974 non
812 1926 883 1974 varius
896 1925 977 1974 ati-alio

195 2011 251 2047 recte
265 1999 444 2057 perspicientibus
459 1999 564 2047 videatur.
772 2002 774 2005 ⁴
846 2004 848 2007 ’
1044 2059 1046 2062 Υ

154 2073 180 2121 25
218 2086 220 2090 “
239 2071 283 2121 Sed
297 2073 340 2121 iam
355 2071 405 2121 satis
425 2070 556 2130 patefactum
575 2073 674 2120 existimo
693 2092 746 2130 quas
766 2072 882 2121 memoravi
903 2072 978 2120 decem

195 2145 314 2203 tragoedias
325 2166 369 2195 non
379 2144 453 2199 Stoico
462 2165 475 2193 a
485 2144 574 2200 Seneca,
585 2165 629 2193 non
639 2145 683 2194 ullo
693 2166 705 2194 a
715 2144 813 2201 fratrum,
824 2167 868 2194 non
878 2166 890 2194 a
900 2149 979 2205 nepote

197 2218 285 2266 Lucano
295 2219 391 2277 scriptas.
404 2218 430 2266 ld
439 2218 505 2265 modo
515 2230 580 2265 restat
589 2231 614 2266 ut
623 2237 658 2266 eas
668 2219 778 2276 scripsisse
787 2238 854 2275 quem
863 2219 907 2266 iam
916 2237 979 2277 saepe

197 2290 356 2338 nominavimus
366 2290 477 2343 Senecam,
488 2289 573 2338 moralis
580 2289 674 2338 Senecae
679 2289 755 2345 filium,
762 2290 885 2339 doceamus.
892 2291 979 2349 Quippe

198 2364 271 2412 Stoico
283 2363 377 2412 Senecae
389 2363 444 2411 filios
457 2377 499 2411 tres
512 2362 586 2416 fuisse,
599 2363 717 2419 Novatum,
730 2363 821 2411 Mellam
833 2377 854 2412 et
866 2364 979 2414 Senecam,

155 2437 183 2484 30
199 2448 228 2484 ut'
237 2450 301 2484 testes
313 2437 366 2484 alios
378 2448 467 2489 taceam,
481 2436 527 2494 ipsa
539 2442 629 2483 testatur
642 2436 753 2494 inscriptio
765 2435 871 2484 librorum
883 2438 929 2484 eius
942 2436 980 2494 qni

198 2521 270 2558 extant
279 2509 317 2558 hos
326 2510 378 2558 istos
387 2508 415 2558 ad
423 2507 478 2557 filios
487 2528 537 2557 snos
546 2506 734 2568 Declamationum
743 2528 781 2557 seu
790 2507 893 2557 Civilium
899 2507 981 2557 Causa·
1040 2536 1047 2567 χ

198 2603 246 2631 rum
261 2583 343 2642 scripti.
361 2583 386 2632 ln
402 2582 479 2631 studiis
495 2581 630 2643 eloquentiae
645 2583 785 2631 versabantur
800 2583 842 2631 isti.
859 2582 907 2631 Hoc
923 2584 981 2631 enirn

175 2671 177 2674 ’
198 2657 344 2705 doctrinarum
356 2676 423 2715 genus
436 2655 487 2703 baec
499 2654 580 2704 familia
591 2657 653 2715 quasi
665 2656 772 2714 peculiare
783 2676 808 2704 ac
819 2656 933 2714 proprium
944 2655 982 2704 ha·
1041 2651 1046 2684 l

199 2729 253 2777 buit.
264 2729 308 2777 Sed
318 2729 404 2778 Novato
413 2729 515 2787 precipue
525 2747 588 2787 agere
597 2726 905 2787 causas,'Mellae'declamare
915 2727 983 2778 Sene·

158 2803 185 2849 35
201 2823 237 2849 cae
252 2815 331 2857 autem,
344 2804 381 2860 qui
393 2814 445 2849 natu
456 2802 527 2849 minor
538 2814 600 2855 esset,
612 2801 645 2864 uti
655 2802 724 2859 poetis
735 2820 760 2848 ac
772 2819 845 2849 versus
856 2800 929 2849 lacere
937 2801 983 2858 pla·
1043 2816 1046 2824 ²

211 2981 230 3023 9.
244 2979 315 3030 scripta
329 2995 374 3021 eser.
432 2976 461 3022 17.
476 2975 538 3040 stillas
553 2975 567 3030 (1
582 2977 633 3030 exp)
