2093 3253
253 147 384 178 scurronum
399 148 526 178 neusmrurv
539 160 553 164 -
567 148 625 181 trum
640 149 689 178 xvir.
842 137 880 180 473

49 322 50 326 Ἰ
98 260 158 317 quod
173 265 243 317 neque
257 259 360 307 violentia
377 259 446 318 frangi
465 282 504 309 nec
522 261 635 310 blandiciis
654 260 751 309 inclinari
768 261 796 309 ad
813 262 882 320 turpi-

98 333 198 382 tudinem
209 332 279 383 ullam
293 345 373 391 posset.
388 331 466 392 Neque
480 353 531 382 vero
544 353 609 393 parva
623 332 684 382 lortis
698 354 723 381 ac
737 333 792 382 bene
807 336 882 382 morati

99 407 166 454 animi
181 407 327 465 experimenta
343 407 410 460 dedit,
427 408 487 465 quod
502 407 589 455 lortuna
605 408 678 466 ipsum
694 427 752 455 nunc
768 408 840 455 ridens
855 408 884 455 ad

100 479 182 527 excelsa
196 480 273 533 evexit,
284 500 342 528 nunc
352 480 404 527 irata
414 480 508 527 eundem
518 491 556 537 per
566 481 638 528 omnia
648 480 744 537 corporis
753 492 791 527 aut
801 480 883 527 incom-

75 554 87 602 5
103 552 168 600 moda
181 564 219 600 aut
233 551 328 610 pericula
344 565 365 600 et
381 552 511 601 calamitates
527 553 597 601 traxit.
615 552 723 602 Carnibus
739 553 836 611 quidem,
846 553 885 600 ‘uti

101 646 113 671 a
128 625 146 671 F
146 625 222 672 ocione
237 625 347 680 didicerat,
358 646 401 672 non
410 625 536 672 vescebatur
545 625 602 673 ullis.
612 626 707 673 Difficile
716 626 739 673 id
747 646 805 673 anno
813 626 885 685 primo

101 698 180 750 visum,
191 697 270 745 deinde
279 696 399 745 assuefacto
409 697 516 745 abstinere
526 718 571 746 non
581 697 652 746 solum
662 697 724 746 lacile
734 716 810 746 verum
820 697 885 746 etiam

102 782 187 828 gratum
202 782 222 817 et
238 769 301 818 dulce
315 769 364 818 luit.
375 769 498 818 Solicitatus
508 783 603 818 autema
613 784 680 830 patre,
691 791 757 830 quem
768 771 886 819 reverentia

102 862 187 891 summa
202 843 292 897 colebat,
308 844 372 892 istam
397 844 578 892 consuetudinem
603 844 683 902 posuit,
710 864 749 892 nec
775 843 885 902 displicuit

64 921 90 967 ll]
105 930 193 965 naturae
207 936 230 964 re
244 918 301 965 bona
321 918 406 965 nutriri.
429 918 503 975 lpsum
523 918 582 965 enim
602 938 629 965 ne
649 918 750 965 carnibus
770 917 887 965 abstineret

103 989 227 1038 exhortatus
237 1002 269 1037 est
279 1002 339 1048 pater
349 990 409 1047 quod
419 990 460 1037 sibi
471 989 534 1038 huius
545 989 605 1038 modi
615 989 763 1048 philosophiae
773 1001 887 1047 praecepta

60 1119 62 1121 ι
104 1062 292 1110 vehementissime
304 1061 441 1120 displicerent
453 1081 569 1120 severaque
581 1083 605 1111 ac
617 1063 711 1128 rigqrosa
723 1062 816 1111 nimium
826 1061 887 1110 vide-

104 1147 185 1183 rentur.
201 1133 282 1183 Oderat
301 1155 389 1194 quoque
407 1134 515 1193 Tyberius
534 1134 627 1189 Caesar,
638 1129 676 1194 qiii
694 1136 738 1184 iam
755 1135 887 1193 imperitaret

105 1207 159 1261 orbi,
171 1207 297 1261 cerimonias
310 1219 407 1262 externas
420 1220 441 1255 et
453 1208 490 1267 qui
504 1220 636 1256 sectarentur
648 1207 701 1262 illas,
713 1207 889 1267 quod,supersti··

49 1282 92 1339 „l5
107 1282 251 1340 ciosum-esse
270 1281 501 1339 exterminandumque
520 1294 617 1329 censeret
636 1281 741 1339 quicquid
759 1281 858 1329 Romano
877 1301 888 1326 a

106 1353 149 1402 ritu
163 1351 258 1412 alienum
273 1375 319 1403 esse
329 1353 418 1402 videret.
431 1353 521 1403 ludaeos
531 1375 625 1413 nanque,
636 1366 660 1402 ut
670 1353 764 1413 reliquos
774 1367 888 1407 transeam,

107 1426 232 1486 quicunque
245 1427 326 1476 Romae
339 1427 420 1476 inventi
433 1440 490 1482 sunt,
505 1428 565 1486 quod
577 1426 671 1486 porcinis
680 1426 780 1476 carnibus
789 1448 833 1475 non
841 1448 888 1475 ves·

107 1512 213 1552 cerentur,
228 1501 271 1546 acri
282 1499 363 1547 mulcta
373 1501 513 1557 compescuit.
524 1500 567 1547 Eos
578 1501 660 1557 quippe
670 1521 745 1548 omnes
760 1501 815 1547 urbe
830 1520 889 1547 sum¹

109 1571 175 1619 movit
190 1584 255 1629 atque
265 1572 399 1620 iuventutem
409 1572 478 1629 gentis
488 1567 535 1620 eius
544 1584 569 1619 ut
579 1572 670 1631 correpti
681 1571 758 1620 morbo
768 1571 890 1629 deperirent

67 1644 95 1691 20
110 1662 148 1701 per
163 1644 289 1691 sacramenti
305 1644 399 1703 speciem
414 1645 437 1692 in
452 1644 572 1704 provincias
588 1644 690 1703 gravioris
706 1644 757 1693 caeli
774 1644 891 1692 distribuit.

151 1716 212 1764 Pater
227 1717 321 1764 Senecae
336 1737 475 1764 communem
491 1717 513 1764 in
530 1717 603 1765 locum
618 1717 671 1765 abiit
686 1717 782 1775 Tyberio
798 1717 891 1774 impera-

109 1801 163 1842 tore;
179 1802 246 1837 mater
260 1808 311 1837 vero
323 1790 408 1848 longius
420 1790 494 1838 vivens
506 1810 562 1848 quae
574 1791 596 1838 in
609 1790 713 1848 Hispania
725 1789 820 1838 filiorum
831 1801 891 1837 erant

104 1861 238 1918 ¹patrimonia
247 1861 374 1920 gubernavit
384 1883 408 1909 ea
419 1862 528 1920 diligentia
538 1875 560 1909 et
568 1863 612 1910 fide
622 1863 682 1921 quod
691 1881 737 1910 rem
747 1883 808 1909 suam
818 1881 892 1909 curare

110 1934 149 1982 sed
161 1935 269 1983 abstinere
282 1948 386 1994 tanquam
399 1936 467 1990 aliena
481 1954 569 1994 prorsus
582 1936 698 1985 videretur.
712 1935 839 1984 Cordubam
852 1935 891 1983 Se-

69 2008 97 2054 25
112 2028 168 2055 neca
176 2029 220 2055 non
231 2009 358 2066 priusquam
369 2022 424 2057 esset
435 2030 500 2057 senex
511 2028 608 2057 reversus
619 2022 659 2057 est.
670 2008 735 2057 Tunc
743 2009 801 2056 enim
809 2009 832 2056 in
840 2007 893 2057 sub»

111 2080 219 2128 urbanum
235 2101 299 2129 suum
314 2101 365 2129 cum
380 2082 480 2135 venisset,
492 2101 623 2141 quocunque
633 2102 656 2130 se
666 2094 758 2131 verteret
767 2093 893 2139 argumenta

111 2154 227 2201 senectutis
242 2173 293 2201 suae
305 2154 366 2207 vidit,
380 2155 440 2213 quod
453 2154 503 2202 hinc
516 2174 570 2213 quas
583 2174 649 2206 manu
662 2174 700 2211 sua
712 2154 800 2202 sevisset
813 2153 893 2218 platani

63 2280 64 2283 Ἴ
92 2260 94 2263 -
112 2225 154 2273 iam
169 2237 274 2273 vetustate
289 2226 418 2284 squalerent,
435 2227 486 2274 inde
501 2246 557 2284 quae
572 2224 730 2278 exaedificasset
746 2227 792 2285 ipse
808 2225 894 2276 delabe-

112 2311 196 2352 rentur
201 2318 225 2346 ac
240 2312 333 2354 ruerent
350 2298 407 2348 vilici
423 2320 511 2359 quoque
526 2298 602 2354 lilium,
619 2319 685 2358 quern
702 2298 820 2347 abscedens
841 2319 894 2357 pue-

71 2372 99 2420 30
114 2392 163 2421 rum
178 2356 305 2436 reliquisset,
319 2394 392 2422 senem
404 2394 463 2422 nunc
474 2394 498 2421 ac
511 2374 662 2432 decrepitum'
656 2373 769 2422 inveniret.

155 2446 247 2495 Romae
247 2459 330 2501 autern,
343 2467 476 2507 quamquam
487 2446 613 2505 peregrinus
625 2459 653 2494 et
657 2441 727 2494 {ultus
732 2430 895 2493 necessitudine

79 2537 80 2540 ’
113 2519 171 2568 nulla
186 2533 248 2576 esset,
257 2521 324 2569 crevit
332 2533 405 2569 tamen
413 2533 434 2570 et
443 2520 521 2580 opibus
530 2532 551 2583 et
559 2519 616 2568 lama
625 2540 691 2579 quam
699 2518 798 2567 maxime.
807 2517 895 2576 Quippe

113 2592 135 2639 in
151 2592 198 2640 loro
212 2606 308 2641 versatus
324 2594 407 2651 egregie
424 2594 543 2651 patrocinio
560 2593 633 2641 multis
650 2592 698 2640 tuit.
714 2593 743 2639 'ln
759 2591 896 2649 philosophia

114 2683 164 2712 vero
179 2665 208 2712 ita
223 2665 322 2714 excelluit
333 2666 393 2724 quod
404 2685 484 2723 paucos
495 2665 583 2713 haberet
594 2665 663 2712 Roma
674 2665 712 2723 qui
723 2664 788 2711 etiam
798 2676 897 2720 tempore
958 2658 959 2662 Ἰ

73 2787 213 2799 -.ἣ-ρ-

113 2855 132 2899 8.
146 2865 226 2908 gratum
237 2865 257 2899 et
270 2853 328 2901 dulce
342 2861 355 2900 ι’.
370 2873 386 2899 r.
401 2854 452 2910 (erat
464 2844 522 2900 dulce
531 2872 554 2898 ac
563 2853 649 2908 gratum)
658 2851 678 2897 Ο
687 2850 745 2896 dulce
754 2870 777 2896 ac
786 2863 864 2905 gratum
873 2850 897 2895 F.

75 2917 105 2963 l3.
120 2920 258 2967 Ex'Tiberius
271 2941 320 2966 corr.
335 2923 403 2974 (etiam
417 2928 436 2964 in
451 2921 521 2975 indice)
536 2920 556 2964 O
569 2920 664 2965 Tiberius
679 2920 701 2963 F.
743 2931 744 2934 ’
