<?xml version="1.0" encoding="UTF-8"?>
<!DOCTYPE html PUBLIC "-//W3C//DTD XHTML 1.0 Transitional//EN"
    "http://www.w3.org/TR/xhtml1/DTD/xhtml1-transitional.dtd">
<html xmlns="http://www.w3.org/1999/xhtml" xml:lang="en" lang="en">
 <head>
  <title>
</title>
<meta http-equiv="Content-Type" content="text/html;charset=utf-8" />
  <meta name='ocr-system' content='tesseract 3.04.00' />
  <meta name='ocr-capabilities' content='ocr_page ocr_carea ocr_par ocr_line ocrx_word'/>
</head>
<body>
  <div class='ocr_page' id='page_1' title='image "MN40033ucmf_2_0517.png"; bbox 0 0 2093 3253; ppageno 0'>
   <div class='ocr_carea' id='block_1_1' title="bbox 213 159 898 221">
    <p class='ocr_par' dir='ltr' id='par_1_1' title="bbox 213 159 898 221">
     <span class='ocr_line' id='line_1_1' title="bbox 213 159 898 221; baseline -0.003 -11"><span class='ocrx_word' id='word_1_1' title='bbox 213 159 214 162; x_wconf 58' lang='grc'>’</span> <span class='ocrx_word' id='word_1_2' title='bbox 264 177 398 210; x_wconf 72' lang='lat' dir='ltr'>scriptorium</span> <span class='ocrx_word' id='word_1_3' title='bbox 413 177 540 221; x_wconf 80' lang='lat' dir='ltr'>rmusmruu</span> <span class='ocrx_word' id='word_1_4' title='bbox 553 188 567 194; x_wconf 85' lang='lat'><em>—</em></span> <span class='ocrx_word' id='word_1_5' title='bbox 581 177 640 218; x_wconf 76' lang='lat' dir='ltr'>tissa</span> <span class='ocrx_word' id='word_1_6' title='bbox 653 177 694 207; x_wconf 83' lang='lat' dir='ltr'>xvi.</span> <span class='ocrx_word' id='word_1_7' title='bbox 848 163 898 209; x_wconf 47' lang='grc' dir='ltr'>413Ἰ</span> 
     </span>
    </p>
   </div>
   <div class='ocr_carea' id='block_1_2' title="bbox 65 290 939 716">
    <p class='ocr_par' dir='ltr' id='par_1_2' title="bbox 65 290 939 716">
     <span class='ocr_line' id='line_1_2' title="bbox 104 290 888 352; baseline 0 -10"><span class='ocrx_word' id='word_1_8' title='bbox 104 294 163 342; x_wconf 92' lang='lat' dir='ltr'>enim</span> <span class='ocrx_word' id='word_1_9' title='bbox 178 293 255 341; x_wconf 88' lang='lat' dir='ltr'>Cicero</span> <span class='ocrx_word' id='word_1_10' title='bbox 269 293 300 340; x_wconf 89' lang='lat' dir='ltr'>illi</span> <span class='ocrx_word' id='word_1_11' title='bbox 312 293 373 352; x_wconf 91' lang='lat' dir='ltr'>quod</span> <span class='ocrx_word' id='word_1_12' title='bbox 384 313 407 340; x_wconf 86' lang='lat' dir='ltr'>se</span> <span class='ocrx_word' id='word_1_13' title='bbox 420 292 553 341; x_wconf 83' lang='lat' dir='ltr'>muliebriter</span> <span class='ocrx_word' id='word_1_14' title='bbox 566 290 704 351; x_wconf 82' lang='lat' dir='ltr'>Nichomedi,</span> <span class='ocrx_word' id='word_1_15' title='bbox 718 292 762 350; x_wconf 80' lang='lat' dir='ltr'>regi</span> <span class='ocrx_word' id='word_1_16' title='bbox 774 294 888 352; x_wconf 80' lang='lat' dir='ltr'>Bythynie,</span> 
     </span>
     <span class='ocr_line' id='line_1_3' title="bbox 105 365 888 425; baseline -0.003 -10"><span class='ocrx_word' id='word_1_17' title='bbox 105 367 236 425; x_wconf 63' lang='lat' dir='ltr'>subegisset:</span> <span class='ocrx_word' id='word_1_18' title='bbox 245 365 323 424; x_wconf 86' lang='lat' dir='ltr'>Neque</span> <span class='ocrx_word' id='word_1_19' title='bbox 335 384 386 413; x_wconf 87' lang='lat' dir='ltr'>vero</span> <span class='ocrx_word' id='word_1_20' title='bbox 398 366 471 424; x_wconf 89' lang='lat' dir='ltr'>ipsum</span> <span class='ocrx_word' id='word_1_21' title='bbox 483 378 520 413; x_wconf 88' lang='lat' dir='ltr'>aut</span> <span class='ocrx_word' id='word_1_22' title='bbox 531 365 650 414; x_wconf 82' lang='lat' dir='ltr'>reverentia</span> <span class='ocrx_word' id='word_1_23' title='bbox 661 378 699 412; x_wconf 85' lang='lat' dir='ltr'>aut</span> <span class='ocrx_word' id='word_1_24' title='bbox 712 378 782 413; x_wconf 88' lang='lat' dir='ltr'>metus</span> <span class='ocrx_word' id='word_1_25' title='bbox 794 367 824 414; x_wconf 85' lang='lat' dir='ltr'>ita</span> <span class='ocrx_word' id='word_1_26' title='bbox 835 386 888 414; x_wconf 83' lang='lat' dir='ltr'>con-</span> 
     </span>
     <span class='ocr_line' id='line_1_4' title="bbox 104 437 939 498; baseline -0.002 -11"><span class='ocrx_word' id='word_1_27' title='bbox 104 438 170 487; x_wconf 81' lang='lat' dir='ltr'>tinuit</span> <span class='ocrx_word' id='word_1_28' title='bbox 184 438 245 498; x_wconf 93' lang='lat' dir='ltr'>quod</span> <span class='ocrx_word' id='word_1_29' title='bbox 259 438 374 486; x_wconf 83' lang='lat' dir='ltr'>Caesarem</span> <span class='ocrx_word' id='word_1_30' title='bbox 386 437 467 495; x_wconf 86' lang='lat' dir='ltr'>ipsum,</span> <span class='ocrx_word' id='word_1_31' title='bbox 480 457 531 485; x_wconf 92' lang='lat' dir='ltr'>cum</span> <span class='ocrx_word' id='word_1_32' title='bbox 544 448 601 485; x_wconf 87' lang='lat' dir='ltr'>esset</span> <span class='ocrx_word' id='word_1_33' title='bbox 614 437 706 485; x_wconf 87' lang='lat' dir='ltr'>dictator</span> <span class='ocrx_word' id='word_1_34' title='bbox 718 457 743 485; x_wconf 91' lang='lat' dir='ltr'>ac</span> <span class='ocrx_word' id='word_1_35' title='bbox 757 438 807 486; x_wconf 92' lang='lat' dir='ltr'>belli</span> <span class='ocrx_word' id='word_1_36' title='bbox 821 439 890 487; x_wconf 86' lang='lat' dir='ltr'>victor</span> <span class='ocrx_word' id='word_1_37' title='bbox 937 477 939 480; x_wconf 59' lang='grc'>,</span> 
     </span>
     <span class='ocr_line' id='line_1_5' title="bbox 105 508 890 569; baseline -0.004 -7"><span class='ocrx_word' id='word_1_38' title='bbox 105 532 217 562; x_wconf 89' lang='lat' dir='ltr'>summum</span> <span class='ocrx_word' id='word_1_39' title='bbox 236 511 302 560; x_wconf 89' lang='lat' dir='ltr'>etiam</span> <span class='ocrx_word' id='word_1_40' title='bbox 321 510 438 569; x_wconf 89' lang='lat' dir='ltr'>imperium</span> <span class='ocrx_word' id='word_1_41' title='bbox 456 509 570 565; x_wconf 85' lang='lat' dir='ltr'>obtineret,</span> <span class='ocrx_word' id='word_1_42' title='bbox 595 529 639 558; x_wconf 90' lang='lat' dir='ltr'>non</span> <span class='ocrx_word' id='word_1_43' title='bbox 661 508 779 569; x_wconf 86' lang='lat' dir='ltr'>aliquando</span> <span class='ocrx_word' id='word_1_44' title='bbox 800 509 890 560; x_wconf 88' lang='lat' dir='ltr'>huiusce</span> 
     </span>
     <span class='ocr_line' id='line_1_6' title="bbox 65 583 901 642; baseline -0.002 -9"><span class='ocrx_word' id='word_1_45' title='bbox 65 629 67 633; x_wconf 91' lang='lat'>.</span> <span class='ocrx_word' id='word_1_46' title='bbox 79 588 92 636; x_wconf 82' lang='grc'><strong><em>5</em></strong></span> <span class='ocrx_word' id='word_1_47' title='bbox 108 585 190 634; x_wconf 85' lang='lat' dir='ltr'>lacetiis</span> <span class='ocrx_word' id='word_1_48' title='bbox 205 585 344 633; x_wconf 77' lang='lat' dir='ltr'>remorderet.</span> <span class='ocrx_word' id='word_1_49' title='bbox 359 584 494 641; x_wconf 77' lang='lat' dir='ltr'>interogatus</span> <span class='ocrx_word' id='word_1_50' title='bbox 506 604 593 642; x_wconf 87' lang='lat' dir='ltr'>nanque</span> <span class='ocrx_word' id='word_1_51' title='bbox 605 583 632 632; x_wconf 90' lang='lat' dir='ltr'>ab</span> <span class='ocrx_word' id='word_1_52' title='bbox 645 604 671 632; x_wconf 92' lang='lat' dir='ltr'>eo</span> <span class='ocrx_word' id='word_1_53' title='bbox 683 587 722 632; x_wconf 89' lang='lat' dir='ltr'>cur</span> <span class='ocrx_word' id='word_1_54' title='bbox 734 584 811 632; x_wconf 89' lang='lat' dir='ltr'>doctus</span> <span class='ocrx_word' id='word_1_55' title='bbox 823 583 901 633; x_wconf 83' lang='lat' dir='ltr'>virae.</span> 
     </span>
     <span class='ocr_line' id='line_1_7' title="bbox 107 655 888 716; baseline -0.004 -10"><span class='ocrx_word' id='word_1_56' title='bbox 107 657 203 716; x_wconf 90' lang='lat' dir='ltr'>prudens</span> <span class='ocrx_word' id='word_1_57' title='bbox 222 657 245 705; x_wconf 91' lang='lat' dir='ltr'>in</span> <span class='ocrx_word' id='word_1_58' title='bbox 264 657 360 714; x_wconf 89' lang='lat' dir='ltr'>partium</span> <span class='ocrx_word' id='word_1_59' title='bbox 378 656 483 715; x_wconf 70' lang='lat' dir='ltr'>electione</span> <span class='ocrx_word' id='word_1_60' title='bbox 501 667 613 714; x_wconf 79' lang='lat' dir='ltr'>tantopere</span> <span class='ocrx_word' id='word_1_61' title='bbox 632 655 750 704; x_wconf 77' lang='lat' dir='ltr'>aberrasset</span> <span class='ocrx_word' id='word_1_62' title='bbox 769 656 888 716; x_wconf 84' lang='lat' dir='ltr'>respondit:</span> 
     </span>
    </p>
   </div>
   <div class='ocr_carea' id='block_1_3' title="bbox 107 727 958 788">
    <p class='ocr_par' dir='ltr' id='par_1_3' title="bbox 107 727 958 788">
     <span class='ocr_line' id='line_1_8' title="bbox 107 727 958 788; baseline -0.004 -8"><span class='ocrx_word' id='word_1_63' title='bbox 107 731 274 780; x_wconf 75' lang='lat' dir='ltr'>«Praecinctura</span> <span class='ocrx_word' id='word_1_64' title='bbox 287 749 322 778; x_wconf 90' lang='lat' dir='ltr'>me</span> <span class='ocrx_word' id='word_1_65' title='bbox 336 729 447 788; x_wconf 78' lang='lat' dir='ltr'>decepit.»</span> <span class='ocrx_word' id='word_1_66' title='bbox 460 727 555 778; x_wconf 87' lang='lat' dir='ltr'>Puerum</span> <span class='ocrx_word' id='word_1_67' title='bbox 568 727 627 778; x_wconf 90' lang='lat' dir='ltr'>enim</span> <span class='ocrx_word' id='word_1_68' title='bbox 637 727 752 778; x_wconf 83' lang='lat' dir='ltr'>Caesarem</span> <span class='ocrx_word' id='word_1_69' title='bbox 763 728 818 787; x_wconf 90' lang='lat' dir='ltr'>male</span> <span class='ocrx_word' id='word_1_70' title='bbox 828 749 890 788; x_wconf 74' lang='lat' dir='ltr'>prae-v</span> <span class='ocrx_word' id='word_1_71' title='bbox 957 763 958 766; x_wconf 55' lang='lat'><em>=</em></span> 
     </span>
    </p>
   </div>
   <div class='ocr_carea' id='block_1_4' title="bbox 64 801 923 2597">
    <p class='ocr_par' dir='ltr' id='par_1_4' title="bbox 64 801 923 2597">
     <span class='ocr_line' id='line_1_9' title="bbox 107 801 891 861; baseline 0 -10"><span class='ocrx_word' id='word_1_72' title='bbox 107 804 204 852; x_wconf 92' lang='lat' dir='ltr'>cinctum</span> <span class='ocrx_word' id='word_1_73' title='bbox 217 801 361 861; x_wconf 83' lang='lat' dir='ltr'>appellaverat</span> <span class='ocrx_word' id='word_1_74' title='bbox 374 801 432 860; x_wconf 77' lang='lat' dir='ltr'>Sylla</span> <span class='ocrx_word' id='word_1_75' title='bbox 445 813 466 850; x_wconf 88' lang='lat' dir='ltr'>et</span> <span class='ocrx_word' id='word_1_76' title='bbox 478 801 506 850; x_wconf 92' lang='lat' dir='ltr'>ab</span> <span class='ocrx_word' id='word_1_77' title='bbox 519 822 545 850; x_wconf 90' lang='lat' dir='ltr'>eo</span> <span class='ocrx_word' id='word_1_78' title='bbox 557 801 678 850; x_wconf 89' lang='lat' dir='ltr'>cavendum</span> <span class='ocrx_word' id='word_1_79' title='bbox 691 822 737 850; x_wconf 90' lang='lat' dir='ltr'>esse</span> <span class='ocrx_word' id='word_1_80' title='bbox 749 803 891 861; x_wconf 62' lang='lat' dir='ltr'>praedixerat.</span> 
     </span>
     <span class='ocr_line' id='line_1_10' title="bbox 107 873 892 933; baseline -0.003 -9"><span class='ocrx_word' id='word_1_81' title='bbox 107 875 206 924; x_wconf 80' lang='lat' dir='ltr'>Androni</span> <span class='ocrx_word' id='word_1_82' title='bbox 219 885 293 923; x_wconf 88' lang='lat' dir='ltr'>autem</span> <span class='ocrx_word' id='word_1_83' title='bbox 306 873 436 927; x_wconf 80' lang='lat' dir='ltr'>Laodicena,</span> <span class='ocrx_word' id='word_1_84' title='bbox 450 873 488 932; x_wconf 92' lang='lat' dir='ltr'>qui</span> <span class='ocrx_word' id='word_1_85' title='bbox 501 892 541 931; x_wconf 90' lang='lat' dir='ltr'>pro</span> <span class='ocrx_word' id='word_1_86' title='bbox 554 873 652 922; x_wconf 84' lang='lat' dir='ltr'>libertate</span> <span class='ocrx_word' id='word_1_87' title='bbox 664 875 745 932; x_wconf 85' lang='lat' dir='ltr'>patriae</span> <span class='ocrx_word' id='word_1_88' title='bbox 758 894 814 930; x_wconf 51' lang='lat' dir='ltr'>suae¹</span> <span class='ocrx_word' id='word_1_89' title='bbox 822 875 892 933; x_wconf 89' lang='lat' dir='ltr'>impe-</span> 
     </span>
     <span class='ocr_line' id='line_1_11' title="bbox 69 946 913 1005; baseline -0.002 -8"><span class='ocrx_word' id='word_1_90' title='bbox 69 949 95 998; x_wconf 83' lang='lat' dir='ltr'>lO</span> <span class='ocrx_word' id='word_1_91' title='bbox 109 948 186 996; x_wconf 90' lang='lat' dir='ltr'>tranda</span> <span class='ocrx_word' id='word_1_92' title='bbox 200 947 295 1005; x_wconf 83' lang='lat' dir='ltr'>legatum</span> <span class='ocrx_word' id='word_1_93' title='bbox 309 967 332 995; x_wconf 90' lang='lat' dir='ltr'>se</span> <span class='ocrx_word' id='word_1_94' title='bbox 346 947 431 995; x_wconf 89' lang='lat' dir='ltr'>venisse</span> <span class='ocrx_word' id='word_1_95' title='bbox 444 946 473 994; x_wconf 89' lang='lat' dir='ltr'>ad</span> <span class='ocrx_word' id='word_1_96' title='bbox 487 946 601 995; x_wconf 86' lang='lat' dir='ltr'>Caesarem</span> <span class='ocrx_word' id='word_1_97' title='bbox 616 947 703 1002; x_wconf 85' lang='lat' dir='ltr'>diceret,</span> <span class='ocrx_word' id='word_1_98' title='bbox 718 949 836 1005; x_wconf 75' lang='lat' dir='ltr'>respondit:</span> <span class='ocrx_word' id='word_1_99' title='bbox 851 949 892 996; x_wconf 75' lang='lat' dir='ltr'>«Si</span> <span class='ocrx_word' id='word_1_100' title='bbox 909 994 913 1004; x_wconf 46' lang='lat'>,</span> 
     </span>
     <span class='ocr_line' id='line_1_12' title="bbox 109 1018 893 1078; baseline -0.001 -9"><span class='ocrx_word' id='word_1_101' title='bbox 109 1019 235 1076; x_wconf 84' lang='lat' dir='ltr'>obtinueris,</span> <span class='ocrx_word' id='word_1_102' title='bbox 250 1020 316 1068; x_wconf 88' lang='lat' dir='ltr'>etiam</span> <span class='ocrx_word' id='word_1_103' title='bbox 329 1038 369 1078; x_wconf 90' lang='lat' dir='ltr'>pro</span> <span class='ocrx_word' id='word_1_104' title='bbox 383 1018 446 1068; x_wconf 90' lang='lat' dir='ltr'>nobis</span> <span class='ocrx_word' id='word_1_105' title='bbox 460 1019 579 1068; x_wconf 88' lang='lat' dir='ltr'>intercedas</span> <span class='ocrx_word' id='word_1_106' title='bbox 594 1037 639 1067; x_wconf 88' lang='lat' dir='ltr'>oro.</span> <span class='ocrx_word' id='word_1_107' title='bbox 650 1035 659 1059; x_wconf 85' lang='grc'><em>»</em></span> <span class='ocrx_word' id='word_1_108' title='bbox 673 1018 751 1077; x_wconf 88' lang='lat' dir='ltr'>Neque</span> <span class='ocrx_word' id='word_1_109' title='bbox 766 1020 807 1068; x_wconf 90' lang='lat' dir='ltr'>hoc</span> <span class='ocrx_word' id='word_1_110' title='bbox 821 1019 893 1068; x_wconf 88' lang='lat' dir='ltr'>minus</span> 
     </span>
     <span class='ocr_line' id='line_1_13' title="bbox 108 1088 894 1152; baseline -0.001 -10"><span class='ocrx_word' id='word_1_111' title='bbox 108 1093 177 1142; x_wconf 79' lang='lat' dir='ltr'>lacete</span> <span class='ocrx_word' id='word_1_112' title='bbox 192 1093 253 1141; x_wconf 86' lang='lat' dir='ltr'>dixit.</span> <span class='ocrx_word' id='word_1_113' title='bbox 270 1093 331 1141; x_wconf 86' lang='lat' dir='ltr'>Bruti</span> <span class='ocrx_word' id='word_1_114' title='bbox 347 1105 415 1141; x_wconf 91' lang='lat' dir='ltr'>matre</span> <span class='ocrx_word' id='word_1_115' title='bbox 430 1088 520 1142; x_wconf 87' lang='lat' dir='ltr'>Servilia</span> <span class='ocrx_word' id='word_1_116' title='bbox 534 1112 559 1141; x_wconf 85' lang='lat' dir='ltr'>ac</span> <span class='ocrx_word' id='word_1_117' title='bbox 575 1110 648 1140; x_wconf 88' lang='lat' dir='ltr'>sorore</span> <span class='ocrx_word' id='word_1_118' title='bbox 665 1092 725 1150; x_wconf 86' lang='lat' dir='ltr'>lunia</span> <span class='ocrx_word' id='word_1_119' title='bbox 741 1091 822 1148; x_wconf 86' lang='lat' dir='ltr'>Tertia,</span> <span class='ocrx_word' id='word_1_120' title='bbox 839 1114 894 1152; x_wconf 87' lang='lat' dir='ltr'>quae</span> 
     </span>
     <span class='ocr_line' id='line_1_14' title="bbox 110 1157 895 1221; baseline 0.001 -9"><span class='ocrx_word' id='word_1_121' title='bbox 110 1165 179 1212; x_wconf 89' lang='lat' dir='ltr'>Cassii</span> <span class='ocrx_word' id='word_1_122' title='bbox 194 1184 248 1212; x_wconf 85' lang='lat' dir='ltr'>uxor</span> <span class='ocrx_word' id='word_1_123' title='bbox 263 1178 314 1218; x_wconf 88' lang='lat' dir='ltr'>erat,</span> <span class='ocrx_word' id='word_1_124' title='bbox 329 1164 459 1212; x_wconf 84' lang='lat' dir='ltr'>abutebatur</span> <span class='ocrx_word' id='word_1_125' title='bbox 474 1165 553 1212; x_wconf 70' lang='lat' dir='ltr'>Caesar</span> <span class='ocrx_word' id='word_1_126' title='bbox 567 1157 697 1221; x_wconf 77' lang='lat' dir='ltr'>easdemqire</span> <span class='ocrx_word' id='word_1_127' title='bbox 711 1166 735 1212; x_wconf 90' lang='lat' dir='ltr'>in</span> <span class='ocrx_word' id='word_1_128' title='bbox 748 1185 828 1219; x_wconf 87' lang='lat' dir='ltr'>amore,</span> <span class='ocrx_word' id='word_1_129' title='bbox 843 1187 895 1213; x_wconf 89' lang='lat' dir='ltr'>cum</span> 
     </span>
     <span class='ocr_line' id='line_1_15' title="bbox 106 1236 895 1302; baseline 0 -18"><span class='ocrx_word' id='word_1_130' title='bbox 106 1256 133 1300; x_wconf 32' lang='lat' dir='ltr'>,re</span> <span class='ocrx_word' id='word_1_131' title='bbox 148 1257 192 1284; x_wconf 95' lang='lat' dir='ltr'>non</span> <span class='ocrx_word' id='word_1_132' title='bbox 207 1249 287 1295; x_wconf 91' lang='lat' dir='ltr'>posset,</span> <span class='ocrx_word' id='word_1_133' title='bbox 303 1249 328 1285; x_wconf 89' lang='lat' dir='ltr'>ut</span> <span class='ocrx_word' id='word_1_134' title='bbox 344 1236 413 1285; x_wconf 84' lang='lat' dir='ltr'>solent</span> <span class='ocrx_word' id='word_1_135' title='bbox 429 1257 498 1290; x_wconf 89' lang='lat' dir='ltr'>senes,</span> <span class='ocrx_word' id='word_1_136' title='bbox 515 1236 609 1285; x_wconf 87' lang='lat' dir='ltr'>donariis</span> <span class='ocrx_word' id='word_1_137' title='bbox 625 1237 738 1302; x_wconf 85' lang='lat' dir='ltr'>retinebat.</span> <span class='ocrx_word' id='word_1_138' title='bbox 754 1237 814 1286; x_wconf 88' lang='lat' dir='ltr'>Bona</span> <span class='ocrx_word' id='word_1_139' title='bbox 829 1238 895 1296; x_wconf 82' lang='lat' dir='ltr'>igitur</span> 
     </span>
     <span class='ocr_line' id='line_1_16' title="bbox 71 1308 901 1368; baseline -0.001 -9"><span class='ocrx_word' id='word_1_140' title='bbox 71 1312 96 1359; x_wconf 85' lang='grc'>15</span> <span class='ocrx_word' id='word_1_141' title='bbox 112 1310 193 1358; x_wconf 88' lang='lat' dir='ltr'>civium</span> <span class='ocrx_word' id='word_1_142' title='bbox 207 1308 306 1358; x_wconf 77' lang='lat' dir='ltr'>factionis</span> <span class='ocrx_word' id='word_1_143' title='bbox 318 1309 461 1368; x_wconf 87' lang='lat' dir='ltr'>Pompeianae</span> <span class='ocrx_word' id='word_1_144' title='bbox 472 1311 568 1358; x_wconf 87' lang='lat' dir='ltr'>vendens</span> <span class='ocrx_word' id='word_1_145' title='bbox 579 1329 655 1367; x_wconf 80' lang='lat' dir='ltr'>agrum</span> <span class='ocrx_word' id='word_1_146' title='bbox 666 1309 739 1367; x_wconf 89' lang='lat' dir='ltr'>precio</span> <span class='ocrx_word' id='word_1_147' title='bbox 750 1309 814 1368; x_wconf 86' lang='lat' dir='ltr'>longe</span> <span class='ocrx_word' id='word_1_148' title='bbox 826 1311 901 1360; x_wconf 89' lang='lat' dir='ltr'>mino-.</span> 
     </span>
     <span class='ocr_line' id='line_1_17' title="bbox 111 1381 895 1442; baseline 0.001 -11"><span class='ocrx_word' id='word_1_149' title='bbox 111 1385 129 1431; x_wconf 90' lang='lat' dir='ltr'>ri</span> <span class='ocrx_word' id='word_1_150' title='bbox 143 1384 201 1432; x_wconf 88' lang='lat' dir='ltr'>iusto</span> <span class='ocrx_word' id='word_1_151' title='bbox 212 1383 272 1431; x_wconf 87' lang='lat' dir='ltr'>dedit</span> <span class='ocrx_word' id='word_1_152' title='bbox 288 1382 398 1431; x_wconf 85' lang='lat' dir='ltr'>Serviliae.</span> <span class='ocrx_word' id='word_1_153' title='bbox 414 1381 463 1439; x_wconf 91' lang='lat' dir='ltr'>Qua</span> <span class='ocrx_word' id='word_1_154' title='bbox 474 1383 501 1431; x_wconf 91' lang='lat' dir='ltr'>de</span> <span class='ocrx_word' id='word_1_155' title='bbox 512 1401 535 1431; x_wconf 91' lang='lat' dir='ltr'>re</span> <span class='ocrx_word' id='word_1_156' title='bbox 545 1381 702 1431; x_wconf 86' lang='lat' dir='ltr'>admirantibus</span> <span class='ocrx_word' id='word_1_157' title='bbox 714 1382 752 1442; x_wconf 84' lang='lat' dir='ltr'>qui</span> <span class='ocrx_word' id='word_1_158' title='bbox 763 1382 863 1431; x_wconf 87' lang='lat' dir='ltr'>adessent</span> <span class='ocrx_word' id='word_1_159' title='bbox 874 1398 895 1432; x_wconf 90' lang='lat' dir='ltr'>et</span> 
     </span>
     <span class='ocr_line' id='line_1_18' title="bbox 112 1453 895 1511; baseline 0 -7"><span class='ocrx_word' id='word_1_160' title='bbox 112 1476 198 1504; x_wconf 88' lang='lat' dir='ltr'>causam</span> <span class='ocrx_word' id='word_1_161' title='bbox 211 1455 318 1507; x_wconf 86' lang='lat' dir='ltr'>nescirent</span> <span class='ocrx_word' id='word_1_162' title='bbox 332 1453 394 1502; x_wconf 83' lang='lat' dir='ltr'>dixit:</span> <span class='ocrx_word' id='word_1_163' title='bbox 407 1454 475 1511; x_wconf 81' lang='lat' dir='ltr'>«Quo</span> <span class='ocrx_word' id='word_1_164' title='bbox 488 1454 565 1502; x_wconf 93' lang='lat' dir='ltr'>melius</span> <span class='ocrx_word' id='word_1_165' title='bbox 578 1466 678 1511; x_wconf 89' lang='lat' dir='ltr'>emptum</span> <span class='ocrx_word' id='word_1_166' title='bbox 691 1454 769 1509; x_wconf 88' lang='lat' dir='ltr'>sciatis,</span> <span class='ocrx_word' id='word_1_167' title='bbox 782 1456 845 1504; x_wconf 88' lang='lat' dir='ltr'>tertia</span> <span class='ocrx_word' id='word_1_168' title='bbox 857 1457 895 1504; x_wconf 86' lang='lat' dir='ltr'>de-</span> 
     </span>
     <span class='ocr_line' id='line_1_19' title="bbox 112 1525 895 1584; baseline 0 -8"><span class='ocrx_word' id='word_1_169' title='bbox 112 1529 177 1576; x_wconf 89' lang='lat' dir='ltr'>ducta</span> <span class='ocrx_word' id='word_1_170' title='bbox 192 1540 250 1576; x_wconf 72' lang='lat' dir='ltr'>est.»</span> <span class='ocrx_word' id='word_1_171' title='bbox 270 1527 315 1576; x_wconf 89' lang='lat' dir='ltr'>Sed</span> <span class='ocrx_word' id='word_1_172' title='bbox 333 1525 364 1574; x_wconf 91' lang='lat' dir='ltr'>illi</span> <span class='ocrx_word' id='word_1_173' title='bbox 383 1526 500 1574; x_wconf 87' lang='lat' dir='ltr'>deductam</span> <span class='ocrx_word' id='word_1_174' title='bbox 518 1526 584 1584; x_wconf 89' lang='lat' dir='ltr'>precii</span> <span class='ocrx_word' id='word_1_175' title='bbox 603 1527 690 1575; x_wconf 88' lang='lat' dir='ltr'>tertiam</span> <span class='ocrx_word' id='word_1_176' title='bbox 708 1539 798 1583; x_wconf 89' lang='lat' dir='ltr'>partem,</span> <span class='ocrx_word' id='word_1_177' title='bbox 819 1528 895 1576; x_wconf 88' lang='lat' dir='ltr'>Cicero</span> 
     </span>
     <span class='ocr_line' id='line_1_20' title="bbox 112 1598 896 1657; baseline -0.004 -8"><span class='ocrx_word' id='word_1_178' title='bbox 112 1613 185 1649; x_wconf 90' lang='lat' dir='ltr'>autem</span> <span class='ocrx_word' id='word_1_179' title='bbox 200 1600 302 1648; x_wconf 89' lang='lat' dir='ltr'>Serviliae</span> <span class='ocrx_word' id='word_1_180' title='bbox 319 1599 393 1653; x_wconf 88' lang='lat' dir='ltr'>filiam,</span> <span class='ocrx_word' id='word_1_181' title='bbox 411 1619 467 1657; x_wconf 87' lang='lat' dir='ltr'>quae</span> <span class='ocrx_word' id='word_1_182' title='bbox 484 1599 572 1657; x_wconf 87' lang='lat' dir='ltr'>nomine</span> <span class='ocrx_word' id='word_1_183' title='bbox 589 1611 701 1646; x_wconf 90' lang='lat' dir='ltr'>vocaretur</span> <span class='ocrx_word' id='word_1_184' title='bbox 718 1598 799 1653; x_wconf 88' lang='lat' dir='ltr'>Tertia,</span> <span class='ocrx_word' id='word_1_185' title='bbox 817 1600 896 1649; x_wconf 79' lang='lat' dir='ltr'>intelli-</span> 
     </span>
     <span class='ocr_line' id='line_1_21' title="bbox 71 1670 898 1731; baseline 0 -10"><span class='ocrx_word' id='word_1_186' title='bbox 71 1676 100 1722; x_wconf 95' lang='grc'>20</span> <span class='ocrx_word' id='word_1_187' title='bbox 114 1674 184 1731; x_wconf 81' lang='lat' dir='ltr'>gebat.</span> <span class='ocrx_word' id='word_1_188' title='bbox 200 1673 292 1731; x_wconf 78' lang='lat' dir='ltr'>Roganti</span> <span class='ocrx_word' id='word_1_189' title='bbox 308 1690 359 1720; x_wconf 92' lang='lat' dir='ltr'>vero</span> <span class='ocrx_word' id='word_1_190' title='bbox 375 1671 398 1720; x_wconf 90' lang='lat' dir='ltr'>P.</span> <span class='ocrx_word' id='word_1_191' title='bbox 415 1670 508 1719; x_wconf 85' lang='lat' dir='ltr'>Manilio</span> <span class='ocrx_word' id='word_1_192' title='bbox 523 1683 547 1718; x_wconf 90' lang='lat' dir='ltr'>ut</span> <span class='ocrx_word' id='word_1_193' title='bbox 563 1671 727 1719; x_wconf 87' lang='lat' dir='ltr'>decurionatum</span> <span class='ocrx_word' id='word_1_194' title='bbox 743 1672 842 1730; x_wconf 81' lang='lat' dir='ltr'>privigno</span> <span class='ocrx_word' id='word_1_195' title='bbox 851 1694 898 1721; x_wconf 86' lang='lat' dir='ltr'>suo</span> 
     </span>
     <span class='ocr_line' id='line_1_22' title="bbox 112 1742 923 1803; baseline -0.001 -8"><span class='ocrx_word' id='word_1_196' title='bbox 112 1746 158 1795; x_wconf 89' lang='lat' dir='ltr'>dari</span> <span class='ocrx_word' id='word_1_197' title='bbox 172 1766 185 1794; x_wconf 92' lang='lat' dir='ltr'>a</span> <span class='ocrx_word' id='word_1_198' title='bbox 200 1744 291 1795; x_wconf 87' lang='lat' dir='ltr'>Caesare</span> <span class='ocrx_word' id='word_1_199' title='bbox 305 1755 388 1803; x_wconf 89' lang='lat' dir='ltr'>peteret</span> <span class='ocrx_word' id='word_1_200' title='bbox 402 1742 521 1802; x_wconf 87' lang='lat' dir='ltr'>respondit:</span> <span class='ocrx_word' id='word_1_201' title='bbox 536 1759 545 1783; x_wconf 67' lang='lat' dir='ltr'>&lt;t</span> <span class='ocrx_word' id='word_1_202' title='bbox 554 1742 636 1792; x_wconf 91' lang='lat' dir='ltr'>Romae</span> <span class='ocrx_word' id='word_1_203' title='bbox 650 1745 668 1793; x_wconf 89' lang='lat' dir='ltr'>si</span> <span class='ocrx_word' id='word_1_204' title='bbox 682 1745 716 1793; x_wconf 91' lang='lat' dir='ltr'>ius</span> <span class='ocrx_word' id='word_1_205' title='bbox 731 1744 898 1795; x_wconf 28' lang='lat' dir='ltr'>baberetvPomn</span> <span class='ocrx_word' id='word_1_206' title='bbox 921 1755 923 1758; x_wconf 79' lang='grc'><strong>“</strong></span> 
     </span>
     <span class='ocr_line' id='line_1_23' title="bbox 113 1815 899 1877; baseline 0.001 -10"><span class='ocrx_word' id='word_1_207' title='bbox 113 1820 182 1877; x_wconf 87' lang='lat' dir='ltr'>peius,</span> <span class='ocrx_word' id='word_1_208' title='bbox 195 1817 282 1867; x_wconf 86' lang='lat' dir='ltr'>difficile</span> <span class='ocrx_word' id='word_1_209' title='bbox 294 1829 377 1866; x_wconf 78' lang='lat' dir='ltr'>esset.»</span> <span class='ocrx_word' id='word_1_210' title='bbox 390 1817 437 1865; x_wconf 89' lang='lat' dir='ltr'>Hac</span> <span class='ocrx_word' id='word_1_211' title='bbox 450 1817 508 1864; x_wconf 92' lang='lat' dir='ltr'>enim</span> <span class='ocrx_word' id='word_1_212' title='bbox 520 1815 596 1865; x_wconf 86' lang='lat' dir='ltr'>lacetia</span> <span class='ocrx_word' id='word_1_213' title='bbox 609 1829 630 1865; x_wconf 86' lang='lat' dir='ltr'>et</span> <span class='ocrx_word' id='word_1_214' title='bbox 642 1819 735 1875; x_wconf 86' lang='lat' dir='ltr'>petentis</span> <span class='ocrx_word' id='word_1_215' title='bbox 748 1819 899 1876; x_wconf 80' lang='lat' dir='ltr'>indignitatem</span> 
     </span>
     <span class='ocr_line' id='line_1_24' title="bbox 111 1889 899 1947; baseline 0 -8"><span class='ocrx_word' id='word_1_216' title='bbox 111 1891 246 1947; x_wconf 13' lang='lat' dir='ltr'>&#39;&#39;etvCaesaris</span> <span class='ocrx_word' id='word_1_217' title='bbox 262 1889 387 1937; x_wconf 78' lang='lat' dir='ltr'>facilitatem</span> <span class='ocrx_word' id='word_1_218' title='bbox 405 1890 428 1936; x_wconf 89' lang='lat' dir='ltr'>in</span> <span class='ocrx_word' id='word_1_219' title='bbox 446 1889 523 1937; x_wconf 86' lang='lat' dir='ltr'>dandis</span> <span class='ocrx_word' id='word_1_220' title='bbox 539 1889 658 1936; x_wconf 91' lang='lat' dir='ltr'>honoribus</span> <span class='ocrx_word' id='word_1_221' title='bbox 676 1891 787 1938; x_wconf 91' lang='lat' dir='ltr'>cavillatus</span> <span class='ocrx_word' id='word_1_222' title='bbox 805 1903 845 1938; x_wconf 87' lang='lat' dir='ltr'>est.</span> <span class='ocrx_word' id='word_1_223' title='bbox 863 1894 899 1939; x_wconf 71' lang='lat' dir='ltr'>Ad</span> 
     </span>
     <span class='ocr_line' id='line_1_25' title="bbox 115 1961 899 2022; baseline 0.001 -9"><span class='ocrx_word' id='word_1_224' title='bbox 115 1963 232 2013; x_wconf 85' lang='lat' dir='ltr'>Laberium</span> <span class='ocrx_word' id='word_1_225' title='bbox 245 1975 325 2018; x_wconf 86' lang='lat' dir='ltr'>autem,</span> <span class='ocrx_word' id='word_1_226' title='bbox 340 1962 377 2022; x_wconf 87' lang='lat' dir='ltr'>qui</span> <span class='ocrx_word' id='word_1_227' title='bbox 392 1962 486 2021; x_wconf 84' lang='lat' dir='ltr'>equestri</span> <span class='ocrx_word' id='word_1_228' title='bbox 500 1981 526 2010; x_wconf 79' lang='lat' dir='ltr'>ex</span> <span class='ocrx_word' id='word_1_229' title='bbox 540 1961 616 2010; x_wconf 90' lang='lat' dir='ltr'>ordine</span> <span class='ocrx_word' id='word_1_230' title='bbox 629 1974 654 2011; x_wconf 92' lang='lat' dir='ltr'>ut</span> <span class='ocrx_word' id='word_1_231' title='bbox 667 1961 703 2011; x_wconf 85' lang='lat' dir='ltr'>alii</span> <span class='ocrx_word' id='word_1_232' title='bbox 717 1962 780 2012; x_wconf 87' lang='lat' dir='ltr'>multi</span> <span class='ocrx_word' id='word_1_233' title='bbox 793 1964 873 2014; x_wconf 86' lang='lat' dir='ltr'>ascitus</span> <span class='ocrx_word' id='word_1_234' title='bbox 887 1986 899 2014; x_wconf 89' lang='lat' dir='ltr'>a</span> 
     </span>
     <span class='ocr_line' id='line_1_26' title="bbox 74 2035 899 2093; baseline 0.001 -8"><span class='ocrx_word' id='word_1_235' title='bbox 74 2038 100 2085; x_wconf 84' lang='grc'>25</span> <span class='ocrx_word' id='word_1_236' title='bbox 116 2037 208 2085; x_wconf 86' lang='lat' dir='ltr'>Caesare</span> <span class='ocrx_word' id='word_1_237' title='bbox 222 2037 278 2084; x_wconf 90' lang='lat' dir='ltr'>inter</span> <span class='ocrx_word' id='word_1_238' title='bbox 293 2048 364 2093; x_wconf 87' lang='lat' dir='ltr'>patres</span> <span class='ocrx_word' id='word_1_239' title='bbox 379 2048 442 2089; x_wconf 90' lang='lat' dir='ltr'>esset,</span> <span class='ocrx_word' id='word_1_240' title='bbox 458 2055 509 2083; x_wconf 93' lang='lat' dir='ltr'>cum</span> <span class='ocrx_word' id='word_1_241' title='bbox 524 2035 593 2092; x_wconf 89' lang='lat' dir='ltr'>plenis</span> <span class='ocrx_word' id='word_1_242' title='bbox 609 2037 696 2084; x_wconf 85' lang='lat' dir='ltr'>sedibus</span> <span class='ocrx_word' id='word_1_243' title='bbox 707 2036 780 2085; x_wconf 87' lang='lat' dir='ltr'>locum</span> <span class='ocrx_word' id='word_1_244' title='bbox 790 2038 813 2086; x_wconf 90' lang='lat' dir='ltr'>in</span> <span class='ocrx_word' id='word_1_245' title='bbox 824 2052 899 2086; x_wconf 84' lang='lat' dir='ltr'>senatu</span> 
     </span>
     <span class='ocr_line' id='line_1_27' title="bbox 115 2108 899 2168; baseline 0.001 -9"><span class='ocrx_word' id='word_1_246' title='bbox 115 2110 205 2159; x_wconf 88' lang='lat' dir='ltr'>sedendi</span> <span class='ocrx_word' id='word_1_247' title='bbox 220 2109 304 2158; x_wconf 87' lang='lat' dir='ltr'>tardius</span> <span class='ocrx_word' id='word_1_248' title='bbox 320 2109 408 2157; x_wconf 85' lang='lat' dir='ltr'>veniens</span> <span class='ocrx_word' id='word_1_249' title='bbox 425 2128 469 2157; x_wconf 89' lang='lat' dir='ltr'>non</span> <span class='ocrx_word' id='word_1_250' title='bbox 485 2108 598 2163; x_wconf 89' lang='lat' dir='ltr'>inveniret,</span> <span class='ocrx_word' id='word_1_251' title='bbox 616 2108 766 2168; x_wconf 69' lang='lat' dir='ltr'>“Reciperem</span> <span class='ocrx_word' id='word_1_252' title='bbox 784 2130 797 2159; x_wconf 94' lang='lat' dir='ltr'>o</span> <span class='ocrx_word' id='word_1_253' title='bbox 814 2110 899 2165; x_wconf 82' lang='lat' dir='ltr'>Laberi,</span> 
     </span>
     <span class='ocr_line' id='line_1_28' title="bbox 114 2175 901 2248; baseline 0.001 -18"><span class='ocrx_word' id='word_1_254' title='bbox 114 2196 143 2237; x_wconf 88' lang='lat' dir='ltr'>te,</span> <span class='ocrx_word' id='word_1_255' title='bbox 153 2200 162 2223; x_wconf 67' lang='lat'>³)</span> <span class='ocrx_word' id='word_1_256' title='bbox 175 2183 253 2231; x_wconf 90' lang='lat' dir='ltr'>Cicero</span> <span class='ocrx_word' id='word_1_257' title='bbox 265 2182 343 2240; x_wconf 87' lang='lat' dir='ltr'>inquit,</span> <span class='ocrx_word' id='word_1_258' title='bbox 356 2198 366 2222; x_wconf 72' lang='lat' dir='ltr'>s</span> <span class='ocrx_word' id='word_1_259' title='bbox 374 2183 396 2228; x_wconf 93' lang='lat' dir='ltr'>ni</span> <span class='ocrx_word' id='word_1_260' title='bbox 408 2175 499 2239; x_wconf 76' lang='lat' dir='ltr'>anguste</span> <span class='ocrx_word' id='word_1_261' title='bbox 516 2181 641 2229; x_wconf 80' lang='lat' dir='ltr'>sederem.»</span> <span class='ocrx_word' id='word_1_262' title='bbox 662 2181 711 2248; x_wconf 89' lang='lat' dir='ltr'>Hoc</span> <span class='ocrx_word' id='word_1_263' title='bbox 727 2183 786 2231; x_wconf 91' lang='lat' dir='ltr'>enim</span> <span class='ocrx_word' id='word_1_264' title='bbox 803 2184 862 2231; x_wconf 89' lang='lat' dir='ltr'>dicto</span> <span class='ocrx_word' id='word_1_265' title='bbox 879 2198 901 2231; x_wconf 87' lang='lat' dir='ltr'>et</span> 
     </span>
     <span class='ocr_line' id='line_1_29' title="bbox 115 2246 900 2312; baseline 0 -10"><span class='ocrx_word' id='word_1_266' title='bbox 115 2255 146 2303; x_wconf 91' lang='lat' dir='ltr'>illi</span> <span class='ocrx_word' id='word_1_267' title='bbox 158 2246 276 2303; x_wconf 88' lang='lat' dir='ltr'>novitatem</span> <span class='ocrx_word' id='word_1_268' title='bbox 286 2255 365 2303; x_wconf 89' lang='lat' dir='ltr'>obiecit</span> <span class='ocrx_word' id='word_1_269' title='bbox 378 2267 399 2302; x_wconf 88' lang='lat' dir='ltr'>et</span> <span class='ocrx_word' id='word_1_270' title='bbox 412 2253 533 2307; x_wconf 87' lang='lat' dir='ltr'>Caesarem,</span> <span class='ocrx_word' id='word_1_271' title='bbox 547 2254 608 2311; x_wconf 90' lang='lat' dir='ltr'>quod</span> <span class='ocrx_word' id='word_1_272' title='bbox 617 2273 683 2312; x_wconf 87' lang='lat' dir='ltr'>supra</span> <span class='ocrx_word' id='word_1_273' title='bbox 696 2256 786 2303; x_wconf 90' lang='lat' dir='ltr'>modum</span> <span class='ocrx_word' id='word_1_274' title='bbox 798 2276 823 2303; x_wconf 91' lang='lat' dir='ltr'>ac</span> <span class='ocrx_word' id='word_1_275' title='bbox 841 2258 900 2304; x_wconf 88' lang='lat' dir='ltr'>omni</span> 
     </span>
     <span class='ocr_line' id='line_1_30' title="bbox 115 2320 901 2384; baseline 0.001 -9"><span class='ocrx_word' id='word_1_276' title='bbox 115 2320 141 2375; x_wconf 77' lang='lat' dir='ltr'>ei&lt;</span> <span class='ocrx_word' id='word_1_277' title='bbox 150 2326 242 2375; x_wconf 87' lang='lat' dir='ltr'>colluvie</span> <span class='ocrx_word' id='word_1_278' title='bbox 252 2345 368 2381; x_wconf 83' lang='lat' dir='ltr'>numerum</span> <span class='ocrx_word' id='word_1_279' title='bbox 378 2337 464 2374; x_wconf 86' lang='lat' dir='ltr'>senatus</span> <span class='ocrx_word' id='word_1_280' title='bbox 474 2325 574 2378; x_wconf 87' lang='lat' dir='ltr'>auxisset,</span> <span class='ocrx_word' id='word_1_281' title='bbox 585 2325 710 2384; x_wconf 88' lang='lat' dir='ltr'>increpavit.</span> <span class='ocrx_word' id='word_1_282' title='bbox 720 2327 818 2376; x_wconf 77' lang='lat' dir='ltr'>sednon</span> <span class='ocrx_word' id='word_1_283' title='bbox 829 2329 901 2377; x_wconf 91' lang='lat' dir='ltr'>minus</span> 
     </span>
     <span class='ocr_line' id='line_1_31' title="bbox 74 2396 911 2463; baseline -0.002 -13"><span class='ocrx_word' id='word_1_284' title='bbox 74 2402 110 2463; x_wconf 77' lang='lat'>30</span> <span class='ocrx_word' id='word_1_285' title='bbox 117 2411 204 2449; x_wconf 89' lang='lat' dir='ltr'>urenter</span> <span class='ocrx_word' id='word_1_286' title='bbox 215 2398 320 2447; x_wconf 89' lang='lat' dir='ltr'>Laberius</span> <span class='ocrx_word' id='word_1_287' title='bbox 330 2399 353 2446; x_wconf 89' lang='lat' dir='ltr'>in</span> <span class='ocrx_word' id='word_1_288' title='bbox 364 2418 415 2445; x_wconf 92' lang='lat' dir='ltr'>eum</span> <span class='ocrx_word' id='word_1_289' title='bbox 434 2397 493 2452; x_wconf 72' lang='lat' dir='ltr'>lusit3</span> <span class='ocrx_word' id='word_1_290' title='bbox 504 2396 570 2445; x_wconf 89' lang='lat' dir='ltr'>sensit</span> <span class='ocrx_word' id='word_1_291' title='bbox 580 2397 639 2445; x_wconf 91' lang='lat' dir='ltr'>enim</span> <span class='ocrx_word' id='word_1_292' title='bbox 649 2398 749 2447; x_wconf 89' lang='lat' dir='ltr'>simulata</span> <span class='ocrx_word' id='word_1_293' title='bbox 759 2413 831 2448; x_wconf 92' lang='lat' dir='ltr'>mente</span> <span class='ocrx_word' id='word_1_294' title='bbox 841 2400 911 2448; x_wconf 61' lang='lat' dir='ltr'>locu:</span> 
     </span>
     <span class='ocr_line' id='line_1_32' title="bbox 64 2467 902 2532; baseline 0.002 -12"><span class='ocrx_word' id='word_1_295' title='bbox 64 2488 66 2492; x_wconf 83' lang='lat'>&#39;</span> <span class='ocrx_word' id='word_1_296' title='bbox 116 2467 172 2521; x_wconf 86' lang='lat' dir='ltr'>tum:</span> <span class='ocrx_word' id='word_1_297' title='bbox 186 2470 274 2520; x_wconf 83' lang='lat' dir='ltr'>«Miror</span> <span class='ocrx_word' id='word_1_298' title='bbox 288 2469 397 2531; x_wconf 87' lang='lat' dir='ltr'>equidem,</span> <span class='ocrx_word' id='word_1_299' title='bbox 411 2491 425 2517; x_wconf 94' lang='lat' dir='ltr'>o</span> <span class='ocrx_word' id='word_1_300' title='bbox 438 2468 522 2522; x_wconf 86' lang='lat' dir='ltr'>Cicero,</span> <span class='ocrx_word' id='word_1_301' title='bbox 533 2483 541 2508; x_wconf 65' lang='lat' dir='ltr'>&gt;t</span> <span class='ocrx_word' id='word_1_302' title='bbox 556 2488 606 2517; x_wconf 85' lang='lat' dir='ltr'>mox</span> <span class='ocrx_word' id='word_1_303' title='bbox 619 2470 691 2531; x_wconf 87' lang='lat' dir='ltr'>inquit</span> <span class='ocrx_word' id='word_1_304' title='bbox 703 2471 746 2527; x_wconf 89' lang='lat' dir='ltr'>ille,</span> <span class='ocrx_word' id='word_1_305' title='bbox 760 2485 798 2521; x_wconf 80' lang='lat' dir='ltr'>«te</span> <span class='ocrx_word' id='word_1_306' title='bbox 811 2486 902 2532; x_wconf 79' lang='lat' dir='ltr'>anguste</span> 
     </span>
     <span class='ocr_line' id='line_1_33' title="bbox 117 2542 902 2597; baseline 0.006 -6"><span class='ocrx_word' id='word_1_307' title='bbox 117 2545 197 2597; x_wconf 89' lang='lat' dir='ltr'>sedere,</span> <span class='ocrx_word' id='word_1_308' title='bbox 213 2563 264 2591; x_wconf 91' lang='lat' dir='ltr'>cum</span> <span class='ocrx_word' id='word_1_309' title='bbox 278 2543 346 2591; x_wconf 84' lang='lat' dir='ltr'>soleas</span> <span class='ocrx_word' id='word_1_310' title='bbox 361 2544 445 2595; x_wconf 81' lang='lat' dir='ltr'>duabus</span> <span class='ocrx_word' id='word_1_311' title='bbox 461 2543 535 2591; x_wconf 85' lang='lat' dir='ltr'>sedere</span> <span class='ocrx_word' id='word_1_312' title='bbox 549 2542 614 2591; x_wconf 84' lang='lat' dir='ltr'>sellis.</span> <span class='ocrx_word' id='word_1_313' title='bbox 624 2561 633 2584; x_wconf 71' lang='lat'>³&gt;</span> <span class='ocrx_word' id='word_1_314' title='bbox 647 2545 763 2595; x_wconf 86' lang='lat' dir='ltr'>Enimvero</span> <span class='ocrx_word' id='word_1_315' title='bbox 778 2549 902 2596; x_wconf 84' lang='lat' dir='ltr'>inconstan-</span> 
     </span>
    </p>
   </div>
   <div class='ocr_carea' id='block_1_5' title="bbox 114 2700 965 2745">
    <p class='ocr_par' dir='ltr' id='par_1_5' title="bbox 114 2700 965 2745">
     <span class='ocr_line' id='line_1_34' title="bbox 114 2700 965 2745; baseline 0.004 -3"><span class='ocrx_word' id='word_1_316' title='bbox 114 2705 130 2742; x_wconf 84' lang='lat'>7.</span> <span class='ocrx_word' id='word_1_317' title='bbox 143 2703 218 2742; x_wconf 86' lang='lat' dir='ltr'>Macrob.</span> <span class='ocrx_word' id='word_1_318' title='bbox 231 2703 268 2741; x_wconf 78' lang='lat' dir='ltr'>Su.</span> <span class='ocrx_word' id='word_1_319' title='bbox 281 2703 302 2740; x_wconf 91' lang='lat' dir='ltr'>ll.</span> <span class='ocrx_word' id='word_1_320' title='bbox 315 2703 332 2740; x_wconf 76' lang='lat'>3.</span> <span class='ocrx_word' id='word_1_321' title='bbox 345 2706 362 2741; x_wconf 79' lang='lat'>9.</span> <span class='ocrx_word' id='word_1_322' title='bbox 419 2705 444 2741; x_wconf 93' lang='grc'>10.</span> <span class='ocrx_word' id='word_1_323' title='bbox 457 2705 533 2743; x_wconf 84' lang='lat' dir='ltr'>Macrob.</span> <span class='ocrx_word' id='word_1_324' title='bbox 545 2708 582 2745; x_wconf 73' lang='lat' dir='ltr'>Sat.</span> <span class='ocrx_word' id='word_1_325' title='bbox 595 2706 615 2743; x_wconf 92' lang='lat' dir='ltr'>ll.</span> <span class='ocrx_word' id='word_1_326' title='bbox 629 2707 645 2743; x_wconf 80' lang='lat'>3.</span> <span class='ocrx_word' id='word_1_327' title='bbox 661 2706 687 2744; x_wconf 88' lang='grc'>12.</span> <span class='ocrx_word' id='word_1_328' title='bbox 738 2708 764 2743; x_wconf 87' lang='grc'>17.</span> <span class='ocrx_word' id='word_1_329' title='bbox 777 2707 851 2744; x_wconf 87' lang='lat' dir='ltr'>Macrob.</span> <span class='ocrx_word' id='word_1_330' title='bbox 864 2708 901 2745; x_wconf 76' lang='lat' dir='ltr'>Sar.</span> <span class='ocrx_word' id='word_1_331' title='bbox 962 2700 965 2702; x_wconf 18' lang='lat' dir='ltr'>v</span> 
     </span>
    </p>
   </div>
   <div class='ocr_carea' id='block_1_6' title="bbox 77 2764 903 2820">
    <p class='ocr_par' dir='ltr' id='par_1_6' title="bbox 77 2764 903 2820">
     <span class='ocr_line' id='line_1_35' title="bbox 77 2764 903 2820; baseline 0.006 -19"><span class='ocrx_word' id='word_1_332' title='bbox 77 2764 127 2820; x_wconf 31' lang='grc'>1112,</span> <span class='ocrx_word' id='word_1_333' title='bbox 141 2765 157 2809; x_wconf 83' lang='grc'>5;</span> <span class='ocrx_word' id='word_1_334' title='bbox 170 2764 216 2802; x_wconf 84' lang='lat' dir='ltr'>Suet.</span> <span class='ocrx_word' id='word_1_335' title='bbox 229 2764 261 2801; x_wconf 80' lang='lat' dir='ltr'>Iul.</span> <span class='ocrx_word' id='word_1_336' title='bbox 275 2764 303 2801; x_wconf 85' lang='grc'>50.</span> <span class='ocrx_word' id='word_1_337' title='bbox 344 2764 371 2802; x_wconf 91' lang='grc'>21.</span> <span class='ocrx_word' id='word_1_338' title='bbox 385 2765 460 2803; x_wconf 85' lang='lat' dir='ltr'>Macrob.</span> <span class='ocrx_word' id='word_1_339' title='bbox 473 2766 509 2804; x_wconf 79' lang='lat' dir='ltr'>Sar.</span> <span class='ocrx_word' id='word_1_340' title='bbox 522 2767 543 2804; x_wconf 92' lang='lat' dir='ltr'>ll.</span> <span class='ocrx_word' id='word_1_341' title='bbox 557 2768 574 2804; x_wconf 81' lang='lat'>3.</span> <span class='ocrx_word' id='word_1_342' title='bbox 586 2768 612 2804; x_wconf 88' lang='lat' dir='ltr'>ll.</span> <span class='ocrx_word' id='word_1_343' title='bbox 650 2768 678 2805; x_wconf 85' lang='lat'>26.</span> <span class='ocrx_word' id='word_1_344' title='bbox 691 2767 765 2812; x_wconf 84' lang='lat' dir='ltr'>Macrob.</span> <span class='ocrx_word' id='word_1_345' title='bbox 774 2768 810 2806; x_wconf 79' lang='lat' dir='ltr'>Sul.</span> <span class='ocrx_word' id='word_1_346' title='bbox 820 2768 840 2805; x_wconf 89' lang='grc'>11.</span> <span class='ocrx_word' id='word_1_347' title='bbox 848 2771 864 2808; x_wconf 80' lang='grc'>3.</span> <span class='ocrx_word' id='word_1_348' title='bbox 877 2770 903 2806; x_wconf 90' lang='grc'>10.</span> 
     </span>
    </p>
   </div>
   <div class='ocr_carea' id='block_1_7' title="bbox 108 2919 364 2972">
    <p class='ocr_par' dir='ltr' id='par_1_7' title="bbox 108 2919 364 2972">
     <span class='ocr_line' id='line_1_36' title="bbox 108 2919 364 2972; baseline 0 -5"><span class='ocrx_word' id='word_1_349' title='bbox 108 2923 124 2967; x_wconf 93' lang='grc'>1.</span> <span class='ocrx_word' id='word_1_350' title='bbox 139 2923 219 2966; x_wconf 86' lang='lat' dir='ltr'>enimi.</span> <span class='ocrx_word' id='word_1_351' title='bbox 235 2940 256 2972; x_wconf 88' lang='lat' dir='ltr'>r.;</span> <span class='ocrx_word' id='word_1_352' title='bbox 271 2931 313 2966; x_wconf 82' lang='lat' dir='ltr'>erut</span> <span class='ocrx_word' id='word_1_353' title='bbox 328 2919 364 2967; x_wconf 81' lang='lat' dir='ltr'>illi:</span> 
     </span>
    </p>
   </div>
   <div class='ocr_carea' id='block_1_8' title="bbox 0 0 1070 3253">
    <p class='ocr_par' dir='ltr' id='par_1_8' title="bbox 0 0 1070 3253">
     <span class='ocr_line' id='line_1_37' title="bbox 0 0 1070 3253; baseline 0 0"><span class='ocrx_word' id='word_1_354' title='bbox 0 0 1070 3253; x_wconf 95' lang='lat' dir='ltr'> </span> 
     </span>
    </p>
   </div>
  </div>
 </body>
</html>
