<?xml version="1.0" encoding="UTF-8"?>
<!DOCTYPE html PUBLIC "-//W3C//DTD XHTML 1.0 Transitional//EN"
    "http://www.w3.org/TR/xhtml1/DTD/xhtml1-transitional.dtd">
<html xmlns="http://www.w3.org/1999/xhtml" xml:lang="en" lang="en">
 <head>
  <title>
</title>
<meta http-equiv="Content-Type" content="text/html;charset=utf-8" />
  <meta name='ocr-system' content='tesseract 3.04.00' />
  <meta name='ocr-capabilities' content='ocr_page ocr_carea ocr_par ocr_line ocrx_word'/>
</head>
<body>
  <div class='ocr_page' id='page_1' title='image "MN40033ucmf_2_0300.png"; bbox 0 0 2093 3253; ppageno 0'>
   <div class='ocr_carea' id='block_1_1' title="bbox 147 147 670 198">
    <p class='ocr_par' dir='ltr' id='par_1_1' title="bbox 147 147 670 198">
     <span class='ocr_line' id='line_1_1' title="bbox 147 147 670 198; baseline -0.004 -5"><span class='ocrx_word' id='word_1_1' title='bbox 147 147 188 193; x_wconf 71' lang='lat'>226</span> <span class='ocrx_word' id='word_1_2' title='bbox 437 162 541 198; x_wconf 72' lang='lat' dir='ltr'>,srccorus</span> <span class='ocrx_word' id='word_1_3' title='bbox 555 161 670 192; x_wconf 77' lang='lat' dir='ltr'>roraurour</span> 
     </span>
    </p>
   </div>
   <div class='ocr_carea' id='block_1_2' title="bbox 154 275 1047 2169">
    <p class='ocr_par' dir='ltr' id='par_1_2' title="bbox 183 275 1036 555">
     <span class='ocr_line' id='line_1_2' title="bbox 233 275 994 344; baseline 0 -20"><span class='ocrx_word' id='word_1_4' title='bbox 233 276 320 326; x_wconf 83' lang='lat' dir='ltr'>Deinde</span> <span class='ocrx_word' id='word_1_5' title='bbox 330 296 382 325; x_wconf 88' lang='lat' dir='ltr'>vero</span> <span class='ocrx_word' id='word_1_6' title='bbox 392 275 485 335; x_wconf 83' lang='lat' dir='ltr'>Prosper</span> <span class='ocrx_word' id='word_1_7' title='bbox 496 275 798 344; x_wconf 73' lang='lat' dir='ltr'>Aquitanussacerdosquae</span> <span class='ocrx_word' id='word_1_8' title='bbox 806 289 856 336; x_wconf 90' lang='lat' dir='ltr'>post</span> <span class='ocrx_word' id='word_1_9' title='bbox 864 276 975 332; x_wconf 78' lang='lat' dir='ltr'>Valentem</span> <span class='ocrx_word' id='word_1_10' title='bbox 992 321 994 324; x_wconf 94' lang='lat'>.</span> 
     </span>
     <span class='ocr_line' id='line_1_3' title="bbox 183 345 975 407; baseline 0.002 -9"><span class='ocrx_word' id='word_1_11' title='bbox 183 350 277 399; x_wconf 61' lang='lat' dir='ltr'>fuerant</span> <span class='ocrx_word' id='word_1_12' title='bbox 290 351 318 399; x_wconf 91' lang='lat' dir='ltr'>ad</span> <span class='ocrx_word' id='word_1_13' title='bbox 336 349 456 398; x_wconf 86' lang='lat' dir='ltr'>Theodosii</span> <span class='ocrx_word' id='word_1_14' title='bbox 476 364 574 407; x_wconf 85' lang='lat' dir='ltr'>tempora</span> <span class='ocrx_word' id='word_1_15' title='bbox 593 345 717 407; x_wconf 82' lang='lat' dir='ltr'>cognitione</span> <span class='ocrx_word' id='word_1_16' title='bbox 731 349 796 406; x_wconf 84' lang='lat' dir='ltr'>digna</span> <span class='ocrx_word' id='word_1_17' title='bbox 810 349 929 398; x_wconf 84' lang='lat' dir='ltr'>subiunxit.</span> <span class='ocrx_word' id='word_1_18' title='bbox 946 354 975 403; x_wconf 81' lang='lat' dir='ltr'>lta</span> 
     </span>
     <span class='ocr_line' id='line_1_4' title="bbox 192 420 975 481; baseline 0.005 -11"><span class='ocrx_word' id='word_1_19' title='bbox 192 422 251 470; x_wconf 89' lang='lat' dir='ltr'>enim</span> <span class='ocrx_word' id='word_1_20' title='bbox 265 441 332 481; x_wconf 80' lang='lat' dir='ltr'>reges,</span> <span class='ocrx_word' id='word_1_21' title='bbox 346 434 432 476; x_wconf 85' lang='lat' dir='ltr'>aetates,</span> <span class='ocrx_word' id='word_1_22' title='bbox 447 420 510 477; x_wconf 89' lang='lat' dir='ltr'>bella,</span> <span class='ocrx_word' id='word_1_23' title='bbox 529 422 587 472; x_wconf 85' lang='lat' dir='ltr'>viros</span> <span class='ocrx_word' id='word_1_24' title='bbox 599 421 667 471; x_wconf 88' lang='lat' dir='ltr'>claros</span> <span class='ocrx_word' id='word_1_25' title='bbox 680 435 852 470; x_wconf 89' lang='lat' dir='ltr'>commemorant</span> <span class='ocrx_word' id='word_1_26' title='bbox 864 435 930 481; x_wconf 87' lang='lat' dir='ltr'>atque</span> <span class='ocrx_word' id='word_1_27' title='bbox 943 446 975 474; x_wconf 86' lang='lat' dir='ltr'>or·</span> 
     </span>
     <span class='ocr_line' id='line_1_5' title="bbox 192 494 1033 555; baseline 0.004 -11"><span class='ocrx_word' id='word_1_28' title='bbox 192 496 243 544; x_wconf 82' lang='lat' dir='ltr'>dine</span> <span class='ocrx_word' id='word_1_29' title='bbox 254 509 380 555; x_wconf 89' lang='lat' dir='ltr'>temporum</span> <span class='ocrx_word' id='word_1_30' title='bbox 389 494 462 544; x_wconf 86' lang='lat' dir='ltr'>locant</span> <span class='ocrx_word' id='word_1_31' title='bbox 472 496 508 544; x_wconf 80' lang='lat' dir='ltr'>isti</span> <span class='ocrx_word' id='word_1_32' title='bbox 520 496 581 555; x_wconf 85' lang='lat' dir='ltr'>quod</span> <span class='ocrx_word' id='word_1_33' title='bbox 591 496 619 544; x_wconf 86' lang='lat' dir='ltr'>sit</span> <span class='ocrx_word' id='word_1_34' title='bbox 630 494 732 555; x_wconf 83' lang='lat' dir='ltr'>perlaeile</span> <span class='ocrx_word' id='word_1_35' title='bbox 743 496 804 555; x_wconf 89' lang='lat' dir='ltr'>quod</span> <span class='ocrx_word' id='word_1_36' title='bbox 819 495 923 554; x_wconf 84' lang='lat' dir='ltr'>requiras,</span> <span class='ocrx_word' id='word_1_37' title='bbox 935 519 975 555; x_wconf 85' lang='lat' dir='ltr'>qua</span> <span class='ocrx_word' id='word_1_38' title='bbox 1027 495 1033 537; x_wconf 57' lang='grc' dir='ltr'>Ϊ</span> 
     </span>
    </p>

    <p class='ocr_par' dir='ltr' id='par_1_3' title="bbox 166 568 782 627">
     <span class='ocr_line' id='line_1_6' title="bbox 166 568 782 627; baseline -0.002 -10"><span class='ocrx_word' id='word_1_39' title='bbox 166 571 178 617; x_wconf 89' lang='grc'>5</span> <span class='ocrx_word' id='word_1_40' title='bbox 195 582 270 622; x_wconf 86' lang='lat' dir='ltr'>aetate,</span> <span class='ocrx_word' id='word_1_41' title='bbox 286 589 330 627; x_wconf 84' lang='lat' dir='ltr'>quo</span> <span class='ocrx_word' id='word_1_42' title='bbox 340 570 444 627; x_wconf 85' lang='lat' dir='ltr'>principe,</span> <span class='ocrx_word' id='word_1_43' title='bbox 460 581 528 627; x_wconf 89' lang='lat' dir='ltr'>quoto</span> <span class='ocrx_word' id='word_1_44' title='bbox 537 589 595 617; x_wconf 90' lang='lat' dir='ltr'>anno</span> <span class='ocrx_word' id='word_1_45' title='bbox 604 568 669 617; x_wconf 85' lang='lat' dir='ltr'>luerit</span> <span class='ocrx_word' id='word_1_46' title='bbox 679 569 782 617; x_wconf 84' lang='lat' dir='ltr'>invenire.</span> 
     </span>
    </p>

    <p class='ocr_par' dir='ltr' id='par_1_4' title="bbox 192 634 1037 778">
     <span class='ocr_line' id='line_1_7' title="bbox 234 634 1037 706; baseline 0.002 -18"><span class='ocrx_word' id='word_1_47' title='bbox 234 641 309 688; x_wconf 83' lang='lat' dir='ltr'>Victor</span> <span class='ocrx_word' id='word_1_48' title='bbox 321 653 394 689; x_wconf 85' lang='lat' dir='ltr'>autern</span> <span class='ocrx_word' id='word_1_49' title='bbox 406 640 551 694; x_wconf 86' lang='lat' dir='ltr'>Ronomensis</span> <span class='ocrx_word' id='word_1_50' title='bbox 559 640 649 699; x_wconf 72' lang='lat' dir='ltr'>vpraesul</span> <span class='ocrx_word' id='word_1_51' title='bbox 662 652 721 698; x_wconf 85' lang='lat' dir='ltr'>gesta</span> <span class='ocrx_word' id='word_1_52' title='bbox 733 641 872 698; x_wconf 88' lang='lat' dir='ltr'>sequentium</span> <span class='ocrx_word' id='word_1_53' title='bbox 884 654 976 692; x_wconf 84' lang='lat' dir='ltr'>aetatum</span> <span class='ocrx_word' id='word_1_54' title='bbox 1018 634 1037 706; x_wconf 42' lang='lat' dir='ltr'>ft</span> 
     </span>
     <span class='ocr_line' id='line_1_8' title="bbox 192 712 714 771; baseline -0.001 -9"><span class='ocrx_word' id='word_1_55' title='bbox 192 714 215 762; x_wconf 89' lang='lat' dir='ltr'>in</span> <span class='ocrx_word' id='word_1_56' title='bbox 230 712 367 762; x_wconf 88' lang='lat' dir='ltr'>consulatum</span> <span class='ocrx_word' id='word_1_57' title='bbox 384 712 497 761; x_wconf 84' lang='lat' dir='ltr'>Iustiniani</span> <span class='ocrx_word' id='word_1_58' title='bbox 510 713 601 762; x_wconf 88' lang='lat' dir='ltr'>iunioris</span> <span class='ocrx_word' id='word_1_59' title='bbox 613 712 714 771; x_wconf 86' lang='lat' dir='ltr'>explevit.</span> 
     </span>
    </p>

    <p class='ocr_par' dir='ltr' id='par_1_5' title="bbox 194 785 1040 921">
     <span class='ocr_line' id='line_1_9' title="bbox 235 785 1040 850; baseline -0.002 -17"><span class='ocrx_word' id='word_1_60' title='bbox 235 785 307 849; x_wconf 85' lang='lat' dir='ltr'>Bedae</span> <span class='ocrx_word' id='word_1_61' title='bbox 314 791 402 844; x_wconf 81' lang='lat' dir='ltr'>quoque</span> <span class='ocrx_word' id='word_1_62' title='bbox 409 786 509 842; x_wconf 64' lang='lat' dir='ltr'>anglico,</span> <span class='ocrx_word' id='word_1_63' title='bbox 519 787 578 843; x_wconf 87' lang='lat' dir='ltr'>gravi</span> <span class='ocrx_word' id='word_1_64' title='bbox 586 806 611 834; x_wconf 88' lang='lat' dir='ltr'>ac</span> <span class='ocrx_word' id='word_1_65' title='bbox 619 787 684 850; x_wconf 90' lang='lat' dir='ltr'>docto</span> <span class='ocrx_word' id='word_1_66' title='bbox 697 787 830 844; x_wconf 88' lang='lat' dir='ltr'>presbytero,</span> <span class='ocrx_word' id='word_1_67' title='bbox 839 807 906 843; x_wconf 81' lang='lat' dir='ltr'>genus</span> <span class='ocrx_word' id='word_1_68' title='bbox 915 788 976 836; x_wconf 85' lang='lat' dir='ltr'>etiam</span> <span class='ocrx_word' id='word_1_69' title='bbox 1028 793 1040 831; x_wconf 48' lang='grc' dir='ltr'><em>θ</em></span> 
     </span>
     <span class='ocr_line' id='line_1_10' title="bbox 194 855 977 918; baseline 0.004 -12"><span class='ocrx_word' id='word_1_70' title='bbox 194 859 235 906; x_wconf 84' lang='lat' dir='ltr'>hoc</span> <span class='ocrx_word' id='word_1_71' title='bbox 250 857 337 916; x_wconf 81' lang='lat' dir='ltr'>aggredi</span> <span class='ocrx_word' id='word_1_72' title='bbox 357 857 445 915; x_wconf 81' lang='lat' dir='ltr'>placuit.</span> <span class='ocrx_word' id='word_1_73' title='bbox 467 859 517 916; x_wconf 85' lang='lat' dir='ltr'>Ipso</span> <span class='ocrx_word' id='word_1_74' title='bbox 536 860 595 906; x_wconf 90' lang='lat' dir='ltr'>enim</span> <span class='ocrx_word' id='word_1_75' title='bbox 613 880 625 906; x_wconf 90' lang='lat' dir='ltr'>a</span> <span class='ocrx_word' id='word_1_76' title='bbox 643 855 716 907; x_wconf 83' lang='lat' dir='ltr'>rerum</span> <span class='ocrx_word' id='word_1_77' title='bbox 734 879 759 906; x_wconf 88' lang='lat' dir='ltr'>ac</span> <span class='ocrx_word' id='word_1_78' title='bbox 777 859 853 907; x_wconf 88' lang='lat' dir='ltr'>mundi</span> <span class='ocrx_word' id='word_1_79' title='bbox 873 860 977 918; x_wconf 89' lang='lat' dir='ltr'>principio</span> 
     </span>
    </p>

    <p class='ocr_par' dir='ltr' id='par_1_6' title="bbox 155 930 1038 1205">
     <span class='ocr_line' id='line_1_11' title="bbox 155 930 977 990; baseline 0 -10"><span class='ocrx_word' id='word_1_80' title='bbox 155 931 224 986; x_wconf 76' lang='lat' dir='ltr'>lllad</span> <span class='ocrx_word' id='word_1_81' title='bbox 239 930 415 985; x_wconf 83' lang='lat' dir='ltr'>Constantinum,</span> <span class='ocrx_word' id='word_1_82' title='bbox 431 930 526 986; x_wconf 88' lang='lat' dir='ltr'>nominis</span> <span class='ocrx_word' id='word_1_83' title='bbox 540 931 586 980; x_wconf 90' lang='lat' dir='ltr'>eius</span> <span class='ocrx_word' id='word_1_84' title='bbox 600 944 703 989; x_wconf 86' lang='lat' dir='ltr'>quartum</span> <span class='ocrx_word' id='word_1_85' title='bbox 717 931 839 986; x_wconf 80' lang='lat' dir='ltr'>Caesarem,</span> <span class='ocrx_word' id='word_1_86' title='bbox 854 950 977 990; x_wconf 80' lang='lat' dir='ltr'>progressus</span> 
     </span>
     <span class='ocr_line' id='line_1_12' title="bbox 194 1000 1038 1065; baseline 0.001 -11"><span class='ocrx_word' id='word_1_87' title='bbox 194 1018 233 1054; x_wconf 87' lang='lat' dir='ltr'>est.</span> <span class='ocrx_word' id='word_1_88' title='bbox 250 1004 322 1054; x_wconf 84' lang='lat' dir='ltr'>Multa</span> <span class='ocrx_word' id='word_1_89' title='bbox 332 1017 429 1063; x_wconf 88' lang='lat' dir='ltr'>preterea</span> <span class='ocrx_word' id='word_1_90' title='bbox 440 1006 520 1064; x_wconf 87' lang='lat' dir='ltr'>scripta</span> <span class='ocrx_word' id='word_1_91' title='bbox 531 1026 577 1054; x_wconf 90' lang='lat' dir='ltr'>esse</span> <span class='ocrx_word' id='word_1_92' title='bbox 587 1000 615 1054; x_wconf 92' lang='lat' dir='ltr'>ab</span> <span class='ocrx_word' id='word_1_93' title='bbox 626 1026 652 1054; x_wconf 88' lang='lat' dir='ltr'>eo</span> <span class='ocrx_word' id='word_1_94' title='bbox 663 1006 690 1054; x_wconf 89' lang='lat' dir='ltr'>de</span> <span class='ocrx_word' id='word_1_95' title='bbox 701 1005 772 1054; x_wconf 82' lang='lat' dir='ltr'>Sacris</span> <span class='ocrx_word' id='word_1_96' title='bbox 784 1005 879 1060; x_wconf 84' lang='lat' dir='ltr'>Litteris,</span> <span class='ocrx_word' id='word_1_97' title='bbox 896 1006 923 1054; x_wconf 88' lang='lat' dir='ltr'>de</span> <span class='ocrx_word' id='word_1_98' title='bbox 934 1006 977 1055; x_wconf 83' lang='lat' dir='ltr'>Na·</span> <span class='ocrx_word' id='word_1_99' title='bbox 1029 1011 1038 1065; x_wconf 57' lang='grc' dir='ltr'>ᾗ,</span> 
     </span>
     <span class='ocr_line' id='line_1_13' title="bbox 194 1077 1035 1142; baseline 0.001 -18"><span class='ocrx_word' id='word_1_100' title='bbox 194 1091 242 1125; x_wconf 87' lang='lat' dir='ltr'>tura</span> <span class='ocrx_word' id='word_1_101' title='bbox 255 1078 343 1131; x_wconf 83' lang='lat' dir='ltr'>Rerum,</span> <span class='ocrx_word' id='word_1_102' title='bbox 357 1078 384 1125; x_wconf 90' lang='lat' dir='ltr'>de</span> <span class='ocrx_word' id='word_1_103' title='bbox 396 1077 564 1136; x_wconf 82' lang='lat' dir='ltr'>Orthographia,</span> <span class='ocrx_word' id='word_1_104' title='bbox 578 1079 605 1125; x_wconf 91' lang='lat' dir='ltr'>de</span> <span class='ocrx_word' id='word_1_105' title='bbox 617 1078 670 1125; x_wconf 73' lang='lat' dir='ltr'>Arte</span> <span class='ocrx_word' id='word_1_106' title='bbox 683 1078 782 1132; x_wconf 81' lang='lat' dir='ltr'>Metrica,</span> <span class='ocrx_word' id='word_1_107' title='bbox 796 1079 823 1125; x_wconf 91' lang='lat' dir='ltr'>de</span> <span class='ocrx_word' id='word_1_108' title='bbox 836 1078 977 1135; x_wconf 83' lang='lat' dir='ltr'>Scematibus,</span> <span class='ocrx_word' id='word_1_109' title='bbox 1026 1092 1035 1142; x_wconf 51' lang='grc' dir='ltr'>ᾗ,</span> 
     </span>
     <span class='ocr_line' id='line_1_14' title="bbox 195 1147 1037 1205; baseline 0 -8"><span class='ocrx_word' id='word_1_110' title='bbox 195 1149 222 1197; x_wconf 91' lang='lat' dir='ltr'>de</span> <span class='ocrx_word' id='word_1_111' title='bbox 237 1149 287 1197; x_wconf 88' lang='lat' dir='ltr'>Situ</span> <span class='ocrx_word' id='word_1_112' title='bbox 301 1170 325 1197; x_wconf 90' lang='lat' dir='ltr'>ac</span> <span class='ocrx_word' id='word_1_113' title='bbox 340 1148 413 1197; x_wconf 86' lang='lat' dir='ltr'>Gestis</span> <span class='ocrx_word' id='word_1_114' title='bbox 428 1148 552 1198; x_wconf 82' lang='lat' dir='ltr'>Britanniae</span> <span class='ocrx_word' id='word_1_115' title='bbox 565 1162 657 1197; x_wconf 85' lang='lat' dir='ltr'>constat.</span> <span class='ocrx_word' id='word_1_116' title='bbox 1028 1147 1037 1205; x_wconf 74' lang='grc' dir='ltr'> </span> 
     </span>
    </p>

    <p class='ocr_par' dir='ltr' id='par_1_7' title="bbox 237 1221 1036 1280">
     <span class='ocr_line' id='line_1_15' title="bbox 237 1221 977 1280; baseline 0.004 -11"><span class='ocrx_word' id='word_1_117' title='bbox 237 1222 320 1274; x_wconf 84' lang='lat' dir='ltr'>Bedam</span> <span class='ocrx_word' id='word_1_118' title='bbox 330 1234 417 1269; x_wconf 87' lang='lat' dir='ltr'>secutus</span> <span class='ocrx_word' id='word_1_119' title='bbox 425 1222 577 1270; x_wconf 78' lang='lat' dir='ltr'>est-Honorius</span> <span class='ocrx_word' id='word_1_120' title='bbox 588 1223 717 1280; x_wconf 82' lang='lat' dir='ltr'>cognomine</span> <span class='ocrx_word' id='word_1_121' title='bbox 728 1221 842 1269; x_wconf 83' lang='lat' dir='ltr'>Solitarius</span> <span class='ocrx_word' id='word_1_122' title='bbox 852 1223 977 1280; x_wconf 84' lang='lat' dir='ltr'>appellatus.</span> 
     </span>
    </p>

    <p class='ocr_par' dir='ltr' id='par_1_8' title="bbox 156 1293 1041 1575">
     <span class='ocr_line' id='line_1_16' title="bbox 156 1293 978 1354; baseline -0.003 -11"><span class='ocrx_word' id='word_1_123' title='bbox 156 1295 181 1343; x_wconf 86' lang='lat' dir='ltr'>l5</span> <span class='ocrx_word' id='word_1_124' title='bbox 198 1295 291 1343; x_wconf 86' lang='lat' dir='ltr'>Librum</span> <span class='ocrx_word' id='word_1_125' title='bbox 306 1294 341 1343; x_wconf 84' lang='lat' dir='ltr'>hic</span> <span class='ocrx_word' id='word_1_126' title='bbox 352 1295 379 1342; x_wconf 91' lang='lat' dir='ltr'>de</span> <span class='ocrx_word' id='word_1_127' title='bbox 391 1294 487 1352; x_wconf 85' lang='lat' dir='ltr'>Imagine</span> <span class='ocrx_word' id='word_1_128' title='bbox 498 1295 580 1344; x_wconf 82' lang='lat' dir='ltr'>Mundi</span> <span class='ocrx_word' id='word_1_129' title='bbox 591 1293 649 1345; x_wconf 71' lang='lat' dir='ltr'>lecit,</span> <span class='ocrx_word' id='word_1_130' title='bbox 663 1295 714 1353; x_wconf 90' lang='lat' dir='ltr'>lpso</span> <span class='ocrx_word' id='word_1_131' title='bbox 724 1296 783 1344; x_wconf 93' lang='lat' dir='ltr'>enirn</span> <span class='ocrx_word' id='word_1_132' title='bbox 793 1316 806 1343; x_wconf 89' lang='lat' dir='ltr'>a</span> <span class='ocrx_word' id='word_1_133' title='bbox 816 1295 887 1354; x_wconf 89' lang='lat' dir='ltr'>capite</span> <span class='ocrx_word' id='word_1_134' title='bbox 897 1297 978 1353; x_wconf 80' lang='lat' dir='ltr'>generis</span> 
     </span>
     <span class='ocr_line' id='line_1_17' title="bbox 197 1366 1041 1429; baseline 0.002 -13"><span class='ocrx_word' id='word_1_135' title='bbox 197 1367 286 1416; x_wconf 88' lang='lat' dir='ltr'>humani</span> <span class='ocrx_word' id='word_1_136' title='bbox 301 1368 329 1416; x_wconf 88' lang='lat' dir='ltr'>ad</span> <span class='ocrx_word' id='word_1_137' title='bbox 345 1366 472 1416; x_wconf 86' lang='lat' dir='ltr'>Conradum</span> <span class='ocrx_word' id='word_1_138' title='bbox 487 1367 550 1417; x_wconf 87' lang='lat' dir='ltr'>illurn</span> <span class='ocrx_word' id='word_1_139' title='bbox 565 1369 603 1427; x_wconf 87' lang='lat' dir='ltr'>qui</span> <span class='ocrx_word' id='word_1_140' title='bbox 620 1388 724 1427; x_wconf 86' lang='lat' dir='ltr'>oppresso</span> <span class='ocrx_word' id='word_1_141' title='bbox 745 1369 849 1417; x_wconf 85' lang='lat' dir='ltr'>Lotbario</span> <span class='ocrx_word' id='word_1_142' title='bbox 865 1368 978 1417; x_wconf 84' lang='lat' dir='ltr'>Caesareos</span> <span class='ocrx_word' id='word_1_143' title='bbox 1031 1388 1041 1429; x_wconf 67' lang='lat' dir='ltr'>j„</span> 
     </span>
     <span class='ocr_line' id='line_1_18' title="bbox 196 1439 978 1498; baseline 0.004 -12"><span class='ocrx_word' id='word_1_144' title='bbox 196 1439 264 1488; x_wconf 74' lang='lat' dir='ltr'>fasces</span> <span class='ocrx_word' id='word_1_145' title='bbox 279 1441 374 1488; x_wconf 84' lang='lat' dir='ltr'>obtinuit</span> <span class='ocrx_word' id='word_1_146' title='bbox 384 1454 482 1497; x_wconf 87' lang='lat' dir='ltr'>tempora</span> <span class='ocrx_word' id='word_1_147' title='bbox 492 1442 617 1498; x_wconf 89' lang='lat' dir='ltr'>principum</span> <span class='ocrx_word' id='word_1_148' title='bbox 626 1462 650 1489; x_wconf 89' lang='lat' dir='ltr'>ac</span> <span class='ocrx_word' id='word_1_149' title='bbox 660 1460 733 1490; x_wconf 88' lang='lat' dir='ltr'>rerum</span> <span class='ocrx_word' id='word_1_150' title='bbox 743 1441 860 1489; x_wconf 84' lang='lat' dir='ltr'>illustrium</span> <span class='ocrx_word' id='word_1_151' title='bbox 870 1461 896 1489; x_wconf 85' lang='lat' dir='ltr'>ex</span> <span class='ocrx_word' id='word_1_152' title='bbox 905 1442 978 1489; x_wconf 87' lang='lat' dir='ltr'>ordine</span> 
     </span>
     <span class='ocr_line' id='line_1_19' title="bbox 189 1509 1038 1575; baseline -0.002 -11"><span class='ocrx_word' id='word_1_153' title='bbox 189 1526 310 1564; x_wconf 84' lang='lat' dir='ltr'>memorat.</span> <span class='ocrx_word' id='word_1_154' title='bbox 388 1509 390 1512; x_wconf 13' lang='grc' dir='ltr'><em>Α</em></span> <span class='ocrx_word' id='word_1_155' title='bbox 1033 1568 1038 1575; x_wconf 10' lang='grc' dir='ltr'>,Υ</span> 
     </span>
    </p>

    <p class='ocr_par' dir='ltr' id='par_1_9' title="bbox 154 1580 1043 1872">
     <span class='ocr_line' id='line_1_20' title="bbox 192 1587 979 1646; baseline 0.001 -11"><span class='ocrx_word' id='word_1_156' title='bbox 192 1629 193 1635; x_wconf 71' lang='grc'>,</span> <span class='ocrx_word' id='word_1_157' title='bbox 239 1587 346 1636; x_wconf 87' lang='lat' dir='ltr'>Omnium</span> <span class='ocrx_word' id='word_1_158' title='bbox 359 1600 434 1636; x_wconf 84' lang='lat' dir='ltr'>autem</span> <span class='ocrx_word' id='word_1_159' title='bbox 446 1587 608 1646; x_wconf 88' lang='lat' dir='ltr'>copiosissimus</span> <span class='ocrx_word' id='word_1_160' title='bbox 622 1588 698 1637; x_wconf 83' lang='lat' dir='ltr'>hocin</span> <span class='ocrx_word' id='word_1_161' title='bbox 711 1608 788 1646; x_wconf 80' lang='lat' dir='ltr'>genere</span> <span class='ocrx_word' id='word_1_162' title='bbox 800 1588 861 1637; x_wconf 90' lang='lat' dir='ltr'>adest</span> <span class='ocrx_word' id='word_1_163' title='bbox 876 1588 979 1636; x_wconf 85' lang='lat' dir='ltr'>lohannes</span> 
     </span>
     <span class='ocr_line' id='line_1_21' title="bbox 154 1659 1040 1720; baseline 0 -11"><span class='ocrx_word' id='word_1_164' title='bbox 154 1661 183 1709; x_wconf 84' lang='lat'>20</span> <span class='ocrx_word' id='word_1_165' title='bbox 198 1662 279 1715; x_wconf 88' lang='lat' dir='ltr'>Bonus,</span> <span class='ocrx_word' id='word_1_166' title='bbox 290 1660 389 1709; x_wconf 79' lang='lat' dir='ltr'>Andreae</span> <span class='ocrx_word' id='word_1_167' title='bbox 400 1660 464 1715; x_wconf 86' lang='lat' dir='ltr'>filius,</span> <span class='ocrx_word' id='word_1_168' title='bbox 476 1661 591 1710; x_wconf 87' lang='lat' dir='ltr'>Paduanus</span> <span class='ocrx_word' id='word_1_169' title='bbox 603 1675 682 1710; x_wconf 88' lang='lat' dir='ltr'>noster.</span> <span class='ocrx_word' id='word_1_170' title='bbox 694 1661 783 1720; x_wconf 87' lang='lat' dir='ltr'>Quippe</span> <span class='ocrx_word' id='word_1_171' title='bbox 793 1663 816 1709; x_wconf 89' lang='lat' dir='ltr'>in</span> <span class='ocrx_word' id='word_1_172' title='bbox 827 1661 980 1720; x_wconf 84' lang='lat' dir='ltr'>cognoscendis</span> <span class='ocrx_word' id='word_1_173' title='bbox 1032 1659 1040 1720; x_wconf 52' lang='grc' dir='ltr'>’ᾗ</span> 
     </span>
     <span class='ocr_line' id='line_1_22' title="bbox 197 1732 980 1792; baseline -0.001 -11"><span class='ocrx_word' id='word_1_174' title='bbox 197 1732 292 1782; x_wconf 85' lang='lat' dir='ltr'>historiis</span> <span class='ocrx_word' id='word_1_175' title='bbox 307 1745 406 1781; x_wconf 85' lang='lat' dir='ltr'>accurate</span> <span class='ocrx_word' id='word_1_176' title='bbox 421 1733 506 1781; x_wconf 84' lang='lat' dir='ltr'>studuit</span> <span class='ocrx_word' id='word_1_177' title='bbox 521 1754 546 1781; x_wconf 91' lang='lat' dir='ltr'>ac</span> <span class='ocrx_word' id='word_1_178' title='bbox 561 1734 594 1782; x_wconf 86' lang='lat' dir='ltr'>vir</span> <span class='ocrx_word' id='word_1_179' title='bbox 610 1735 694 1782; x_wconf 90' lang='lat' dir='ltr'>doctus.</span> <span class='ocrx_word' id='word_1_180' title='bbox 703 1732 752 1782; x_wconf 78' lang='lat' dir='ltr'>fuit.</span> <span class='ocrx_word' id='word_1_181' title='bbox 767 1733 879 1792; x_wconf 86' lang='lat' dir='ltr'>Tempore</span> <span class='ocrx_word' id='word_1_182' title='bbox 894 1754 980 1792; x_wconf 90' lang='lat' dir='ltr'>quoque</span> 
     </span>
     <span class='ocr_line' id='line_1_23' title="bbox 197 1803 1032 1863; baseline 0.001 -12"><span class='ocrx_word' id='word_1_183' title='bbox 197 1803 286 1853; x_wconf 76' lang='lat' dir='ltr'>inferior</span> <span class='ocrx_word' id='word_1_184' title='bbox 300 1819 321 1853; x_wconf 89' lang='lat' dir='ltr'>et</span> <span class='ocrx_word' id='word_1_185' title='bbox 335 1825 390 1862; x_wconf 88' lang='lat' dir='ltr'>quae</span> <span class='ocrx_word' id='word_1_186' title='bbox 404 1806 461 1852; x_wconf 87' lang='lat' dir='ltr'>dicta</span> <span class='ocrx_word' id='word_1_187' title='bbox 475 1819 535 1854; x_wconf 88' lang='lat' dir='ltr'>erant</span> <span class='ocrx_word' id='word_1_188' title='bbox 549 1825 562 1853; x_wconf 86' lang='lat' dir='ltr'>a</span> <span class='ocrx_word' id='word_1_189' title='bbox 575 1806 723 1863; x_wconf 88' lang='lat' dir='ltr'>superioribus</span> <span class='ocrx_word' id='word_1_190' title='bbox 738 1807 816 1863; x_wconf 85' lang='lat' dir='ltr'>repetit</span> <span class='ocrx_word' id='word_1_191' title='bbox 829 1819 851 1853; x_wconf 90' lang='lat' dir='ltr'>et</span> <span class='ocrx_word' id='word_1_192' title='bbox 864 1826 921 1863; x_wconf 83' lang='lat' dir='ltr'>quae</span> <span class='ocrx_word' id='word_1_193' title='bbox 933 1818 981 1862; x_wconf 88' lang='lat' dir='ltr'>post</span> <span class='ocrx_word' id='word_1_194' title='bbox 1029 1808 1032 1841; x_wconf 77' lang='lat'><em>3</em></span> 
     </span>
    </p>

    <p class='ocr_par' dir='ltr' id='par_1_10' title="bbox 156 1875 1047 2169">
     <span class='ocr_line' id='line_1_24' title="bbox 183 1875 1042 1937; baseline -0.006 -9"><span class='ocrx_word' id='word_1_195' title='bbox 183 1926 185 1928; x_wconf 77' lang='grc'>,</span> <span class='ocrx_word' id='word_1_196' title='bbox 198 1876 246 1926; x_wconf 88' lang='lat' dir='ltr'>illos</span> <span class='ocrx_word' id='word_1_197' title='bbox 261 1875 346 1926; x_wconf 78' lang='lat' dir='ltr'>luerunt</span> <span class='ocrx_word' id='word_1_198' title='bbox 360 1898 425 1925; x_wconf 89' lang='lat' dir='ltr'>suum</span> <span class='ocrx_word' id='word_1_199' title='bbox 438 1878 466 1925; x_wconf 90' lang='lat' dir='ltr'>ad</span> <span class='ocrx_word' id='word_1_200' title='bbox 480 1878 539 1925; x_wconf 88' lang='lat' dir='ltr'>diem</span> <span class='ocrx_word' id='word_1_201' title='bbox 553 1877 682 1935; x_wconf 83' lang='lat' dir='ltr'>(imperabat</span> <span class='ocrx_word' id='word_1_202' title='bbox 692 1893 745 1926; x_wconf 84' lang='lat' dir='ltr'>tunc</span> <span class='ocrx_word' id='word_1_203' title='bbox 758 1877 869 1933; x_wconf 62' lang='lat' dir='ltr'>Albanus,</span> <span class='ocrx_word' id='word_1_204' title='bbox 883 1878 980 1926; x_wconf 68' lang='lat' dir='ltr'>[lustriae</span> <span class='ocrx_word' id='word_1_205' title='bbox 1031 1882 1042 1937; x_wconf 56' lang='grc' dir='ltr'>ῗῑζ</span> 
     </span>
     <span class='ocr_line' id='line_1_25' title="bbox 206 1947 1038 2010; baseline 0 -10"><span class='ocrx_word' id='word_1_206' title='bbox 206 1949 259 2010; x_wconf 87' lang='lat' dir='ltr'>dux)</span> <span class='ocrx_word' id='word_1_207' title='bbox 273 1950 350 1999; x_wconf 84' lang='lat' dir='ltr'>ordine</span> <span class='ocrx_word' id='word_1_208' title='bbox 365 1963 489 2009; x_wconf 83' lang='lat' dir='ltr'>temporum</span> <span class='ocrx_word' id='word_1_209' title='bbox 505 1963 618 1999; x_wconf 85' lang='lat' dir='ltr'>memorat.</span> <span class='ocrx_word' id='word_1_210' title='bbox 643 1947 644 1951; x_wconf 29' lang='lat'>¹</span> <span class='ocrx_word' id='word_1_211' title='bbox 1036 1949 1038 1951; x_wconf 47' lang='grc'>’</span> 
     </span>
     <span class='ocr_line' id='line_1_26' title="bbox 156 2022 980 2087; baseline -0.001 -15"><span class='ocrx_word' id='word_1_212' title='bbox 156 2024 187 2072; x_wconf 79' lang='lat'>25&#39;</span> <span class='ocrx_word' id='word_1_213' title='bbox 243 2022 360 2072; x_wconf 87' lang='lat' dir='ltr'>Nominavi</span> <span class='ocrx_word' id='word_1_214' title='bbox 376 2024 450 2081; x_wconf 83' lang='lat' dir='ltr'>paucis</span> <span class='ocrx_word' id='word_1_215' title='bbox 466 2023 504 2083; x_wconf 87' lang='lat' dir='ltr'>qui</span> <span class='ocrx_word' id='word_1_216' title='bbox 516 2043 591 2087; x_wconf 89' lang='lat' dir='ltr'>rerum</span> <span class='ocrx_word' id='word_1_217' title='bbox 604 2037 703 2083; x_wconf 89' lang='lat' dir='ltr'>tempora</span> <span class='ocrx_word' id='word_1_218' title='bbox 716 2023 860 2074; x_wconf 82' lang='lat' dir='ltr'>tradiderunt.</span> <span class='ocrx_word' id='word_1_219' title='bbox 869 2023 936 2073; x_wconf 90' lang='lat' dir='ltr'>Nunc</span> <span class='ocrx_word' id='word_1_220' title='bbox 946 2044 980 2072; x_wconf 69' lang='lat' dir='ltr'>vc»</span> 
     </span>
     <span class='ocr_line' id='line_1_27' title="bbox 193 2092 1047 2169; baseline -0.002 -25"><span class='ocrx_word' id='word_1_221' title='bbox 193 2096 257 2145; x_wconf 71' lang='lat' dir='ltr'>&#39;niam</span> <span class='ocrx_word' id='word_1_222' title='bbox 271 2096 300 2144; x_wconf 90' lang='lat' dir='ltr'>ad</span> <span class='ocrx_word' id='word_1_223' title='bbox 314 2095 362 2144; x_wconf 87' lang='lat' dir='ltr'>illos</span> <span class='ocrx_word' id='word_1_224' title='bbox 376 2096 414 2154; x_wconf 84' lang='lat' dir='ltr'>qui</span> <span class='ocrx_word' id='word_1_225' title='bbox 428 2108 497 2145; x_wconf 88' lang='lat' dir='ltr'>terrae</span> <span class='ocrx_word' id='word_1_226' title='bbox 515 2117 540 2145; x_wconf 87' lang='lat' dir='ltr'>ac</span> <span class='ocrx_word' id='word_1_227' title='bbox 559 2097 624 2145; x_wconf 88' lang='lat' dir='ltr'>maris</span> <span class='ocrx_word' id='word_1_228' title='bbox 639 2097 713 2151; x_wconf 81' lang='lat' dir='ltr'>situm,</span> <span class='ocrx_word' id='word_1_229' title='bbox 728 2097 826 2154; x_wconf 83' lang='lat' dir='ltr'>gentium</span> <span class='ocrx_word' id='word_1_230' title='bbox 840 2096 935 2150; x_wconf 84' lang='lat' dir='ltr'>nomina,</span> <span class='ocrx_word' id='word_1_231' title='bbox 950 2114 981 2143; x_wconf 62' lang='lat' dir='ltr'>rea</span> <span class='ocrx_word' id='word_1_232' title='bbox 1031 2092 1047 2169; x_wconf 76' lang='lat' dir='ltr'>l</span> 
     </span>
    </p>
   </div>
   <div class='ocr_carea' id='block_1_3' title="bbox 201 2167 1047 2301">
    <p class='ocr_par' dir='ltr' id='par_1_11' title="bbox 201 2167 1047 2301">
     <span class='ocr_line' id='line_1_28' title="bbox 201 2167 1047 2229; baseline -0.002 -13"><span class='ocrx_word' id='word_1_233' title='bbox 201 2168 291 2228; x_wconf 84' lang='lat' dir='ltr'>gionum</span> <span class='ocrx_word' id='word_1_234' title='bbox 299 2169 404 2219; x_wconf 88' lang='lat' dir='ltr'>terminos</span> <span class='ocrx_word' id='word_1_235' title='bbox 414 2169 582 2227; x_wconf 87' lang='lat' dir='ltr'>descripserunt.</span> <span class='ocrx_word' id='word_1_236' title='bbox 593 2169 717 2220; x_wconf 83' lang='lat' dir='ltr'>Historiam</span> <span class='ocrx_word' id='word_1_237' title='bbox 722 2169 812 2229; x_wconf 87' lang='lat' dir='ltr'>quidem</span> <span class='ocrx_word' id='word_1_238' title='bbox 821 2170 904 2228; x_wconf 80' lang='lat' dir='ltr'>integre</span> <span class='ocrx_word' id='word_1_239' title='bbox 913 2167 981 2227; x_wconf 84' lang='lat' dir='ltr'>capiet</span> <span class='ocrx_word' id='word_1_240' title='bbox 1034 2172 1047 2221; x_wconf 54' lang='lat' dir='ltr'>J</span> 
     </span>
     <span class='ocr_line' id='line_1_29' title="bbox 201 2241 978 2301; baseline -0.001 -11"><span class='ocrx_word' id='word_1_241' title='bbox 201 2263 266 2291; x_wconf 90' lang='lat' dir='ltr'>nemo</span> <span class='ocrx_word' id='word_1_242' title='bbox 281 2244 319 2301; x_wconf 88' lang='lat' dir='ltr'>qui</span> <span class='ocrx_word' id='word_1_243' title='bbox 331 2254 352 2291; x_wconf 86' lang='lat' dir='ltr'>et</span> <span class='ocrx_word' id='word_1_244' title='bbox 363 2260 435 2291; x_wconf 90' lang='lat' dir='ltr'>rerum</span> <span class='ocrx_word' id='word_1_245' title='bbox 446 2255 544 2300; x_wconf 89' lang='lat' dir='ltr'>tempora</span> <span class='ocrx_word' id='word_1_246' title='bbox 555 2256 576 2291; x_wconf 88' lang='lat' dir='ltr'>et</span> <span class='ocrx_word' id='word_1_247' title='bbox 587 2244 686 2291; x_wconf 89' lang='lat' dir='ltr'>locorum</span> <span class='ocrx_word' id='word_1_248' title='bbox 697 2244 751 2291; x_wconf 86' lang='lat' dir='ltr'>situs</span> <span class='ocrx_word' id='word_1_249' title='bbox 762 2241 884 2300; x_wconf 84' lang='lat' dir='ltr'>incognitos</span> <span class='ocrx_word' id='word_1_250' title='bbox 895 2241 978 2291; x_wconf 87' lang='lat' dir='ltr'>habeat.</span> 
     </span>
    </p>
   </div>
   <div class='ocr_carea' id='block_1_4' title="bbox 157 2313 1046 2666">
    <p class='ocr_par' dir='ltr' id='par_1_12' title="bbox 243 2313 1044 2378">
     <span class='ocr_line' id='line_1_30' title="bbox 243 2313 982 2373; baseline -0.004 -11"><span class='ocrx_word' id='word_1_251' title='bbox 243 2315 315 2362; x_wconf 86' lang='lat' dir='ltr'>Huius</span> <span class='ocrx_word' id='word_1_252' title='bbox 331 2316 396 2371; x_wconf 80' lang='lat' dir='ltr'>igitur</span> <span class='ocrx_word' id='word_1_253' title='bbox 410 2317 494 2372; x_wconf 85' lang='lat' dir='ltr'>generis</span> <span class='ocrx_word' id='word_1_254' title='bbox 508 2316 605 2373; x_wconf 88' lang='lat' dir='ltr'>primum</span> <span class='ocrx_word' id='word_1_255' title='bbox 620 2316 719 2363; x_wconf 90' lang='lat' dir='ltr'>omnium</span> <span class='ocrx_word' id='word_1_256' title='bbox 733 2316 879 2373; x_wconf 88' lang='lat' dir='ltr'>Pomponium</span> <span class='ocrx_word' id='word_1_257' title='bbox 894 2313 982 2363; x_wconf 84' lang='lat' dir='ltr'>Mellam</span> 
     </span>
    </p>

    <p class='ocr_par' dir='ltr' id='par_1_13' title="bbox 157 2387 1046 2669">
     <span class='ocr_line' id='line_1_31' title="bbox 157 2387 983 2446; baseline 0.001 -11"><span class='ocrx_word' id='word_1_258' title='bbox 157 2388 186 2435; x_wconf 80' lang='lat'>30</span> <span class='ocrx_word' id='word_1_259' title='bbox 202 2389 314 2435; x_wconf 86' lang='lat' dir='ltr'>nominare</span> <span class='ocrx_word' id='word_1_260' title='bbox 323 2388 433 2436; x_wconf 87' lang='lat' dir='ltr'>constitui.</span> <span class='ocrx_word' id='word_1_261' title='bbox 442 2387 553 2446; x_wconf 75' lang='lat' dir='ltr'>Antiquos</span> <span class='ocrx_word' id='word_1_262' title='bbox 563 2388 653 2446; x_wconf 86' lang='lat' dir='ltr'>quidem</span> <span class='ocrx_word' id='word_1_263' title='bbox 662 2401 695 2436; x_wconf 89' lang='lat' dir='ltr'>est</span> <span class='ocrx_word' id='word_1_264' title='bbox 703 2401 786 2442; x_wconf 81' lang='lat' dir='ltr'>auctor3</span> <span class='ocrx_word' id='word_1_265' title='bbox 797 2387 889 2436; x_wconf 87' lang='lat' dir='ltr'>Claudio</span> <span class='ocrx_word' id='word_1_266' title='bbox 899 2404 983 2443; x_wconf 87' lang='lat' dir='ltr'>nanque</span> 
     </span>
     <span class='ocr_line' id='line_1_32' title="bbox 183 2459 1046 2519; baseline -0.002 -12"><span class='ocrx_word' id='word_1_267' title='bbox 183 2490 185 2492; x_wconf 97' lang='lat'>-</span> <span class='ocrx_word' id='word_1_268' title='bbox 199 2460 329 2518; x_wconf 88' lang='lat' dir='ltr'>imperatore</span> <span class='ocrx_word' id='word_1_269' title='bbox 336 2459 397 2509; x_wconf 80' lang='lat' dir='ltr'>vixit.</span> <span class='ocrx_word' id='word_1_270' title='bbox 406 2459 472 2509; x_wconf 88' lang='lat' dir='ltr'>Orbis</span> <span class='ocrx_word' id='word_1_271' title='bbox 481 2473 555 2509; x_wconf 90' lang='lat' dir='ltr'>autern</span> <span class='ocrx_word' id='word_1_272' title='bbox 562 2461 629 2509; x_wconf 88' lang='lat' dir='ltr'>situm</span> <span class='ocrx_word' id='word_1_273' title='bbox 638 2460 760 2510; x_wconf 88' lang='lat' dir='ltr'>describere</span> <span class='ocrx_word' id='word_1_274' title='bbox 767 2478 880 2519; x_wconf 82' lang='lat' dir='ltr'>aggressus</span> <span class='ocrx_word' id='word_1_275' title='bbox 889 2461 983 2518; x_wconf 87' lang='lat' dir='ltr'>primurn</span> <span class='ocrx_word' id='word_1_276' title='bbox 1031 2459 1046 2506; x_wconf 60' lang='lat' dir='ltr'>ss]</span> 
     </span>
     <span class='ocr_line' id='line_1_33' title="bbox 201 2531 983 2592; baseline -0.004 -12"><span class='ocrx_word' id='word_1_277' title='bbox 201 2553 256 2590; x_wconf 86' lang='lat' dir='ltr'>quae</span> <span class='ocrx_word' id='word_1_278' title='bbox 271 2533 299 2581; x_wconf 84' lang='lat' dir='ltr'>sit</span> <span class='ocrx_word' id='word_1_279' title='bbox 310 2532 368 2580; x_wconf 87' lang='lat' dir='ltr'>orbis</span> <span class='ocrx_word' id='word_1_280' title='bbox 379 2531 456 2587; x_wconf 78' lang='lat' dir='ltr'>forma,</span> <span class='ocrx_word' id='word_1_281' title='bbox 468 2553 524 2591; x_wconf 85' lang='lat' dir='ltr'>quae</span> <span class='ocrx_word' id='word_1_282' title='bbox 535 2546 612 2591; x_wconf 76' lang='lat' dir='ltr'>partes</span> <span class='ocrx_word' id='word_1_283' title='bbox 618 2533 730 2586; x_wconf 87' lang='lat' dir='ltr'>maximae,</span> <span class='ocrx_word' id='word_1_284' title='bbox 747 2552 803 2592; x_wconf 84' lang='lat' dir='ltr'>quae</span> <span class='ocrx_word' id='word_1_285' title='bbox 814 2532 918 2590; x_wconf 86' lang='lat' dir='ltr'>singulae,</span> <span class='ocrx_word' id='word_1_286' title='bbox 930 2548 983 2590; x_wconf 85' lang='lat' dir='ltr'>quae</span> 
     </span>
     <span class='ocr_line' id='line_1_34' title="bbox 201 2604 983 2666; baseline -0.001 -12"><span class='ocrx_word' id='word_1_287' title='bbox 201 2605 335 2662; x_wconf 82' lang='lat' dir='ltr'>habitabiles,</span> <span class='ocrx_word' id='word_1_288' title='bbox 352 2626 407 2665; x_wconf 88' lang='lat' dir='ltr'>quae</span> <span class='ocrx_word' id='word_1_289' title='bbox 421 2606 524 2662; x_wconf 85' lang='lat' dir='ltr'>desertae,</span> <span class='ocrx_word' id='word_1_290' title='bbox 540 2625 614 2655; x_wconf 90' lang='lat' dir='ltr'>rursus</span> <span class='ocrx_word' id='word_1_291' title='bbox 628 2627 682 2666; x_wconf 85' lang='lat' dir='ltr'>quas</span> <span class='ocrx_word' id='word_1_292' title='bbox 697 2625 744 2655; x_wconf 90' lang='lat' dir='ltr'>oras</span> <span class='ocrx_word' id='word_1_293' title='bbox 763 2619 784 2655; x_wconf 88' lang='lat' dir='ltr'>et</span> <span class='ocrx_word' id='word_1_294' title='bbox 798 2606 861 2655; x_wconf 84' lang='lat' dir='ltr'>litora</span> <span class='ocrx_word' id='word_1_295' title='bbox 875 2626 934 2655; x_wconf 89' lang='lat' dir='ltr'>mare</span> <span class='ocrx_word' id='word_1_296' title='bbox 947 2604 983 2653; x_wconf 62' lang='lat' dir='ltr'>hg,</span> 
     </span>
    </p>
   </div>
   <div class='ocr_carea' id='block_1_5' title="bbox 157 2788 1040 2973">
    <p class='ocr_par' dir='ltr' id='par_1_14' title="bbox 157 2785 1040 2973">
     <span class='ocr_line' id='line_1_35' title="bbox 217 2788 983 2844; baseline 0.005 -13"><span class='ocrx_word' id='word_1_297' title='bbox 217 2788 245 2835; x_wconf 82' lang='grc'>16.</span> <span class='ocrx_word' id='word_1_298' title='bbox 252 2790 282 2835; x_wconf 85' lang='lat' dir='ltr'>Ex</span> <span class='ocrx_word' id='word_1_299' title='bbox 292 2789 395 2834; x_wconf 84' lang='lat' dir='ltr'>Caesareas</span> <span class='ocrx_word' id='word_1_300' title='bbox 405 2807 453 2834; x_wconf 87' lang='lat' dir='ltr'>corr.</span> <span class='ocrx_word' id='word_1_301' title='bbox 508 2789 541 2835; x_wconf 86' lang='lat' dir='ltr'>2l.</span> <span class='ocrx_word' id='word_1_302' title='bbox 551 2789 653 2844; x_wconf 70' lang='lat' dir='ltr'>(stul-duit</span> <span class='ocrx_word' id='word_1_303' title='bbox 664 2796 676 2835; x_wconf 87' lang='grc' dir='ltr'>ι’.</span> <span class='ocrx_word' id='word_1_304' title='bbox 687 2808 709 2840; x_wconf 88' lang='lat' dir='ltr'>r.;</span> <span class='ocrx_word' id='word_1_305' title='bbox 720 2799 763 2835; x_wconf 84' lang='lat' dir='ltr'>erut</span> <span class='ocrx_word' id='word_1_306' title='bbox 773 2789 816 2835; x_wconf 86' lang='lat' dir='ltr'>l..it.</span> <span class='ocrx_word' id='word_1_307' title='bbox 872 2790 905 2835; x_wconf 86' lang='lat'>22.</span> <span class='ocrx_word' id='word_1_308' title='bbox 915 2803 983 2843; x_wconf 81' lang='lat' dir='ltr'>quae...</span> 
     </span>
     <span class='ocr_line' id='line_1_36' title="bbox 157 2852 1040 2910; baseline -0.002 -12"><span class='ocrx_word' id='word_1_309' title='bbox 157 2855 294 2910; x_wconf 84' lang='lat' dir='ltr'>superioribus</span> <span class='ocrx_word' id='word_1_310' title='bbox 308 2862 322 2899; x_wconf 85' lang='grc' dir='ltr'>ι’.</span> <span class='ocrx_word' id='word_1_311' title='bbox 336 2863 411 2906; x_wconf 84' lang='lat' dir='ltr'>r.;er‹rt</span> <span class='ocrx_word' id='word_1_312' title='bbox 425 2854 551 2908; x_wconf 86' lang='lat' dir='ltr'>superiorum</span> <span class='ocrx_word' id='word_1_313' title='bbox 565 2855 638 2909; x_wconf 85' lang='lat' dir='ltr'>scripta</span> <span class='ocrx_word' id='word_1_314' title='bbox 652 2854 701 2901; x_wconf 85' lang='lat' dir='ltr'>vidit</span> <span class='ocrx_word' id='word_1_315' title='bbox 719 2866 739 2900; x_wconf 84' lang='lat' dir='ltr'>et</span> <span class='ocrx_word' id='word_1_316' title='bbox 758 2874 804 2910; x_wconf 82' lang='lat' dir='ltr'>que.</span> <span class='ocrx_word' id='word_1_317' title='bbox 858 2856 899 2901; x_wconf 19' lang='lat'>⁷33.</span> <span class='ocrx_word' id='word_1_318' title='bbox 914 2852 984 2910; x_wconf 67' lang='lat' dir='ltr'>(liuore</span> <span class='ocrx_word' id='word_1_319' title='bbox 1032 2873 1040 2909; x_wconf 74' lang='lat' dir='ltr'><em>j</em></span> 
     </span>
     <span class='ocr_line' id='line_1_37' title="bbox 157 2921 359 2973; baseline -0.005 -6"><span class='ocrx_word' id='word_1_320' title='bbox 157 2927 211 2973; x_wconf 79' lang='lat' dir='ltr'>1¹.r.;</span> <span class='ocrx_word' id='word_1_321' title='bbox 225 2930 267 2966; x_wconf 83' lang='lat' dir='ltr'>erut</span> <span class='ocrx_word' id='word_1_322' title='bbox 281 2921 359 2966; x_wconf 73' lang='lat' dir='ltr'>littora?</span> 
     </span>
    </p>
   </div>
   <div class='ocr_carea' id='block_1_6' title="bbox 0 0 1063 3253">
    <p class='ocr_par' dir='ltr' id='par_1_15' title="bbox 0 0 1063 3253">
     <span class='ocr_line' id='line_1_38' title="bbox 0 0 1063 3253; baseline 0 0"><span class='ocrx_word' id='word_1_323' title='bbox 0 0 1063 3253; x_wconf 95' lang='lat' dir='ltr'> </span> 
     </span>
    </p>
   </div>
  </div>
 </body>
</html>
