2093 3253
238 162 373 195 scaurorum
387 135 515 207 uiusmrum
528 172 543 178 -
556 160 614 193 ursan
629 161 661 193 m.
837 148 863 193 77

79 280 174 333 Servius,
188 277 285 335 egregius
300 275 398 325 lVlaronis
411 276 524 334 interpres,
534 288 560 324 et
573 275 707 330 Macrobius,
721 281 765 322 non
778 274 863 322 ieiunus

77 364 159 406 auctor,
172 351 195 398 in
209 369 235 398 eo
245 348 303 398 libro
313 348 351 407 qui
365 347 513 397 Saturnalium
523 360 556 397 est
568 347 685 406 inscriptus
695 346 768 396 tradit.
781 346 865 394 Padum

79 443 167 484 quoque
181 424 277 472 Venetae
289 421 380 469 dicionis
393 441 439 469 esse
451 421 520 470 solere
532 419 597 469 refert
608 420 709 470 Lucanus
720 419 802 468 bellum
812 420 865 468 scri-

79 499 133 546 bens
142 495 204 545 civile
213 494 284 544 verbis
293 495 346 543 istis:
357 493 408 543 «Sic
416 494 500 544 Veneto
509 507 621 552 stagnante
630 493 696 542 Pado.
703 511 712 534 >t
722 492 796 542 Refert
804 493 865 548 item,

53 572 147 630 5quem
166 567 281 617 amatorios
298 567 358 615 vinter
378 579 452 625 poetas
471 567 590 622 nominavi,
612 566 736 625 Propertius
757 586 820 614 suam
838 565 867 614 ad

50 702 52 705 .
80 642 192 694 Cinthiam
200 641 230 691 ita
239 640 342 690 scribens:
352 658 361 682 t<
369 639 426 690 Tam
436 640 503 690 multa
512 640 548 689 illa
557 661 606 689 meo
615 640 684 689 divisa
692 653 725 689 est
734 640 793 689 milia
801 639 866 696 lecto,

50 765 52 767 ,
81 729 187 775 quantum
205 714 313 772 Hippanis
332 713 416 763 Veneto
435 713 525 762 dissidet
543 713 664 761 Eridano.»
683 712 775 761 Casibus
792 727 866 762 autern

81 788 151 842 variis,
165 787 197 836 uti
210 799 261 835 sunt
275 785 386 834 mutabilia
399 805 505 845 quaeque,
519 806 545 834 eo
558 798 649 834 ventum
661 797 693 834 est
706 797 731 834 ut
743 785 866 844 provinciae

82 861 145 910 buius
160 873 182 909 et
196 880 276 909 nomen
292 872 313 908 et
328 859 415 909 termini
431 859 507 908 mutati
518 860 568 907 sint.
584 859 651 916 Quod
660 871 734 907 autem
743 859 867 917 provinciae

44 937 70 985 11)
84 934 149 983 huius
163 946 225 982 vetus
238 932 316 981 soleret
334 952 414 981 nomen
432 952 485 987 esse,
504 932 528 980 id
540 945 599 980 tenet
612 932 678 980 modo
691 932 768 980 intimo
781 932 804 980 in
817 933 867 980 sinu

81 1006 185 1054 Adriatici
201 1006 265 1053 maris
280 1006 321 1052 sita
334 1004 387 1053 urbs
402 1017 485 1058 senatu,
501 996 587 1062 opibus,
602 1004 716 1052 dominatu
730 1004 821 1062 pollens.
836 1003 867 1051 Ea

83 1077 172 1137 quidem
186 1075 289 1126 Venetiae
308 1075 385 1135 plurali
405 1096 497 1125 numero
516 1075 648 1139 appellatur..
661 1075 760 1141 ‘Alteram
779 1096 868 1135 quoque
894 1083 896 1085 ’

84 1149 224 1208 Lugdunensi
241 1150 264 1198 in
280 1148 351 1198 Gallia
362 1149 502 1208 provinciam
517 1168 564 1197 esse
579 1168 635 1208 quae
650 1146 740 1197 Venetia
755 1162 868 1198 vocaretur

83 1236 180 1273 auctores
190 1236 311 1272 memorant
320 1222 417 1281 quidam.
428 1221 488 1271 Haec
496 1221 614 1271 Britaniam
622 1234 761 1283 prospectans
766 1221 868 1272 Occeano

47 1298 71 1348 15
86 1297 175 1346 adiacet.
192 1296 259 1345 lulius
274 1295 353 1345 Caesar
365 1296 443 1354 ipsam,
457 1295 518 1355 quod
530 1308 586 1344 terra
600 1297 697 1362 marique
711 1295 789 1344 florens
803 1298 868 1355 tergi-

84 1370 162 1419 versari
177 1370 272 1424 auderet,
292 1389 315 1418 se
334 1369 444 1418 domuisse
463 1369 507 1418 suis
526 1370 549 1417 in
569 1367 736 1418 Commentariis
755 1382 868 1418 memorat.

62 1497 64 1500 ¹
127 1443 250 1497 Caeterum,
266 1455 290 1490 ut
301 1454 334 1490 est
344 1442 390 1490 visa
400 1454 458 1490 aetas
469 1442 554 1496 idonea,
571 1441 686 1499 Virgilium
697 1460 790 1500 puerum
808 1455 869 1501 pater

85 1517 128 1564 iam
139 1516 204 1564 ditior
218 1514 287 1564 lactus
306 1515 382 1564 litteris
401 1514 547 1564 erudiendum
565 1514 633 1563 dedit.
660 1514 781 1564 Cremonae
799 1516 869 1573 prima

85 1590 128 1647 egit
138 1588 210 1637 studia
225 1587 296 1637 Maro.
312 1587 397 1647 Togam
412 1587 478 1636 etiam
492 1587 584 1643 virilem,
601 1600 626 1636 ut
642 1609 689 1636 mos
707 1600 753 1636 erat
763 1587 868 1647 gentium,

45 1662 74 1712 20
87 1661 117 1711 ibi
137 1662 237 1721 sumpsit.
279 1715 280 1719 ,
839 1663 842 1668 ’

128 1733 214 1793 Togam
220 1754 272 1783 vero
280 1735 364 1783 vestem
371 1734 431 1783 illam
438 1748 521 1783 veteres
529 1734 667 1794 appellabant
674 1756 730 1794 quae
741 1737 833 1784 exterior
844 1757 869 1784 ac

85 1807 148 1865 longa
156 1820 225 1856 vestes
233 1808 285 1855 alias
293 1821 381 1865 tegeret,
390 1808 527 1865 eandemque
534 1821 608 1865 togam
615 1828 628 1855 a
638 1809 732 1866 tegendo
740 1808 782 1856 dici
791 1809 869 1857 Nonus

86 1879 203 1928 Marcellus
217 1879 313 1929 scribens
327 1880 355 1929 de
369 1880 499 1940 proprietate
518 1879 635 1929 verborum
653 1880 727 1930 tradit.
738 1881 871 1931 Utebantur

86 1973 110 2000 ea
120 1952 212 2001 Romani
221 1954 278 2001 cives
288 1954 402 2012 presertim
411 1954 449 2012 qui
458 1954 598 2003 versabantur
607 1955 630 2002 in
639 1954 687 2002 loro
696 1974 721 2003 ac
730 1956 793 2013 periti
802 1968 870 2004 erant.

46 2024 73 2073 25
89 2024 219 2074 Mulieribus
231 2046 319 2085 quoque
329 2027 361 2076 uti
372 2045 450 2084 genere
460 2026 497 2075 illo
508 2024 630 2076 vestimenti
635 2018 726 2076 licebat.

129 2097 205 2146 Annos
215 2111 300 2158 septem
311 2118 336 2148 ac
348 2099 424 2148 decem
438 2098 515 2158 agebat
532 2098 597 2148 Maro
613 2119 664 2147 cum
680 2113 754 2159 togam
770 2101 871 2161 sumpsit.

87 2168 147 2218 Tum
159 2170 214 2220 lorte
226 2172 312 2227 iterum,
329 2173 367 2232 qui
384 2170 471 2222 lucrant
485 2192 536 2221 cum
555 2186 684 2228 nasceretur.
705 2173 805 2223 consules
826 2173 870 2222 Gn.

87 2243 202 2301 Pompeius
215 2257 237 2292 et
248 2244 274 2293 L.
280 2245 371 2294 Crassus
380 2258 449 2294 erant.
457 2246 508 2302 Quo
515 2258 589 2294 autem
597 2246 633 2294 die
645 2259 696 2303 toga
708 2259 741 2295 est
753 2268 766 2295 a
779 2247 871 2295 Marone

65 2368 66 2371 ,
87 2329 180 2374 sumpta,
189 2317 267 2366 eodem
275 2317 397 2375 Lucretius,
406 2318 444 2378 qui
453 2319 509 2368 esset
516 2331 580 2378 poeta
588 2317 701 2376 excellens
707 2319 750 2369 vita
756 2318 870 2369 defunctus

47 2385 75 2435 30
89 2400 129 2437 est.
139 2387 249 2438 Eruditior
259 2390 348 2439 tandem
362 2390 432 2441 lactus
443 2390 515 2440 lVlaro
523 2390 631 2441 Cremona
647 2391 805 2447 Mediolanum,
822 2391 871 2441 Me-

87 2460 174 2509 diolano
185 2462 284 2518 Romam,
291 2463 360 2512 Roma
366 2464 482 2523 Neapolim
493 2465 619 2523 perquirens
630 2465 701 2514 studia
711 2464 821 2524 profectus
832 2478 872 2514 est.

46 2573 189 2585 -.,,-.,,.

85 2642 100 2681 l.
108 2643 154 2682 Serv.
162 2644 183 2681 nd
191 2644 238 2686 Aen..
246 2659 263 2688 p.
275 2645 289 2682 1.
298 2646 315 2683 4.
323 2644 380 2683 Thilo.
431 2645 446 2683 l.
454 2645 529 2683 Maeroh.
538 2644 575 2684 Sar.
583 2646 603 2685 V¹
612 2647 629 2684 2.
636 2647 655 2684 l.
704 2645 826 2687 3.Luesn.1V.
835 2647 873 2686 l34.

47 2699 64 2736 5.
76 2701 124 2747 Prop.
138 2702 151 2741 l.
167 2703 193 2741 12.
208 2704 244 2742 3-4.
296 2704 322 2742 15.
334 2705 382 2744 Caes.
394 2707 415 2745 Β.
427 2705 488 2743 G.lll.
494 2705 544 2744 8-16.
593 2707 621 2744 23.
634 2708 685 2751 Non..
697 2723 714 2753 p.
726 2708 762 2746 406
775 2709 801 2748 Μ.

48 2805 191 2816 ---.-—

87 2865 107 2909 3.
121 2864 152 2913 Er
161 2866 253 2913 dictionis
262 2886 311 2914 corr.
369 2868 399 2915 14.
408 2869 492 2925 quidam
501 2875 515 2915 ἰ.
525 2888 541 2922 r;
551 2880 593 2916 erar
603 2870 703 2927 plurique.
758 2874 791 2919 21.
800 2883 876 2918 vestem

48 2926 102 2981 illam
115 2934 207 2989 vetelres)
221 2941 235 2980 i.
250 2954 265 2980 r.
321 2936 353 2982 22.
368 2936 441 2982 Nonus
454 2943 514 2983 ettam
527 2944 548 2983 tn
561 2938 631 2984 indice.
