2093 3253
269 192 400 225 scaurorum
415 193 542 224 incestarum
555 204 570 209 —
583 192 642 223 arnan
656 193 690 223 xv.
851 178 890 225 113

106 308 156 356 teris
173 306 229 354 ferre
244 307 318 355 animo
332 326 403 365 aequo
419 301 539 356 Antonium
556 327 603 356 esse
619 307 731 374 consulem
747 319 833 357 coactus
850 320 890 356 est.

106 381 194 440 Quippe
206 381 245 429 die·
254 382 294 429 ista
307 380 405 429 Caesaris
418 381 523 430 occisores
536 394 558 430 et
570 381 593 430 in
606 393 681 430 senatu
693 395 716 440 et
727 394 795 431 totam
807 378 890 441 ubique

105 472 144 512 per
158 453 235 502 urbem
249 474 301 501 cum
315 452 403 511 publice
418 465 466 501 tum
481 455 564 511 private
580 453 693 503 collaudati
710 475 795 503 summe
812 453 889 503 libera-

104 539 205 585 toresque
221 526 303 590 patriae
319 545 359 585 pro
375 525 439 574 laude
454 524 586 585 amplissima
601 525 710 590 appellati,
727 526 785 576 Ludi
801 546 890 586 quoque

78 601 91 649 5
105 599 242 657 Apollinares
255 599 289 648 M.
302 599 363 648 Bruti
376 600 470 654 nomine,
483 599 543 657 quod
554 597 655 648 facinoris
667 598 744 649 luisset
754 613 837 655 auctor,
849 601 889 648 ho-

104 691 156 720 nore
171 670 292 721 incredibili
309 671 417 720 celebrati.
434 669 510 719 Cassio
525 690 576 720 vero
592 692 617 720 ac
634 672 664 720 D.
681 673 748 732 Bruto
766 674 889 731 provinciae

105 747 173 801 datae,
188 758 314 804 quaestores
324 744 400 800 addite
409 744 528 802 legatorum
536 764 639 795 numerus
646 758 730 795 auctus.
739 746 836 811 Maxima
843 746 894 796 erat

104 818 259 878 congratulatio
274 818 297 866 in
312 818 367 866 urbe
381 818 505 876 putantium
520 837 566 867 rem
581 818 691 877 publicam
706 817 831 877 restitutam
842 839 889 867 esse

104 891 228 950 redisseque
240 891 268 940 ad
280 891 337 949 leges
351 910 376 939 ac
388 890 435 940 lore
447 891 508 950 quod
520 891 621 950 deinceps
633 892 708 941 civitas
720 891 888 951 haudquaquam

66 965 91 1013 10
106 965 170 1011 unius
184 977 239 1012 nutu
254 978 276 1012 et
290 964 406 1017 voluntate,
420 965 452 1011 uti
466 963 557 1011 Caesare
571 965 621 1011 vivo
639 965 751 1022 coepisset,
767 966 806 1028 sed
821 967 888 1013 maio·

104 1055 153 1083 rum
167 1054 233 1091 more,
249 1036 280 1084 uti
295 1035 378 1084 solebat
392 1036 459 1094 prius,
474 1054 512 1094 per
527 1048 625 1084 senatum
640 1049 661 1085 et
675 1036 782 1095 populum
801 1036 888 1094 publico

104 1108 193 1164 consilio
207 1122 323 1167 regeretur.

145 1180 195 1231 Erat
209 1183 299 1241 quidem
313 1183 410 1231 restituta
421 1201 454 1230 res
465 1181 557 1238 publica,
569 1182 591 1230 ni
602 1183 680 1251 omnia,
692 1203 742 1230 cum
753 1203 799 1231 esse
814 1185 886 1242 quieta

103 1255 232 1311 viderentur,
248 1255 393 1314 perturbasset
405 1253 520 1303 Antonius.
538 1255 558 1302 ls
571 1254 657 1313 nanque
672 1275 805 1313 quamquam
816 1257 886 1305 verbis

65 1330 89 1376 l5
105 1349 180 1386 pacem
189 1341 290 1387 appetere
299 1328 416 1382 simularet,
426 1330 499 1378 animo
508 1341 587 1383 tamen,
597 1329 629 1378 uti
639 1326 709 1394 luerat
718 1349 803 1397 semper
816 1331 887 1388 suspi-

103 1416 163 1451 catus
175 1402 253 1452 Cicero
264 1423 293 1467 ac
301 1423 365 1461 saepe
376 1403 504 1461 predixerat,
516 1414 537 1451 et
549 1400 646 1451 Caesaris
659 1423 734 1451 necem
745 1402 854 1452 vindicare
865 1417 887 1452 et

103 1468 239 1524 dominatum
246 1477 347 1534 arripere,
356 1495 408 1523 cum
415 1488 495 1533 posset,
503 1476 531 1529 vi,
540 1476 612 1529 armis,
621 1475 679 1530 dolo,
687 1476 770 1524 insidiis
778 1477 886 1534 cupiebat.

104 1548 162 1596 Cum
182 1549 247 1606 igitur
265 1548 300 1596 die
317 1548 434 1596 constituta
452 1547 548 1596 Caesaris
566 1546 632 1595 funus
650 1547 733 1595 celebre
750 1560 847 1605 ageretur
864 1562 885 1597 et

103 1641 196 1679 pompae
203 1632 311 1679 praeesset
320 1620 375 1677 ipse,
383 1621 502 1668 orationem
509 1639 641 1668 venenosam
649 1620 678 1668 ad
687 1640 734 1668 eam
742 1639 788 1669 rem
796 1641 886 1679 compo-

61 1695 90 1741 le
105 1694 168 1742 sitam
182 1693 265 1743 habuit.
276 1693 374 1743 Primum
386 1692 482 1752 quidem,
494 1693 525 1741 uti
537 1705 582 1741 erat
593 1713 640 1740 mos
650 1693 739 1751 patrius,
751 1689 794 1751 egit
804 1693 832 1742 de
840 1692 885 1742 lau-

102 1766 167 1814 dibus
187 1768 274 1820 mortui;
292 1767 371 1814 deinde
389 1767 470 1814 sensim
487 1766 515 1813 ad
534 1767 745 1814 commiserationem
762 1786 843 1820 versus,
862 1781 887 1814 ut

101 1839 156 1888 vidit
169 1839 314 1889 multitudinis
326 1840 409 1889 animos
422 1838 560 1893 commoveri,
574 1858 632 1887 nunc
645 1837 684 1887 hos
697 1859 755 1887 nunc
768 1837 816 1898 illos
829 1840 886 1898 aspi·

76 1976 78 1982 A
103 1913 169 1969 ciens,
184 1933 250 1972 quam
264 1913 305 1962 sub
316 1924 366 1971 toga
377 1913 483 1962 occultam
495 1911 595 1968 habebat,
608 1911 704 1970 Caesaris
715 1925 798 1961 vestem
809 1912 883 1962 eduxit

102 1988 236 2045 eandemque
250 2007 315 2035 manu
329 1986 433 2035 extollens
446 1987 495 2040 alte,
509 1998 534 2034 ut
548 1986 616 2035 videri
629 1987 726 2044 undique
740 1999 820 2045 posset,
835 1984 885 2036 hinc

62 2060 88 2105 25
98 2072 212 2110 ,recentem
223 2060 300 2117 optimi
312 2060 415 2117 principis
427 2078 526 2107 cruorem
532 2072 558 2110 ,et
570 2079 626 2117 quae
636 2059 756 2117 pugionum
768 2073 827 2107 erant
838 2080 885 2107 ere-

101 2131 140 2179 bra
155 2130 260 2181 foramina
273 2132 341 2189 digito
352 2130 475 2190 singulatim
486 2144 603 2190 ostentans,
616 2131 667 2180 inde
678 2131 757 2181 mortui
768 2132 884 2181 admirabi·

102 2205 144 2253 lem
158 2206 301 2260 clementiam,
315 2205 471 2263 amplissimam
484 2204 641 2260 liberalitatem,
656 2205 805 2254 incredibilem
818 2206 884 2254 animi

57 2331 58 2336 Ἰ
101 2278 273 2336 magnitudinem
285 2298 352 2336 quam
364 2278 457 2326 maxime
468 2277 565 2331 laudans,
577 2278 639 2326 Bruti
652 2297 704 2335 vero
715 2298 739 2326 ac
751 2278 884 2336 reliquorum

101 2352 139 2409 qui
151 2372 202 2400 eum
216 2351 346 2400 occidissent
358 2372 466 2400 summam
478 2350 661 2411 ingratitudinem,
674 2350 798 2401 sceleratam
809 2351 883 2410 prodi-

59 2423 87 2471 30
102 2425 191 2479 tionem,
197 2425 317 2474 inauditam
325 2423 474 2473 crudelitatem
481 2418 767 2486 vocepermagnaincusans‚
774 2437 884 2487 postremo

101 2496 167 2546 lidem
181 2498 256 2556 populi
272 2497 363 2547 Romani
378 2498 406 2546 ad
420 2497 538 2547 vindictam
553 2518 671 2556 exposcens
685 2499 739 2547 adeo
753 2497 822 2556 plebis
836 2499 883 2546 ani-

101 2591 147 2619 mos
159 2570 230 2619 subita
238 2572 270 2619 ira
277 2584 299 2620 et
307 2569 380 2630 lurore
388 2570 485 2626 accendit
493 2584 518 2620 ut
527 2590 576 2629 pars
586 2570 695 2620 sublatum
701 2570 797 2620 Caesaris
803 2589 882 2630 corpus

100 2643 123 2692 in
137 2643 185 2692 loro
199 2657 327 2699 cremarent,
341 2664 391 2703 pars
404 2643 487 2693 lacibus
499 2645 595 2693 accensis
608 2644 636 2694 ad
649 2644 812 2694 inflammandas
826 2645 883 2693 occi-

99 2735 174 2765 sorum
188 2718 266 2765 domos
280 2717 376 2766 tumultu
396 2738 475 2775 magno
495 2730 654 2766 concurrerent.
674 2718 776 2776 Denique
796 2738 821 2766 eo
836 2716 883 2775 loci
923 2782 925 2784 V

59 2787 87 2835 35
103 2788 200 2838 Romana
211 2807 245 2838 res
256 2789 316 2838 venit
327 2803 351 2838 ut
363 2796 449 2838 senatus
463 2790 602 2845 occisoribus,
615 2790 676 2849 plebs
687 2790 783 2838 Antonio
794 2789 882 2844 laveret,

331 2869 341 2898 e

58 2904 201 2913 -ψ--ψ-ῄ

98 2968 131 3015 34.
146 2970 175 3017 Ex
189 2969 276 3015 tumulto
290 2989 338 3014 corr.
