2093 3253
253 133 381 165 scaurorum
396 132 520 165 uiusrmuvr
534 143 548 148 -
561 131 619 162 uam
633 131 669 162 vu.
835 117 872 162 195

85 255 87 260 ’
129 252 229 299 Praetura
239 246 312 298 exacta
321 250 368 297 eius
377 249 399 296 in
409 249 507 303 domum,
518 248 578 313 quod
587 261 643 296 esset
652 246 750 306 pontilex
759 247 872 301 maximus,

88 323 182 374 Vestales
194 323 287 380 virgines
299 334 320 370 et
332 321 397 370 simul
408 342 463 380 quae
475 322 497 369 in
508 321 562 369 urbe
575 333 684 369 matronae
695 333 755 368 erant
767 320 873 378 pudicicia

88 412 108 448 et
123 397 234 447 nobilitate
256 388 368 454 primariae
389 395 543 454 celebrandum
563 395 591 443 ad
611 393 692 442 festum
712 394 785 441 Bonae
805 393 872 447 Deae,

88 471 148 531 quod
163 468 352 532 publi-caesalutis
365 468 687 525 causa›quotannis-maiorum
703 487 714 514 e
730 485 790 514 more
805 466 872 520 fieret,

63 531 254 599 §congregantur
270 541 318 589 Hoc
335 542 358 589 in
375 539 430 588 festo
448 537 508 597 quae¹
520 540 617 588 iacienda
634 552 694 588 erant
711 540 784 607 omnia
801 539 873 597 exple·

88 616 140 665 bant
149 613 242 663 feminae
257 613 330 668 modo,
340 614 387 662 viro
396 625 469 662 autem
483 614 585 671 cuiquam
594 633 665 671 neque
675 613 727 661 deae
736 624 819 660 certum
834 632 873 660 no·

90 709 139 738 men
150 688 204 736 scire
215 707 286 746 neque
297 686 406 745 pontilicis
418 686 509 735 domum
525 687 604 739 intrare
615 707 655 735 nec
671 686 715 735 ulla
725 687 748 734 in
764 704 787 734 re
798 705 821 734 se
831 687 873 734 im-

89 762 178 809 miscere
190 773 227 808 aut
239 760 361 807 cerimoniis
374 759 449 807 adesse
461 758 546 807 licebat.
561 759 593 807 Ita
605 760 663 806 enim
675 780 687 806 a
699 756 816 823 maioribus
829 771 874 806 erat

89 833 212 884 institutum
224 852 249 881 ac
261 832 307 893 lege
320 844 424 892 perpetua
436 831 570 882 custoditum
582 845 606 882 ut
618 852 662 881 non
675 830 714 881 viri
727 830 793 881 modo
803 843 873 881 aetate

52 911 77 956 10
91 907 168 954 maturi
182 907 220 953 sed
232 907 293 963 pueri
307 905 407 953 infantuli
420 906 485 963 etiam
496 917 562 963 atque
574 924 636 963 sexus
650 897 761 952 masculini
774 904 874 952 animalia

89 977 161 1027 omnia
172 976 310 1035 pellerentur.
322 977 386 1025 Adde
397 976 457 1035 quod
468 976 594 1034 animalium
606 976 751 1024 masculorum
762 977 873 1034 imagines,

89 1052 106 1099 si
121 1071 176 1110 quae
189 1070 283 1108 usquam
296 1050 366 1108 pictae
379 1063 457 1104 essent,
471 1050 494 1097 in
507 1070 532 1097 ea
545 1048 653 1107 pontilicis
666 1049 733 1097 domo
745 1049 827 1107 ubique
839 1050 874 1097 in-

89 1137 146 1173 terea
159 1123 288 1172 velarentur.
303 1122 393 1178 Clodius
407 1135 488 1178 autem,
502 1122 540 1182 qui
554 1136 610 1171 esset
624 1122 691 1171 nobili
706 1121 849 1194 Claudiorum
862 1143 873 1171 e

88 1198 169 1247 familia
184 1211 249 1257 atque
265 1198 367 1257 patricius
383 1198 503 1246 etiuvenis
520 1198 621 1246 iuvenem
636 1194 768 1255 Pompeiam,
784 1217 874 1247 uxorem

54 1272 76 1321 l5
92 1271 195 1324 Caesaris,
212 1270 328 1324 adamaret,
345 1271 430 1327 assequi
448 1269 489 1317 hoe
505 1283 603 1328 tempore
620 1270 680 1328 quod
701 1283 789 1333 cuperet
810 1272 874 1328 posse

90 1357 147 1394 ratus
164 1343 255 1393 domum
272 1343 380 1403 pontificis
397 1355 469 1402 spreta
486 1343 661 1401 religioneinter
678 1356 751 1392 coetus
758 1343 874 1393 mulierum

90 1416 189 1466 muliebri
204 1416 245 1464 sub
259 1424 317 1465 veste
332 1430 401 1465 tectus
416 1418 524 1474 ingressus
539 1430 578 1464 est.
595 1413 669 1475 lpsuni
683 1417 741 1465 enim
756 1437 811 1475 quae
825 1438 874 1465 mu-

90 1490 150 1536 lieres
161 1489 250 1536 aderant
261 1508 336 1536 omnes
348 1488 442 1536 femineo
454 1488 529 1536 habitu
541 1489 642 1546 deceptae
653 1509 693 1536 nec
704 1490 745 1536 tale
756 1490 874 1552 quicquam

90 1562 209 1620 suspicatae
224 1554 337 1610 mulierem
352 1581 398 1610 esse
413 1560 529 1611 credebant
543 1575 608 1620 atque
623 1575 647 1610 ut
663 1559 775 1610 mulierem
784 1562 873 1621 ingredi

48 1635 78 1700 20
93 1635 182 1683 domum
190 1656 215 1684 ac
224 1635 345 1683 cerimoniis
354 1635 428 1684 adesse
437 1654 498 1694 passe
507 1648 565 1699 sunt.
574 1635 674 1684 Tandem
683 1654 733 1683 vero
742 1655 793 1684 cum
801 1636 873 1684 studio

90 1708 230 1756 inveniendae
244 1707 358 1765 Pompeiae
373 1726 411 1765 per
425 1708 516 1755 domum
536 1707 578 1754 huc
593 1720 614 1755 et
633 1707 683 1756 illuc
698 1721 756 1756 extra
775 1708 874 1757 ordinem

90 1793 208 1839 vagaretur,
220 1780 295 1828 incidit
306 1779 361 1829 forte
374 1781 396 1828 in
406 1779 506 1829 ancillam
516 1781 615 1830 Aureliae
627 1781 703 1839 (mater
714 1782 766 1831 haec
774 1781 873 1831 vCaesaris

91 1852 150 1911 erat).
168 1853 206 1901 Illa
218 1854 323 1912 quidnam
334 1855 445 1912 perquirat
457 1847 524 1912 rogat.
538 1854 581 1902 lste
592 1867 665 1903 autem
677 1855 809 1914 respondens
821 1876 874 1904 voce

90 1926 132 1974 leni
141 1939 162 1974 et
171 1938 252 1985 quanta
260 1939 331 1985 potest
339 1926 432 1975 leminea
441 1926 539 1975 simulata
548 1928 672 1986 perquirere
680 1949 703 1976 se
711 1928 800 1983 Auram,
809 1929 873 1977 Pom-

52 1998 77 2045 25
93 2000 152 2056 peiae
163 1999 270 2054 ancillam,
283 1999 342 2048 di'cit.
354 2000 439 2048 Ancilla
450 2018 501 2047 vero
513 2000 571 2048 vocis
583 2021 595 2049 e
607 2020 661 2049 sono
673 2001 744 2063 virum
756 2022 802 2050 esse
814 2022 874 2050 com-

90 2072 174 2129 periens
192 2072 302 2127 exclamat,
319 2071 436 2121 femineam
452 2073 538 2121 turbam
555 2073 654 2122 concitat.
671 2074 780 2124 Advolant
791 2096 872 2133 omnes,

90 2145 258 2200 circumsistunt,
275 2145 367 2194 clamore
383 2147 455 2194 omnia
471 2146 561 2203 replent.
578 2146 668 2195 Clodius
683 2161 756 2213 autem
771 2147 873 2206 suffragio

90 2216 216 2267 ancillarum
226 2218 312 2268 adiutus
324 2218 406 2277 effugit.
417 2219 537 2268 Accusatur
547 2220 650 2278 sacrilegii
658 2220 699 2283 sed
710 2220 817 2270 iudicibus
826 2239 873 2270 cor·

91 2291 166 2350 ruptis,
178 2293 237 2352 quod
248 2293 307 2342 dives
318 2289 516 2348 essetabsolvitur.
527 2294 605 2355 Caesar
615 2309 672 2350 vero,
683 2296 722 2344 etsi
733 2295 818 2345 nullum
828 2316 874 2344 ma-

53 2360 79 2409 30
93 2363 174 2413 culatae
185 2365 257 2414 uxoris
268 2366 355 2424 signum
365 2366 460 2421 haberet,
471 2388 519 2415 eam
529 2379 601 2416 tamen
612 2369 708 2425 gentium
719 2388 778 2417 more
789 2369 873 2427 repudii

91 2436 140 2506 dato
151 2437 324 2507 libellodimisit.
337 2439 472 2498 interogatus
483 2453 556 2489 autem
566 2441 708 2499 quamobrem
718 2460 808 2490 uxorem
818 2462 874 2502 quae

91 2507 157 2566 dives,
172 2533 227 2570 quae
241 2512 327 2568 nobilis,
342 2534 397 2571 quae
410 2513 501 2569 iuvenis
516 2514 669 2573 quaepudica‚
684 2535 739 2574 quae
753 2516 785 2564 sui
799 2536 874 2565 amans

91 2596 145 2632 esset
160 2585 285 2640 dimitteret,
294 2586 405 2644 respondit
413 2586 467 2634 velle
474 2585 577 2634 familiam
585 2607 646 2636 suam
654 2609 698 2648 non
706 2587 795 2636 crimine
802 2588 874 2637 solum
939 2640 940 2644 ,

90 2659 246 2705 verumetiam
260 2659 382 2715 suspicione
397 2677 475 2707 carere.
825 2651 827 2654 ι

52 2722 78 2772 35
135 2728 217 2779 Consul
236 2750 286 2779 vero
305 2731 393 2788 tandem
412 2730 481 2781 lactus
500 2731 579 2781 Caesar
597 2733 656 2791 signa
675 2734 786 2793 complura
805 2735 874 2787 haud,-

53 2840 191 2855 χ-Ὴῃ

92 2906 108 2949 l.
122 2905 152 2953 Ex
167 2908 247 2952 Pretura
261 2927 310 2953 corr.
366 2911 384 2954 7.
399 2908 455 2966 (ullla
469 2916 482 2955 i.
494 2929 515 2962 r.;
529 2919 571 2977 erat
583 2910 631 2955 ullo.
686 2911 718 2956 20.
733 2911 772 2957 Pro
786 2930 861 2965 passae.
