2093 3253
126 209 163 256 160
426 221 517 252 sicconis
531 220 646 250 rommom

167 337 195 386 ob
210 337 341 386 cumulatam
352 334 411 383 omni
422 347 467 383 arte
477 334 500 382 in
511 346 625 393 quaestura
637 332 758 396 pecuniam,
770 330 889 390 tumquod
900 331 948 403 inli.

168 430 202 458 ma
217 430 228 457 e
243 410 306 468 plebe
319 420 374 456 esset
388 420 409 454 et
422 425 499 464 genere
513 405 605 455 humiles
619 406 719 464 princeps
732 404 761 453 ad
774 404 866 453 honores
880 403 948 454 libens

168 485 219 531 odio
233 482 350 530 nobilitatis
365 482 463 537 erigeret.
479 479 530 527 Mos
545 479 634 537 quidem
649 477 821 536 principantibus
836 477 890 525 solet
904 497 950 526 esse

169 555 288 615 deprimere
305 552 395 608 nobiles,
412 551 504 602 exaltare
520 551 624 610 plebeios,
641 552 701 611 quod
717 551 765 600 illos
782 551 811 599 ob
828 550 952 608 superbiam
1028 559 1031 562 ’

142 630 155 678 5
171 641 274 682 metuant,
285 628 324 676 hos
333 646 384 675 vero
394 626 422 675 ob
432 627 522 684 gratiam
532 626 630 675 beneficii
640 646 686 674 esse
695 625 801 673 fideliores
812 636 896 691 putent.
906 622 951 673 Ne·

170 722 213 760 que
227 721 285 756 vero,
295 712 437 758 posteaquam
446 699 505 747 diem
514 698 622 757 Tyberius
632 698 693 752 obiit,
704 699 776 746 minus
786 716 847 745 carus
858 696 884 745 C.
895 695 953 745 Cali-

171 774 233 831 gulae
246 787 312 832 atque
326 773 405 820 deinde
421 771 513 820 Claudio
529 772 653 831 imperatori
668 771 717 819 luit.
726 770 866 819 -Nohilitatus
881 770 954 828 itaque

117 863 118 866 ’
172 847 260 896 Curtius
272 867 323 895 mox
333 846 389 894 inter
400 845 525 894 candidatos
536 845 636 903 apparuit
647 856 668 893 et
679 864 734 903 quos
746 844 807 902 petiit
819 843 954 900 magistratus

173 920 237 968 etiam
246 920 382 972 clarissimos,
392 939 429 966 eos
438 917 511 967 lavore
520 938 545 965 ac
555 917 659 965 beneficio
669 917 773 974 principis
784 916 867 963 habuit.
877 914 955 962 Exacta

135 994 160 1040 10
175 992 234 1039 enim
248 1004 362 1049 quaestura
375 1010 426 1037 mox
436 1003 558 1047 praeturam
569 990 669 1042 obtinuit,
681 989 759 1036 deinde
769 988 875 1035 consulari
887 986 957 1043 digni·

174 1076 217 1112 tate
227 1076 314 1112 ornatus
324 1063 415 1122 insignia
425 1063 490 1111 etiam
499 1062 638 1120 triumphalia
647 1075 757 1111 assecutus
767 1060 895 1128 estlpsum
904 1080 957 1108 nan·
1037 1071 1038 1124 J

175 1159 218 1195 que
228 1136 332 1185 Claudius
343 1135 473 1184 Germaniae
483 1137 611 1194 praesidem,
622 1136 700 1184 deiude
710 1130 863 1193 proconsulem
873 1132 958 1181 Africae

177 1210 303 1267 designavit.
314 1208 363 1257 Hoc
373 1210 396 1257 in
408 1209 533 1266 magistratu
543 1210 587 1256 vita
597 1208 713 1256 defunctus
724 1221 756 1256 cst
767 1206 856 1255 Curtius
867 1219 888 1253 et
899 1206 959 1264 quod

177 1281 272 1332 mulieris
287 1283 309 1331 in
324 1282 395 1340 specie
410 1280 514 1331 fantasma
529 1282 635 1340 praedixit
649 1282 712 1329 fatale
727 1282 862 1339 praesagium
876 1292 959 1328 creatus

139 1355 164 1405 l5
179 1354 264 1404 Africae
278 1354 394 1414 proconsul
408 1354 512 1414 implevit.
1025 1405 1033 1411 ,,

157 1443 162 1450 “’
220 1427 300 1476 Omnia
316 1428 405 1486 quidem
421 1442 453 1475 est
468 1448 553 1476 summa
569 1429 684 1485 prudentia
700 1441 828 1476 consecutus
845 1447 900 1485 quae
915 1428 961 1475 viro

179 1501 264 1558 egregio
278 1521 303 1548 ac
317 1499 384 1548 nobili
394 1499 531 1554 deberentur,
541 1500 601 1558 quod
610 1500 651 1548 sibi
661 1514 681 1548 et
691 1513 766 1549 natura
775 1513 796 1549 et
805 1499 891 1548 fortuna
900 1499 962 1548 dotes

181 1572 258 1622 multas
273 1573 403 1632 easdemque
416 1573 511 1632 egregias
525 1572 644 1622 tribuisset.
660 1573 709 1622 Una
724 1573 789 1622 modo
803 1574 826 1622 in
840 1592 863 1622 re
876 1585 962 1622 notatus
1027 1579 1044 1634 ¹,

180 1659 220 1700 est,
235 1647 302 1704 quod,
316 1659 340 1694 ut
353 1646 422 1693 solent
436 1646 505 1699 multi,
519 1647 632 1704 presertim
645 1647 711 1703 gratia
724 1647 848 1705 principum
862 1646 938 1694 humili
951 1666 966 1712 e>
1028 1650 1045 1701 ji

141 1719 170 1767 20
185 1730 241 1766 statu
255 1719 283 1766 ad
298 1719 389 1767 honores
401 1718 526 1777 splendidos
538 1718 621 1774 elevati,
633 1719 682 1779 plus
694 1719 762 1769 nimio
774 1718 894 1768 minoribus
905 1737 964 1768 arro·
1036 1712 1045 1749 z?

183 1812 242 1849 gans,
253 1792 340 1850 paribus
352 1791 451 1847 difficilis,
462 1792 608 1851 superioribus
619 1794 701 1841 amicus
712 1794 824 1841 simulatus
835 1805 857 1841 et
866 1793 965 1841 adulator

183 1878 245 1913 esset.
263 1865 287 1914 ln
302 1865 377 1913 litteris
398 1884 456 1919 vero,
478 1867 497 1912 si
519 1865 655 1913 doctissimos
677 1867 807 1923 quaerimus,
830 1867 888 1913 haud
910 1865 965 1914 intra

186 1937 321 1985 mediocriter
339 1936 434 1985 eruditos
454 1937 600 1987 numerandus
619 1950 658 1987 est.
670 1939 760 1987 ‘Rerum
777 1951 851 1987 autem
869 1951 967 1987 veterum
1032 1984 1047 2003 „

185 2011 265 2057 noticia
278 2010 396 2057 delectatus
409 2024 474 2069 atque
488 2011 510 2058 in
525 2010 638 2060 scribenda
649 2012 737 2060 historia
746 2025 815 2060 artem
825 2012 936 2069 quandam
946 2024 967 2059 et
1032 2011 1047 2078 {j

144 2083 172 2131 25
188 2084 277 2140 gratiam
290 2095 417 2132 consecutus
431 2102 506 2141 regum
520 2083 675 2139 Macedonum,
689 2084 783 2144 Philippi
797 2093 818 2134 et
832 2087 903 2142 magni
917 2085 967 2134 Ate·
1041 2080 1042 2083 Ξ

187 2156 270 2209 xandri,
284 2168 342 2212 gesta
356 2154 416 2202 libris
431 2156 475 2204 Xll
490 2157 639 2215 copiosissime
653 2160 786 2206 memoravit.
844 2165 846 2167 ’

229 2225 335 2277 Omnium
350 2246 400 2276 vero
415 2228 539 2287 principum
557 2251 582 2277 ac
601 2232 699 2289 gentium
717 2245 854 2281 externarum
873 2231 929 2282 lacta
949 2245 969 2281 et
1037 2249 1043 2284 t

188 2278 246 2350 dicta
254 2321 310 2360 quae
318 2303 384 2359 digna
395 2314 468 2349 essent
476 2305 579 2351 memoria
587 2303 673 2360 Trogus
684 2304 799 2362 Pompeius
807 2305 919 2381 amplexus
929 2320 969 2354 est.

189 2372 258 2422 Patria
267 2373 349 2430 huic
332 2394 350 2422 si
360 2386 534 2433 antiquissimam
542 2376 644 2435 petimus,
654 2376 788 2436 Hispanias
772 2398 789 2426 si
798 2398 877 2427 novam
885 2397 970 2437 quaeri
1015 2382 1016 2385 ’
1038 2361 1043 2445 ἰ

149 2446 178 2496 30
186 2466 242 2502 mus
249 2447 317 2495 Roma
330 2447 378 2495 luit
388 2447 475 2507 Quippe
489 2450 579 2498 maiores
593 2451 626 2499 sui
640 2470 666 2498 ex
675 2450 794 2506 Vocontiis,
804 2451 926 2515 Hispaniae
932 2473 971 2513 po·

191 2519 255 2578 pulis,
271 2521 354 2569 nobiles
368 2519 463 2569 luerunt.
478 2522 538 2571 Avus
547 2524 600 2577 eius,
609 2537 634 2571 ut
643 2525 728 2572 mittam
736 2524 875 2581 antiquiores,
885 2525 972 2584 Trogus

192 2593 280 2640 nomine
287 2592 408 2651 appellatus
416 2605 455 2646 est,
470 2594 502 2641 vir
515 2596 590 2654 utique
603 2615 654 2643 cum
667 2595 779 2644 nobilitate
792 2598 875 2654 generis
888 2610 937 2647 tum
950 2617 973 2646 re
1041 2594 1047 2653 Ξ

192 2664 278 2714 militari
288 2679 404 2725 spectatus.
418 2668 465 2717 Sub
479 2667 524 2717 Gn.
537 2667 648 2727 Pompeio,
661 2670 697 2718 cui
710 2677 785 2728 postea
800 2670 883 2730 Magno
891 2675 972 2731 cogno-
1042 2718 1047 2735 χ

193 2752 291 2788 mentum
299 2741 366 2789 virtus
380 2761 405 2789 ac
418 2741 504 2790 fortuna
518 2742 584 2796 dedit,
599 2754 656 2791 certa
669 2745 764 2802 quadam
777 2758 798 2792 et
812 2745 914 2803 singulari
923 2746 973 2799 fide,

166 2923 168 2927 λ
188 2874 341 2913 30.1ust.)tt111.
355 2875 372 2912 5.
388 2877 413 2914 rr.

196 2990 226 3036 l8.
240 3009 280 3047 que
286 3000 330 3044 post
339 2989 419 3037 easdem
431 3010 476 3038 sscr.
534 2993 564 3039 19.
579 2993 635 3039 multi
649 3002 663 3048 ι’,
673 3014 698 3046 r.;
709 3005 752 3040 erat
761 2995 853 3049 plurique
862 3004 903 3041 sine
912 2997 977 3042 dulu'o.
1045 2980 1047 3024 Ξ
