2093 3253
147 214 187 260 3⁶4
447 227 541 259 srccours
555 227 671 258 eocsuronr

190 355 244 391 teret
262 340 346 396 Caesar,
364 361 414 399 pars
431 340 555 399 negandum
571 342 661 390 omnino
677 354 796 395 censerent,
815 342 891 390 Cicero
908 345 974 401 gratia
1033 344 1041 386 ’ἶ

183 413 287 472 ¹Pompeii
306 413 375 461 victus
394 425 415 461 et
434 413 544 472 dignitatis
562 427 583 461 et
602 413 689 461 honoris
709 414 805 462 Caesaris
823 428 934 464 auctorem
951 436 974 465 se
1034 410 1045 477 ,f

190 508 215 536 ac
237 484 373 536 defensorem
395 485 499 536 exhibuit.
522 485 560 536 Est
582 506 668 547 nanque
691 485 800 536 Ciceronis
828 488 931 546 sapientia
953 503 975 540 et
1036 493 1038 495 ’

189 560 339 610 adhortatione
361 559 444 609 lactum
466 573 497 615 ut,
520 560 706 620 quemadmodum
733 573 815 619 peteret
837 560 922 616 Caesar,
945 563 974 611 ita
1036 581 1047 627 gs

153 635 177 681 v5
192 646 263 692 patres
281 646 302 681 et
319 632 486 692 supplicationes
504 632 545 681 diis
563 632 720 682 immortalibus
738 633 877 682 decernerent
894 647 919 682 et
933 635 972 683 im·

190 707 276 765 perium
295 706 337 755 sibi
357 705 441 755 Galliae
459 706 573 767 utriusque
592 707 614 754 in
634 705 794 770 quinquenium
812 700 904 756 alterum
922 725 973 765 pron
1040 758 1041 761 ,

190 791 296 839 rogarent.
316 779 364 828 Hac
381 781 408 828 de
426 798 449 827 re
466 779 577 828 Ciceronis
595 780 662 828 oratio
679 797 688 820 a
697 779 721 828 Si
739 779 788 838 quis
805 792 918 828 vestrum»
937 779 973 827 ba·
1036 777 1041 786 ⁴

190 853 261 902 betur.
281 853 380 902 Patribus
400 853 459 902 enim
478 853 651 902 confirmandum
668 853 785 902 ‘Caesarem
805 853 897 902 maxima
916 851 973 900 illius
1042 904 1045 919 ἱ

190 946 241 975 cum
256 925 326 980 laude,
344 925 465 975 Gabinium
480 944 531 974 vero
546 946 571 974 ac
586 925 687 974 Pisonem
702 946 714 973 e
730 925 791 983 Syria
807 939 828 974 et
844 924 973 973 Macedonia

152 1000 177 1047 10
192 998 335 1047 detrahendos
354 1017 439 1046 summa
456 1017 532 1048 eorum
550 1018 600 1047 cum
618 998 735 1057 ignominia
753 998 863 1057 persuasit
875 997 973 1049 ,oratione

190 1069 232 1118 illa.
1038 1066 1039 1069 Ἴ

232 1141 311 1191 Caesar
330 1160 381 1190 vero
401 1154 425 1190 ut
445 1141 514 1190 lactus
534 1155 566 1191 est
586 1143 663 1191 certior
683 1155 769 1192 senatus
789 1142 920 1198 consultum,
941 1144 972 1191 uti

190 1227 278 1273 peteret,
292 1234 357 1274 opera
369 1213 480 1263 Ciceronis
492 1214 581 1270 lactum,
594 1235 669 1263 omnes
681 1215 744 1264 adse
756 1216 779 1264 in
791 1213 886 1264 Galliam
897 1227 973 1265 euntes

191 1287 301 1336 Ciceronis
318 1288 399 1336 amicos
414 1301 479 1347 atque
495 1288 600 1346 imprimis
617 1288 644 1345 Q.
661 1287 749 1337 fratrem
765 1302 786 1337 et
802 1288 828 1337 C.
844 1286 973 1351 Trebatium
1042 1297 1044 1348 J

152 1362 177 1410 15
193 1360 369 1411 iurisconsultum
383 1361 476 1420 benigne
494 1361 605 1421 amiceque
624 1361 684 1418 vidit,
699 1362 789 1421 excepit,
804 1360 899 1411 retinuit.
913 1360 974 1410 Turn

192 1434 227 1492 Q„
245 1434 310 1483 frater
328 1434 446 1489 Ciceronis,
463 1435 523 1492 apud
539 1434 653 1483 Caesarem
670 1435 754 1493 egregia
771 1453 860 1483 munera
877 1434 931 1483 obiit
948 1455 971 1482 ac
1043 1438 1045 1440 ’

190 1507 275 1568 scripsit
293 1506 322 1555 ad
340 1507 469 1557 Ciceronem
487 1527 542 1567 quos
560 1506 614 1556 vidit
632 1507 731 1556 locorum
748 1508 809 1562 situs,
829 1527 883 1565 quas
901 1526 973 1555 rerum

174 1592 283 1634 naturas,
307 1601 362 1639 quos
385 1599 455 1628 mores
479 1580 599 1636 hominum,
622 1600 675 1640 quas
698 1593 779 1639 gentes,
802 1600 855 1639 quas
883 1600 973 1639 pugnas,
1042 1626 1043 1629 ,

190 1652 277 1713 qualem
296 1653 448 1711 imperatorem
467 1652 561 1701 haberet.
583 1653 658 1712 Ipsum
676 1666 749 1702 autem
773 1652 851 1702 Caesar
875 1673 925 1701 mox
949 1667 973 1701 ut
1040 1669 1045 1693 i

149 1727 204 1774 20e
222 1724 332 1773 Britannia
350 1724 414 1773 rediit
432 1724 526 1783 legatum
541 1737 566 1773 ut
581 1738 675 1784 preesset
693 1724 771 1783 legioni
787 1725 815 1774 ad
835 1723 927 1774 Nervios
951 1727 973 1773 in
1042 1753 1043 1756 ¹

191 1798 280 1848 hiberna
297 1798 362 1848 misit.
379 1797 456 1858 Populi
474 1797 557 1855 Galliae
573 1798 608 1848 isti
625 1811 685 1848 erant
702 1798 740 1858 qui
756 1812 820 1858 pacto
837 1797 896 1849 nullo
912 1812 973 1858 pate·
1042 1820 1043 1823 ¹

190 1883 264 1920 rentur
277 1871 307 1919 ad
319 1891 343 1919 se
355 1871 447 1920 transire
461 1884 589 1932 mercatores
603 1871 641 1931 qui
655 1885 692 1920 aut
706 1871 782 1921 vinum
795 1885 833 1921 aut
846 1890 893 1921 rem
906 1871 972 1921 ullam

190 1964 245 2003 quae
260 1944 289 1992 ad
304 1944 412 1993 luxuriam
428 1946 544 2003 pertineret
560 1944 668 1993 afferrent.
685 1944 805 2002 Elanguere
821 1945 910 2004 quidem
926 1945 972 1992 ani·
1042 1971 1045 2000 ς

191 2036 237 2065 mos
251 2035 327 2065 eorum
340 2028 405 2075 atque
418 2017 521 2065 virtutem
534 2016 613 2065 remitti
627 2017 732 2075 putabant
746 2017 810 2065 rebus
824 2017 877 2066 istis.
891 2016 971 2076 Cupidi

149 2090 177 2137 25
193 2108 280 2148 quoque
304 2088 408 2137 libertatis
433 2101 493 2138 erant
517 2101 582 2148 atque
606 2089 775 2147 recuperandam
799 2088 828 2138 ob
852 2088 973 2139 libertatern
1041 2125 1043 2127 .

191 2160 257 2218 (bello
277 2161 367 2219 quidem
386 2181 422 2209 eos
441 2162 521 2210 vicerat
540 2160 627 2219 Caesar)
647 2160 737 2209 hiberna
755 2161 783 2218 Q
803 2161 914 2210 Ciceronis
933 2182 972 2221 op·
1000 2165 1003 2168 ”
1044 2195 1046 2197 -

190 2252 293 2292 pugnarev
313 2234 396 2293 magnis
421 2234 499 2283 coactis
519 2233 591 2282 subito
610 2233 677 2295 copiis
697 2233 789 2293 aggressi
809 2247 867 2283 sunt.
887 2233 974 2297 Deinde

190 2327 253 2365 posse
267 2306 303 2355 illa
317 2320 396 2366 capere¹
408 2308 569 2366 oppugnatione
584 2307 648 2356 diffisi
663 2307 799 2356 obsidionem
813 2320 896 2367 parant.
911 2307 972 2357 Mul-

190 2381 261 2428 titudo
277 2392 322 2427 erat
339 2399 415 2437 magna
431 2393 496 2437 atque
511 2392 571 2427 tanta
586 2380 647 2438 quod
662 2380 732 2427 tribus
749 2394 793 2428 non
809 2380 896 2438 integris
913 2380 972 2428 horis

148 2454 177 2503 30
193 2452 282 2503 hiberna
297 2453 395 2502 Romana
410 2452 466 2502 vallo
481 2452 563 2512 pedum
578 2452 655 2507 Vllll,
671 2451 728 2502 fossa
744 2453 826 2512 pedum
838 2452 880 2503 XV
889 2452 973 2503 ambitu

124 2573 126 2578 .
190 2526 367 2575 Vmiliariorum
382 2527 480 2584 cingunt.
496 2525 584 2586 Quippe
599 2525 641 2575 hoc
657 2525 761 2581 mirabile,
772 2526 811 2575 sed
821 2526 844 2574 id
854 2525 972 2575 mirabilius
1045 2581 1046 2584 Ἰ

190 2600 250 2658 quod
268 2600 368 2647 tanta'in
387 2618 410 2647 re
428 2598 526 2647 facienda
544 2599 588 2647 sint
603 2598 681 2647 realia
697 2598 762 2654 nulla,
778 2619 829 2647 curn
844 2598 971 2648 ferramenta

190 2671 271 2720 idonea.
278 2691 323 2720 non
334 2670 444 2726 haberent,
456 2670 478 2719 ni
489 2671 561 2729 sagula
572 2690 612 2729 pro
622 2670 724 2735 sportulis
734 2683 755 2719 et
766 2671 841 2729 gladiis
851 2691 891 2730 pro
901 2671 972 2730 ligone

190 2744 231 2791 nsi.
248 2741 343 2792 Vocatus
360 2755 434 2792 autem
452 2742 530 2791 Caesar
546 2742 633 2791 advenit
650 2755 722 2802 presto
740 2756 761 2790 et
778 2743 876 2792 hostibus
893 2742 972 2803 fugatis
1046 2794 1047 2797 Ἴ

173 2943 247 3004 ll-Cic.
259 2946 305 2985 Fam.
317 2943 354 3004 Vll.
368 2943 384 2981 5.
437 2943 462 2981 17.
475 2943 510 2982 Cic.
521 2945 542 2990 Q.
551 2946 579 2983 Fr.
589 2943 604 2982 ll
625 2932 675 2982 14¹4.
725 2945 753 2983 20.
766 2944 813 2983 Caes.
826 2943 966 2984 B.G.11.15.4

147 3008 175 3045 24.
188 3003 235 3052 Caes.
248 3006 296 3046 Μ’
315 3005 336 3043 V.
350 3006 378 3043 39.
391 3021 428 3052 sqq.
894 3010 898 3023 ²
