2093 3253
161 194 209 238 246*
462 206 553 235 srcconrs
567 205 682 236 Potanronr

203 321 244 379 ipsi
258 320 385 369 rebellarent
399 340 439 369 nec
452 318 522 374 bellis,
536 320 568 368 uti
583 319 682 374 solerent.
698 319 796 378 quotidie
809 319 933 368 Romanurn
947 322 986 371 im-

203 393 289 451 perium
301 392 422 451 fatigarent;
435 392 490 451 quid
501 405 575 440 autern
588 393 651 440 istam
664 392 692 439 ad
705 411 751 439 rem
764 392 871 439 medicine
883 390 986 443 loreteos

205 486 269 515 nosce
285 465 355 525 plane,
372 464 432 525 quod
448 483 524 514 eorum
539 466 581 525 ipsi
597 479 619 515 et
634 465 718 513 animos
734 478 755 514 et
772 482 842 514 mores
858 464 944 516 scirent.
960 466 987 518 Se

207 538 304 598 quidem,
323 538 377 588 dum
393 537 431 587 fiat
450 537 516 586 modo
535 539 596 599 quod
610 537 705 598 amplius
724 559 768 586 non
786 535 897 592 rebellent,
916 557 988 590 eorum
1046 546 1047 549 ’

180 610 298 660 5consilio
317 630 409 660 usurum
428 609 549 668 pollicetur:
569 610 693 660 consultum
712 610 806 670 denique
825 611 880 657 irent
900 610 988 662 domum

205 683 267 733 iussit
286 696 308 731 et
329 703 396 742 quarn
416 683 524 731 mitiorem
543 696 644 742 putarent
664 683 721 732 viam
741 683 842 752 idoneam
861 682 988 735 invenirent.

207 757 292 823 Statuta
300 774 351 807 vero
360 756 395 806 die
405 768 541 806 revertuntur
550 756 667 807 vocatised
675 755 729 806 nihil
738 755 828 812 consilii,
838 754 892 804 nihil
901 757 988 807 remedii

204 829 304 887 afferunt.
314 830 377 879 Stant
386 849 459 879 coram
467 831 533 886 taciti,
544 831 611 880 oculis
621 833 644 879 in
652 844 732 879 terram
740 830 796 880 fixis.
806 831 861 880 Cato
870 842 943 878 autern
952 833 988 880 ubi

206 923 242 951 eos
256 923 328 961 neque
341 901 413 950 dicere
426 902 544 961 quicquam
558 924 597 951 nec
610 903 639 951 ad
652 903 770 960 interogata
784 901 915 961 respondere
928 902 987 958 vidit,

165 975 191 1025 ll]
205 968 286 1024 litteras
300 973 356 1024 clam
369 973 448 1024 celeres
462 994 501 1034 per
515 975 606 1025 nuncios
616 974 716 1036 singulos
730 975 758 1025 ad
771 974 864 1035 populos
879 989 988 1034 suspectos

207 1048 274 1097 mittit
288 1049 366 1097 iubens
380 1048 473 1097 maxima
487 1048 568 1097 indicta
582 1049 663 1098 mulcta
677 1062 701 1097 ut
717 1069 767 1097 mox
781 1047 876 1107 populus
898 1048 989 1107 quisque

208 1121 284 1178 oppidi
298 1121 332 1169 sui
345 1122 430 1169 moenia
442 1120 520 1169 diruat.
533 1121 578 1169 Has
591 1122 671 1170 litteras
684 1142 750 1180 quam
762 1121 909 1169 dolentissime
920 1119 990 1178 (facile
1046 1149 1047 1152 =

207 1191 301 1258 creditu)
316 1185 367 1254 legit
383 1193 475 1252 quisque
491 1192 530 1242 sed
545 1193 630 1242 maioris
646 1206 706 1243 metu
727 1213 796 1253 poene
817 1192 990 1242 obedientissime

187 1309 188 1312 ,
207 1266 286 1325 paruit.
302 1265 398 1325 Urgebat
413 1285 449 1314 eos
464 1266 524 1324 quod
538 1266 589 1314 fidei
604 1266 690 1315 obsides
705 1267 762 1324 viros
776 1266 953 1315 honoratissimos
967 1287 990 1315 ac

167 1339 191 1386 l5
207 1338 266 1387 urbis
281 1357 332 1387 suae
345 1338 447 1397 primates
461 1338 520 1396 apud
534 1359 557 1386 se
571 1338 626 1388 Cato
640 1339 735 1393 haberet,
749 1360 789 1387 nec
807 1339 860 1388 alios
879 1338 902 1387 id
923 1340 990 1387 iussos

208 1410 246 1458 sed
258 1410 287 1458 ad
299 1430 322 1458 se
336 1410 402 1458 modo
415 1409 438 1457 id
451 1410 556 1468 scriptum
569 1409 663 1469 populus
677 1412 770 1470 quisque
783 1424 876 1469 putaret.
890 1410 990 1469 Denique

208 1483 297 1532 Catonis
311 1504 356 1532 uno
370 1483 437 1537 iussu,
452 1503 495 1532 una
509 1483 551 1538 die,
566 1484 615 1533 unis
629 1482 706 1532 litteris
721 1483 777 1533 muri
791 1482 924 1544 oppidorum
934 1504 991 1544 ‘quae

207 1568 318 1614 suspectae
329 1555 379 1605 fidei
390 1556 515 1605 viderentur
526 1576 600 1605 omnes
612 1569 633 1605 et
644 1556 710 1605 diruti
721 1569 742 1605 et
753 1556 799 1606 solo
809 1556 923 1615 adaequati
934 1570 990 1606 sunt.

211 1628 271 1676 Haec
282 1628 305 1676 in
317 1628 421 1686 Hispania
433 1628 521 1677 consule
532 1649 545 1676 a
557 1628 640 1678 Catone
651 1642 717 1686 gesta.
730 1629 811 1678 Romae
822 1642 896 1678 autem
907 1628 936 1677 ob
947 1647 991 1678 rem

164 1702 193 1751 20
207 1720 310 1761 prospere
327 1722 353 1751 ac
371 1700 427 1751 bene
445 1714 528 1760 gestam
546 1715 567 1752 et
587 1702 628 1752 diis
647 1702 805 1753 immortalibus
825 1701 990 1762 supplicationes

208 1775 306 1825 decretae
319 1789 340 1825 et
355 1774 433 1825 Catoni
445 1776 570 1835 triumphus
583 1777 646 1826 datus
659 1790 699 1825 est.

252 1847 405 1907 Triumphavit
414 1848 479 1906 igitur
488 1847 543 1896 Cato
552 1848 580 1897 de
589 1848 692 1908 Hispanis
702 1850 809 1898 maiorum
818 1868 878 1899 more
887 1862 908 1898 et
918 1869 992 1909 magna

211 1941 261 1968 curn
274 1920 344 1974 laude,
359 1920 447 1974 honore,
462 1918 528 1978 gloria
542 1921 633 1969 domum
646 1940 744 1970 reversus
757 1935 797 1970 est.
812 1921 888 1969 Honos
902 1935 946 1970 erat
960 1922 993 1969 hic

212 1992 361 2050 triumphandi
373 2004 446 2040 tantus
459 1993 519 2050 quod
531 2013 595 2051 posse
608 1995 677 2041 maius
690 1995 808 2052 quicquam
820 2014 891 2052 neque
903 1995 993 2052 impera-

166 2065 195 2116 25
210 2064 252 2114 tori
271 2065 322 2114 dare
341 2064 434 2124 populus
454 2065 565 2115 Romanus
584 2088 624 2115 nec
643 2067 759 2125 imperator
778 2067 863 2126 assequi
882 2087 895 2115 a
913 2067 993 2126 populo

210 2137 309 2186 Romano
324 2138 413 2186 devictis
429 2137 527 2187 hostibus
542 2139 676 2198 amplissimo
690 2158 730 2198 pro
746 2140 827 2189 honore
842 2160 867 2188 ac
881 2139 948 2198 gloria
963 2140 992 2188 vi¹

208 2212 302 2262 deretur.
312 2212 390 2271 Neque
399 2231 450 2262 vero
459 2212 582 2271 petentibus
592 2213 694 2263 omnibus
703 2213 794 2263 dabatur
803 2215 836 2264 ius
845 2213 992 2274 triumphandi

208 2284 247 2332 sed
257 2283 299 2332 illis
311 2284 377 2333 modo
388 2285 425 2343 qui
437 2284 487 2333 clari
499 2299 570 2334 essent
581 2286 721 2345 imperatores
732 2300 753 2335 et
764 2287 837 2336 hostes
848 2300 918 2346 strage
929 2307 993 2346 quam

211 2356 303 2406 maxima
317 2357 453 2406 devicissent.
467 2357 538 2423 Nocte
551 2370 624 2407 autem
637 2379 693 2417 quae
706 2358 812 2418 triumphi
826 2358 884 2408 diem
897 2358 993 2418 praeces-

168 2431 198 2481 30
212 2449 262 2480 sura
270 2444 332 2486 esset,
341 2443 400 2480 extra
408 2430 486 2480 urbem
494 2432 532 2490 qui
541 2439 585 2481 erat
593 2432 766 2491 triumphaturus
774 2433 822 2482 loco
831 2433 871 2482 sibi
880 2432 994 2482 commodo

212 2504 349 2553 dormitabat.
370 2503 447 2562 Populi
467 2523 518 2553 vero
539 2505 656 2554 multitudo
676 2506 760 2554 visendi
781 2507 853 2556 studio
873 2505 994 2555 confluebat

210 2576 288 2625 omnis.
300 2575 452 2625 Pulcherrimis
463 2589 488 2624 ut
499 2589 583 2635 poterat
594 2577 687 2636 quisque
698 2579 832 2627 vestimentis
844 2592 932 2627 ornatus
944 2590 993 2626 erat.

211 2647 259 2697 Nec
271 2650 367 2707 porticus
381 2649 446 2697 modo
459 2662 480 2697 et
493 2650 540 2698 viae
553 2663 650 2708 patentes
663 2671 688 2698 ac
701 2651 801 2709 publicae
814 2652 852 2700 sed
864 2651 959 2701 finistrae
971 2670 994 2697 ac

212 2734 268 2771 tecta
287 2721 403 2771 domorum
420 2720 484 2781 plena
501 2736 568 2773 erant.
586 2722 671 2773 Locum
687 2737 760 2774 autem
777 2725 865 2774 videndi
888 2726 926 2784 qui
947 2736 995 2774 ante

168 2794 197 2844 35
213 2794 284 2843 lucem
297 2816 341 2843 non
355 2808 487 2853 occupasset,
501 2796 518 2843 is
532 2796 673 2846 commodum
686 2818 730 2845 non
743 2796 805 2847 facile
818 2798 931 2847 habiturus
944 2809 995 2846 erat.

212 2971 230 3014 3.
245 2970 284 3015 Pro
299 2989 362 3015 nosse.
418 2970 437 3016 5.
451 2970 538 3025 denique
551 2991 602 3024 sscrs
651 2974 684 3018 33.
698 2984 717 3017 et
731 2992 755 3019 ex
768 2992 791 3019 ac
805 2993 853 3019 corr.
