2093 3253
444 205 536 236 SlccoNrs
550 205 666 236 POLENTONI

160 358 162 362 ,
182 310 233 370 ticia
240 332 346 384 tenuerat,
356 318 504 377 multiplicatis
512 318 614 379 precibus
622 317 762 367 stimulabant
774 339 801 372 ne
812 338 835 365 se
845 319 967 377 oppressos,

183 394 271 448 inultos,
282 393 377 441 desertos
387 392 432 443 hoc,
438 385 536 450 ternpore
546 404 567 438 et
576 391 616 445 bac
626 391 651 439 in*
658 411 721 440 causa
730 404 777 439 tam
784 391 860 450 acerba
866 392 968 457 etl-iustis·
1038 384 1043 458 J

180 468 238 516 sima
251 478 360 527 pateretur
375 464 568 524 memorabantque
579 465 607 514 ab
618 487 644 513 eo
657 465 774 524 repetitum
788 485 852 525 saepe
862 487 887 514 ac
898 463 968 525 saepe,
1041 465 1044 467 ⁵

168 565 169 568 ¹
184 561 236 590 cum
250 540 319 589 abiret
336 539 454 598 provincia,
472 539 571 593 verbum,
588 551 702 587 uterentur
718 558 784 597 opera
800 539 846 587 eius
863 538 930 586 libere
948 554 969 588 et

159 616 171 662 5
187 614 260 662 animo
275 613 341 666 bono,
357 613 375 659 si
392 612 481 670 quando
498 611 580 659 Romae
595 612 680 669 negocii
696 611 876 669 quid'haberent.
894 612 973 669 ltaque.
1042 644 1044 658 2

185 705 244 733 nunc
258 685 332 744 ipsum
347 684 379 732 uti
396 697 513 742 patronum
528 684 668 741 amicumque
682 702 707 731 ac
722 695 806 741 patrem
821 683 932 742 provincie
948 704 970 733 se

185 757 245 806 adire
257 777 282 805 ac
294 774 382 805 exorare
394 755 464 804 iussos
477 754 578 804 dicebant
590 767 615 803 ut
627 755 722 813 antiquis
734 755 842 814 bonisque
854 768 875 804 et
888 754 932 804 suis
950 771 970 805 et

186 829 261 889 populi
271 828 364 877 Romani
372 827 448 876 amicis
457 828 480 875 in
489 827 611 875 accusando
620 827 694 881 Verre,
704 828 793 876 homine
807 828 918 882 scelerato,
933 849 970 886 pa-

185 902 303 949 trocinium
317 913 338 956 et
352 919 417 958 opem
430 897 503 947 ferret.

147 976 172 1023 10
230 973 324 1027 Causam
339 971 405 1031 igitur
410 984 486 1022 contra
491 970 582 1021 Verrem
588 972 683 1031 suscepit
695 971 779 1027 Cicero.
791 972 852 1032 quod
863 973 971 1024 existima·
1013 1005 1014 1008 =

187 1061 219 1096 ret
233 1047 285 1095 hinc
295 1059 360 1104 turpe
369 1046 438 1093 videri
449 1065 474 1093 ac
484 1044 538 1099 fore,
550 1045 568 1093 si
578 1045 704 1103 petentibus
714 1045 789 1093 amicis
800 1066 824 1093 ac
835 1046 926 1095 honesta
934 1067 971 1105 pe·

181 1120 284 1170 tentibus
299 1117 413 1171 auxilium,
429 1119 544 1176 presertim
559 1131 633 1165 contra
648 1117 745 1172 Verrem,
760 1118 872 1166 hominem
882 1119 972 1167 scelera-

187 1205 236 1240 tum
249 1211 275 1239 ac
290 1189 424 1248 improbum,
440 1189 562 1248 denegaret,
579 1189 631 1238 inde
646 1189 760 1238 manifesto
776 1191 897 1250 perciperet
912 1211 973 1241 reum

187 1264 250 1314 facile
260 1262 343 1314 absolvi
354 1283 424 1322 posse,
441 1263 459 1311 si
474 1263 538 1322 legati
554 1276 630 1321 suapte
647 1263 712 1312 modo
728 1265 815 1322 ingenio
831 1277 852 1313 et
868 1265 974 1315 industria

148 1340 173 1387 15
189 1339 236 1386 sine
245 1332 335 1385 oratoris
344 1333 486 1396 eiusdemque
496 1336 553 1383 docti
563 1355 587 1383 ac
596 1336 649 1384 boni
659 1338 749 1384 oratoris
759 1338 878 1394 patrocinio
887 1358 974 1386 accusa·

188 1423 243 1464 rent,
252 1409 313 1469 quod
321 1408 398 1457 Verres
412 1408 479 1456 horno
493 1407 552 1457 dives
566 1428 591 1457 ac
601 1409 738 1470 pecuniosus·
749 1422 805 1458 esset
820 1409 974 1472 didicissetque

174 1531 176 1534 .
190 1484 269 1533 iudicia
283 1482 394 1541 corrumpi
411 1482 512 1540 precibus
530 1496 551 1530 et
568 1482 681 1540 largitione
698 1503 762 1541 posse
778 1504 803 1531 ac
819 1483 916 1532 faventes
933 1485 975 1542 sibi

191 1558 272 1605 amicos
283 1553 407 1613 complures
418 1554 457 1602 sed
467 1555 597 1603 nominatim
608 1554 636 1610 Q.
648 1554 772 1609 Metellum,
783 1569 831 1604 tum
846 1555 903 1604 forte
913 1575 975 1615 prae-

192 1641 262 1674 torem
276 1626 345 1679 urbis,
355 1638 384 1679 et,
394 1625 432 1684 qui
443 1638 499 1673 esset
509 1637 581 1674 orator
589 1644 614 1673 ac
624 1624 725 1674 defensor
734 1626 832 1685 insignis,
842 1627 870 1685 Q.
881 1627 975 1677 Horten-

149 1702 177 1748 20
192 1701 256 1754 sium,
275 1696 388 1747 consulem
406 1697 553 1755 designatum·
569 1697 665 1747 haberet.
683 1699 807 1747 Accusandi
830 1701 895 1763 igitur
913 1722 976 1749 causa

192 1783 293 1829 suscepta
303 1770 400 1828 primum
415 1769 443 1817 de
458 1781 582 1817 accusatore
597 1771 751 1818 constituendo
766 1784 841 1820 contra
857 1771 977 1821 Caecilium

191 1845 253 1900 dixit,
264 1843 325 1902 quod
335 1844 353 1889 is
366 1842 473 1901 particeps
485 1842 581 1890 criminis
593 1862 640 1898 esse
650 1863 690 1891 nec
700 1857 812 1894 accusator
823 1845 918 1904 integrae
926 1845 976 1895 fidei

192 1920 309 1970 videretur,
319 1916 398 1965 deinde
405 1935 522 1963 conversus
530 1917 553 1963 in
562 1915 588 1964 C.
597 1915 686 1964 Verrem
694 1919 854 1967 accusationem
861 1919 891 1967 ita
903 1919 977 1977 dispo-

192 1991 236 2040 suit
248 2002 279 2045 ut,
293 1988 481 2049 quemadmodum
492 1988 549 2037 bella
561 1988 686 2047 gerentibus
699 1991 785 2039 evenire
797 1992 820 2039 in
830 2012 904 2050 pugna
916 1992 977 2047 solet,

151 2065 178 2114 25
195 2065 224 2113 ita
234 2064 274 2113 bac
283 2063 355 2111 istain
364 2082 429 2110 causa
439 2062 536 2119 primum
546 2063 574 2110 ad
585 2063 666 2109 iactum
676 2063 721 2111 terli
732 2064 894 2112 hostesanimis
904 2065 978 2113 fractis

193 2135 320 2194 effugerent.
331 2133 461 2183 Hortensius
470 2133 567 2192 quidem,
577 2135 600 2182 in
610 2154 655 2193 quo
664 2136 757 2193 reposita
767 2155 816 2193 spes
825 2137 897 2185 omnis
906 2136 979 2185 Verris

195 2207 327 2257 defendendi
340 2219 392 2260 erat,
406 2207 467 2265 quod
479 2220 535 2255 esset
547 2207 580 2255 vir
592 2207 690 2265 egregius
703 2209 849 2267 princepsque
861 2210 884 2257 in
896 2228 919 2258 re
931 2228 979 2258 ora-

194 2283 250 2330 toria
261 2281 378 2334 videretur,
392 2299 480 2327 causam
492 2278 602 2338 extemplo
614 2280 709 2348 deseruit
721 2281 856 2339 stupefactus
868 2284 980 2331 atrocitate

195 2355 313 2403 criminum
319 2373 376 2411 quae
382 2373 394 2400 a
400 2351 506 2400 Cicerone
513 2365 573 2400 erant
580 2353 602 2400 in
609 2352 635 2401 C.
643 2352 733 2401 Verrem
739 2353 856 2411 hac-prima
861 2355 884 2402 in
895 2355 980 2402 actione

153 2428 182 2477 30
197 2428 258 2487 quasi
273 2427 344 2484 prima
357 2426 380 2472 in
393 2424 439 2472 acie
452 2425 577 2472 constituta.
591 2423 669 2473 Verres
683 2446 772 2485 quoque
785 2426 840 2475 adeo
853 2427 980 2486 perterritus

195 2513 227 2548 est
243 2499 303 2558 quod
317 2496 377 2549 nulla
397 2498 503 2546 sententia
523 2511 635 2556 expectata
654 2498 758 2558 nullaque
777 2498 904 2549 defensione
923 2499 979 2550 facta

195 2573 253 2622 ultro
268 2572 291 2621 in
306 2568 396 2622 exilium
409 2571 469 2620 abiit.

194 2751 222 2789 30.
234 2750 261 2800 Ps.
273 2734 333 2788 Asson.
348 2750 393 2788 Verr.
405 2749 418 2786 I.
435 2747 449 2793 1,
461 2749 499 2793 Arg.
513 2752 537 2796 (p.
553 2750 586 2788 126
599 2751 642 2796 Or).

197 2910 215 2953 7.
225 2909 257 2963 a(c
266 2908 355 2960 exorare)
366 2912 379 2952 ἰ.
390 2924 413 2956 r.;
423 2916 466 2951 erat
476 2908 538 2961 u(t?).
564 2918 567 2921 '
596 2906 625 2952 10.
635 2908 665 2953 Ex
676 2909 764 2960 succepit
774 2926 823 2953 corr.
831 2909 851 2954 Ο
860 2908 949 2962 succepit
957 2908 982 2953 V.

156 2976 189 3028 21.
204 2973 362 3029 (constituendo
376 2979 389 3017 ι’.
404 2992 419 3017 r.
