2093 3253
243 173 375 220 scaurorum
389 187 515 218 ιιιιιςιιιιιιιι
528 199 543 203 -
557 186 616 216 trata
630 185 683 215 xrur.
832 171 867 216 1111

84 302 156 353 trater
165 302 271 352 Caesari
266 296 429 351 inimicissimus
449 301 567 366 videretur
587 300 714 361 Orationem
734 311 830 357 preterea
849 299 872 346 in

86 396 137 422 eum
153 374 287 423 multissimis
299 373 473 430 accusationibus
486 361 578 437 plenam
586 356 751 435 grandemque
745 392 768 419 ιιι
780 371 873 419 volumi·

27 491 30 493 ,
88 448 121 496 nis
136 447 227 505 modum
241 445 334 504 scripsit,
349 457 374 493 ut
383 443 450 499 illam,
460 463 528 503 quam
537 445 633 503 primum
643 450 664 493 et
673 443 746 493 locum
756 455 777 492 et
786 456 873 501 tempus

87 519 182 573 haberet,
199 518 296 578 audienti
312 517 398 567 Caesari
415 517 520 566 recitaret.
546 516 639 566 Litteras
655 520 743 576 duoque
759 518 831 575 ipsum
846 516 875 565 ad

61 593 74 642 5
90 591 178 641 tratrem
194 590 327 640 Ciceronem·
339 610 364 638 ac
382 589 530 647 spurcissimas
548 589 629 638 litteras
647 602 668 638 et
685 588 751 639 frater
768 602 789 637 et
807 609 874 647 nepos

89 664 154 713 misit.
170 663 244 712 Homo
255 676 300 712 erat
312 662 407 728 Quintus
419 661 485 710 trater
496 662 519 710 in
531 661 607 710 litteris
619 663 701 721 peritus
713 662 804 721 egregie.
816 662 874 709 Nam

88 748 109 783 et
124 736 243 795 tragoedias
258 736 326 784 edidit
338 747 359 784 et
371 737 478 783 orationes
490 735 513 782 in
525 733 573 782 loro
586 736 662 784 habuit
674 735 803 794 complures,
815 747 874 783 tanta

52 859 54 862 ,
89 829 140 857 vero
154 809 264 857 interdum
278 830 303 857 ac
317 807 379 856 facile
396 808 497 856 extuabat
513 809 624 856 iracundia
640 822 665 857 ut
681 828 704 856 re
720 808 779 858 nulla
795 807 875 866 placari

88 883 174 930 animus
188 881 234 929 eius
249 894 329 938 posset.
346 880 413 929 Filius
433 893 513 934 autem,
534 881 568 928 cui
590 882 656 929 etiam
676 901 755 929 nomen
776 902 787 929 e
807 882 873 955 patris

51 956 76 1004 111
91 955 179 1002 nomine
190 953 285 1009 Quintus
297 967 359 1008 esset,
371 971 410 1011 per
420 965 512 1001 aetatem
523 954 574 1000 satis
585 965 630 1001 erat
641 953 716 1001 litteris
727 954 825 1012 eruditus
836 937 874 1001 sed

89 1027 238 1075 insolentem
232 1045 305 1084 ipsum
317 1046 368 1075 cum
381 1038 438 1074 aetas
451 1025 551 1074 iuvenilis
565 1038 613 1074 tum
627 1044 696 1073 mores
709 1027 801 1074 civitatis
814 1027 874 1084 pravi

89 1119 113 1147 ac
125 1099 192 1155 nimia
203 1099 269 1156 patris
281 1098 414 1156 indulgentia
426 1097 527 1147 faciebat.
539 1096 610 1147 Tanta
622 1098 711 1156 quidem
722 1111 754 1146 est
765 1098 875 1156 impietate

89 1192 114 1219 ae
128 1171 226 1220 fatuitate
235 1191 287 1232 usus
296 1184 321 1220 ut
330 1184 440 1229 patruum,
450 1171 488 1230 qui
498 1191 550 1219 eum
560 1171 619 1219 haud
627 1181 688 1225 secus
696 1191 763 1231 quam
774 1171 875 1233 Marcum

89 1243 159 1291 filium
167 1244 289 1298 enutrisset,
300 1264 345 1291 non
353 1243 428 1300 litteris
438 1243 503 1291 modo
514 1255 535 1291 et
545 1262 645 1291 sermone
655 1242 758 1291 lacessere
767 1263 792 1291 ac
802 1242 875 1291 crimi

52 1319 76 1368 15
92 1339 137 1375 narr
132 1318 230 1381 ubique
245 1317 272 1366 sit
286 1338 351 1366 ausus
362 1306 400 1365 sed
410 1317 507 1366 occidere
518 1317 582 1366 etiam
592 1317 697 1387 cogitarit
710 1316 794 1366 Neuter
803 1329 875 1365 tamen

92 1393 216 1449 quicquam,
229 1392 261 1438 uti
274 1402 319 1438 erat
332 1409 381 1448 spes
394 1391 487 1448 utrique
502 1390 621 1438 maledictis
634 1391 678 1438 suis
690 1391 749 1447 apud
762 1390 876 1451 Caesarem

91 1463 221 1521 impetravit
237 1461 336 1511 Ciceroni
347 1473 420 1511 autem
431 1462 483 1511 haec
493 1462 531 1510 ubi
543 1474 594 1510 sunt
603 1462 723 1510 amicorum
733 1462 808 1510 litteris
820 1482 876 1510 nun

91 1535 152 1589 ciata,
165 1534 219 1583 adeo
232 1534 321 1583 molesta
332 1533 421 1582 luerunt
433 1546 458 1583 ut
470 1534 604 1592 aliquamdiu
617 1535 685 1582 nimio
697 1553 747 1592 prae
760 1534 833 1582 dolore
845 1535 876 1582 ia-

92 1619 156 1654 ceret.
171 1607 219 1653 Nec
231 1618 303 1664 tamen
316 1610 383 1663 quem
395 1606 418 1652 in
431 1625 468 1653 eos
481 1606 569 1653 haberet
581 1623 677 1653 amorem
689 1607 806 1654 imminuit.

51 1680 79 1728 20
137 1678 219 1726 Verum
238 1678 266 1725 ad
286 1678 407 1731 Caesarem,
431 1691 456 1726 ut
479 1677 568 1725 fratrem
589 1677 765 1726 commendatum
781 1678 876 1732 haberet,

92 1751 173 1799 litteras
184 1752 206 1798 in
218 1751 270 1798 haec
282 1751 346 1799 verba
359 1752 451 1814 scripsit:
464 1768 473 1790 a
482 1751 517 1798 De
526 1749 609 1806 Quinto
617 1750 682 1798 fratre
693 1771 742 1799 meo
752 1772 796 1799 non
805 1752 876 1799 minus

92 1823 166 1872 laboro
181 1844 247 1881 quam
262 1824 289 1871 de
304 1844 339 1871 me
352 1824 407 1881 ipso.
424 1824 468 1872 Sed
479 1824 552 1881 ipsum
563 1824 603 1872 tibi
614 1824 766 1872 commendare
774 1824 817 1871 vhoc
828 1845 877 1872 meo

91 1909 190 1955 tempore
204 1917 248 1944 non
265 1897 342 1945 audeo.
361 1895 419 1944 Illud
435 1897 547 1944 dumtaxat
562 1907 635 1944 tamen
650 1896 735 1944 audebo
750 1909 824 1955 petere
838 1897 877 1944 abs

92 1981 120 2022 te,
128 1965 196 2051 quod
210 1980 232 2016 te
246 1986 285 2017 oro
299 1988 327 2017 ne
336 1968 391 2026 quid
400 1969 510 2016 existimes
520 1968 548 2015 ab
558 1967 595 2019 illo
604 1967 686 2017 lactum
696 1988 795 2027 essequo
805 1970 877 2017 minus

52 2041 79 2090 25
95 2062 142 2089 mea
157 2041 179 2089 in
193 2054 216 2089 te
230 2040 299 2090 officia
320 2054 443 2089 constarent
466 2042 565 2090 minusve
586 2054 608 2089 te
629 2041 740 2101 diligerem
762 2043 878 2101 potiusque

92 2113 154 2162 illum
169 2127 279 2161 auctorem
292 2132 377 2171 semper
391 2128 476 2162 nostrae
490 2115 650 2162 coniunctionis
663 2114 730 2162 luisse
743 2116 830 2180 meique
842 2116 877 2162 iti-

93 2186 150 2232 neris
165 2185 273 2240 comitem,
289 2205 333 2233 non
349 2184 434 2233 ducem.
451 2184 530 2242 Quare
539 2186 630 2234 caeteris
643 2187 665 2234 in
678 2185 744 2235 rebus
759 2199 844 2235 tantum
859 2187 877 2234 ei

64 2276 66 2278 ’
93 2257 175 2305 tribues
190 2269 297 2315 quantum
318 2257 439 2305 humanitas
461 2270 499 2305 tua
512 2258 662 2316 ,amiciciaque
683 2272 755 2307 nostra
776 2258 877 2316 postulat.

93 2329 139 2388 Ego
148 2350 175 2378 ne
184 2330 238 2387 quid
246 2330 265 2377 ei
274 2330 333 2388 apud
341 2342 363 2379 te
372 2330 453 2392 obsim,
460 2330 482 2390 id
491 2330 660 2386 tevehementer
668 2332 732 2380 etiam
740 2344 806 2391 atque
814 2332 878 2380 etiam

52 2402 80 2450 30
95 2422 154 2461 rogo.
165 2420 173 2443 ³)
575 2394 577 2398 .

136 2475 181 2523 Has
196 2493 247 2523 vero
261 2475 317 2523 inter
330 2477 440 2533 angustias
455 2476 538 2524 litterae
553 2490 603 2525 sunt
618 2477 772 2525 exhortatoriae
786 2477 814 2525 ad
828 2496 879 2525 eum

94 2548 117 2596 id
132 2548 340 2597 desiderantemt
302 2560 340 2607 pot
341 2549 374 2597 ius
387 2568 454 2608 quam
460 2561 589 2631 sperantem
602 2571 628 2599 ex
640 2550 769 2600 Alexandria
782 2550 879 2599 Caesaris

94 2632 115 2665 et
129 2621 249 2667 amicorum
260 2620 329 2668 datae.
343 2621 419 2678 Ipsum
430 2641 490 2668 emm
501 2642 539 2679 qur
552 2635 636 2670 etanta
624 2643 687 2670 mrcr
699 2643 737 2680 spe
747 2623 879 2680 amplissima

94 2687 210 2750 erigebant,
226 2691 286 2749 quod
301 2691 386 2740 Caesari
402 2712 477 2740 curam
492 2713 540 2741 esse
557 2693 584 2742 de
599 2714 637 2742 sua
652 2686 755 2752 dignitate
769 2715 813 2742 non
827 2714 881 2742 con-

53 2784 197 2792 ———-..-—-

100 2825 128 2862 2l.
141 2825 176 2863 Cic.
189 2826 226 2865 Aa.
238 2825 268 2865 xl.
284 2826 310 2863 12.
323 2827 339 2863 2.

54 2903 196 2914 —Q--u

107 2947 125 2990 7.
140 2948 170 2992 Ex
183 2946 279 3000 tragedias
294 2966 343 2992 corr.
400 2950 418 2992 7.
434 2950 504 2995 habuit
518 2956 531 2995 ι’.
547 2968 562 2994 r.
622 2953 641 2996 8.
655 2951 693 2995 Pro
708 2952 814 2997 aestuabat.

89 3098 112 3138 26
