2093 3253
250 223 381 253 scaurorum
395 221 549 263 iniustitiam-
563 220 622 251 trem
635 221 667 250 xv.
829 204 878 251 421,

85 335 168 384 sulatus
183 336 228 385 eius
243 336 316 385 aberat
331 335 387 384 finis,
402 335 467 384 Posse
481 349 554 384 autem
569 336 592 383 id
606 334 683 383 loedus
699 334 790 383 diminui
805 346 871 391 atque

85 409 179 456 rescindi
192 409 275 466 putavit
287 410 312 462 si,
326 428 392 466 quem
403 403 534 467 sequebatur
546 407 649 456 Caesarea
661 407 733 461 laelio,
746 406 870 460 Octavium,

86 481 140 531 urbe
150 480 273 540 depelleret.
284 480 390 530 Senatum
399 482 471 541 itaque
482 481 557 530 consul
567 482 613 540 ipse
623 493 647 529 ut
657 480 692 528 ille
702 479 871 540 proscriberetur

86 556 198 614 hostisque
215 554 245 603 rei
263 554 362 613 publicae
380 554 510 604 iudicaretur
528 554 583 604 VIII
603 553 719 603 Kallendas
738 552 871 602 Decembres

61 629 72 675 5
90 627 168 675 habere
178 627 296 675 constituit.
308 627 352 691 Sed
363 627 397 676 die
408 640 486 676 statuta
497 646 542 676 rem
552 627 615 676 aliam
625 640 691 686 atque
700 627 764 684 aliam
772 636 872 683 causatus

87 720 130 747 non
144 699 203 747 venit
216 700 270 757 ipse.
284 698 392 756 Quartum
405 712 478 748 autem
492 701 514 747 in
528 700 586 748 diem
600 699 696 765 redillata
709 711 808 747 senatum
823 697 869 745 llll

88 771 204 820 Kallendas
221 765 353 821 Decembres
371 772 393 820 in
411 770 519 830 Capitolio
537 768 621 819 habuitss¹
637 764 774 830 Capitolium
788 769 870 818 Romae

87 845 159 893 locum
176 856 253 893 vocant
270 844 332 893 illum
348 844 386 908 ubi
404 844 515 903 quondam
532 844 602 902 capite
619 843 715 890 humano
731 842 819 889 invento
837 860 869 887 re·

87 936 193 974 sponsum
204 929 236 964 est
247 916 277 965 ibi
289 936 397 965 summam
408 917 493 974 imperii
505 928 526 963 et
537 929 602 973 caput
614 934 686 962 rerum
697 913 750 961 lore.
762 912 872 961 Antonius

49 990 74 1039 10
89 1008 140 1038 vero
154 989 189 1038 illa
203 989 238 1038 die
252 990 273 1037 in
288 1002 387 1038 senatum
400 988 466 1042 venit,
480 988 519 1036 sed
532 1008 575 1047 qua
589 987 616 1035 de
630 1005 652 1034 re
666 998 807 1044 proposuerat
820 997 874 1032 tunc

88 1062 167 1111 reterre
180 1063 271 1111 verbum
284 1061 354 1111 lacere
369 1082 412 1109 non
426 1080 491 1109 ausus
505 1074 545 1109 est.

130 1136 206 1183 Postea
218 1154 269 1183 vero
281 1154 361 1192 paucos
374 1135 402 1182 ad
414 1134 459 1181 dies
472 1147 548 1192 quarta
560 1134 624 1191 legio,
638 1154 693 1191 quae
704 1131 826 1181 Antonium
838 1152 872 1178 se-

88 1222 138 1257 cuta
149 1221 211 1264 esset,
224 1208 281 1257 ultro
292 1229 315 1257 se
326 1209 354 1257 ad
365 1207 481 1257 Octavium
492 1206 591 1256 contulit.
604 1203 720 1270 Quodubi
731 1203 814 1253 audivit
823 1202 871 1252 Ἀυ-

88 1281 169 1342 tonius,
184 1294 279 1338 repente,
294 1281 356 1338 quasi
370 1300 444 1328 amens
456 1278 536 1334 lactus,
551 1280 605 1327 urbe
620 1272 709 1326 dimissa
723 1277 872 1326 Brundusium

50 1354 75 1401 15
90 1352 213 1411 properavit
222 1364 246 1407 ut
256 1371 309 1412 quas
319 1353 349 1401 ibi
359 1352 453 1411 legiones
464 1351 556 1400 habebat
565 1349 638 1410 presto
648 1349 873 1415 Romamadduceret,

91 1425 218 1475 Ciceronem
237 1426 372 1481 interficeret,
391 1426 507 1476 Octavium
525 1425 580 1475 urbe
598 1423 721 1484 depelleret,
739 1422 874 1486 locupletum

90 1499 147 1547 bona
161 1498 269 1557 diriperet,
283 1500 413 1557 optimatum
424 1500 500 1547 domos
510 1511 620 1551 everteret,
632 1516 678 1545 rem
689 1496 799 1554 publicam
809 1514 873 1544 usur-

91 1582 158 1628 paret.

134 1644 194 1691 Urbe
206 1657 279 1692 autem
291 1644 413 1703 protectum
426 1647 498 1705 ipsum
511 1646 549 1704 qui
562 1656 617 1693 esset
630 1664 682 1693 suus
694 1663 719 1692 ac
732 1642 761 1690 rei
775 1641 874 1701 publicae

47 1717 76 1764 20
91 1716 191 1765 inimicus
211 1737 278 1775 quam
297 1717 373 1771 libens,
394 1738 460 1776 quam
480 1718 535 1767 letus
555 1716 660 1766 audiverit
681 1715 758 1765 Cicero
776 1735 801 1764 ac
821 1714 878 1779 civis

90 1788 184 1846 quisque
192 1788 270 1844 bonus,
279 1802 335 1837 esset
344 1809 408 1848 opere
417 1790 514 1848 precium
523 1808 649 1837 memorare.
658 1789 739 1836 Actum
748 1788 838 1846 quidem
846 1787 874 1834 de

90 1859 127 1908 illo
142 1879 232 1918 remque
246 1861 356 1919 publicam
371 1862 492 1910 restitutam
507 1862 553 1909 sine
568 1861 636 1909 dubio
651 1861 741 1917 putabat
756 1860 840 1911 Cicero,
856 1861 874 1905 si

90 1934 156 1980 modo
167 1933 236 1981 resisti
247 1954 275 1981 ne
285 1933 321 1981 ille
332 1934 417 1988 rediret,
429 1948 453 1982 ut
462 1934 590 1988 minabatur,
599 1935 627 1982 ad
634 1934 712 1982 urbem
720 1947 800 1992 posset.
808 1934 874 1983 Istam

59 2026 61 2030 ¹
90 2023 140 2051 vero
155 2006 183 2052 ad
198 2025 250 2052 remv
259 2006 313 2053 illud
328 2027 374 2063 esse
389 2008 545 2063 impedimento
560 2006 654 2059 videbat,
671 2007 731 2064 quod
746 2027 817 2064 neque
832 2008 874 2055 sibi

48 2074 75 2122 25
91 2096 137 2124 rem
147 2089 229 2125 tantam
239 2078 325 2136 aggredi
336 2079 463 2126 auctoritate
473 2079 555 2137 privata
566 2078 645 2131 liceret,
657 2098 696 2126 nec
708 2077 781 2130 haberi
792 2091 875 2127 extem-

90 2148 127 2207 plo
136 2164 160 2199 ut
171 2150 320 2201 decerneretur
330 2151 420 2200 consilio
429 2150 517 2210 publico
526 2165 579 2201 tunc
594 2163 680 2201 senatus
693 2164 773 2210 posset.
788 2152 875 2210 Quibus

91 2224 149 2271 enim
158 2224 249 2272 vocandi
259 2238 345 2273 senatus
355 2238 399 2273 erat
409 2238 503 2283 potestas
512 2245 551 2283 per
560 2225 617 2283 leges
627 2225 683 2277 data,
693 2225 792 2273 consules
801 2225 875 2278 ambo,

90 2295 199 2344 Antonius
219 2309 240 2344 et
261 2297 382 2351 Dolabella,
403 2297 425 2344 hi
446 2298 575 2346 nominatim
595 2296 761 2359 inimicabantur
781 2297 876 2345 libertati

90 2367 190 2425 publicae
201 2382 222 2417 et
233 2368 328 2418 aberant.
341 2369 384 2427 Qui
396 2388 447 2418 vero
459 2370 594 2428 magistratus
606 2370 628 2418 in
640 2370 694 2418 urbe
705 2370 800 2425 aderant,
812 2388 875 2428 prae-

49 2437 78 2485 30
93 2453 149 2487 tores
166 2454 187 2488 et
203 2440 285 2489 tribuni
301 2441 377 2500 plebis,
393 2461 470 2494 ,vocare
486 2455 585 2491 senatum
601 2440 684 2491 iniussu
700 2442 815 2491 consulum
827 2434 876 2490 ‘non

91 2513 207 2562 audebant.
224 2514 308 2562 Privato
324 2528 397 2563 autem
412 2516 521 2572 cuiquam,
538 2516 636 2574 quamvis
652 2514 782 2572 patricidae
798 2514 875 2563 illustri

92 2585 140 2640 civi,
153 2586 186 2634 ius
198 2605 244 2634 esse
255 2587 346 2635 vocandi
359 2599 445 2635 senatus
456 2587 490 2635 lex
502 2587 638 2645 prohibebat.
652 2587 709 2635 Illud
721 2607 808 2645 quoque
820 2587 876 2634 cele-

92 2659 177 2708 ritatem
189 2660 294 2718 impedire
306 2660 383 2709 Cicero
395 2660 514 2716 dubitabat,
527 2661 588 2720 quod
599 2674 685 2711 senatus
698 2661 763 2710 etiam
775 2681 826 2709 cum
837 2661 876 2709 da-

92 2744 157 2786 retur,
172 2744 252 2787 tamen,
266 2745 291 2781 ut
305 2733 419 2782 hominum
433 2733 487 2782 solet
501 2733 626 2789 multitudo,
642 2734 664 2782 in
679 2734 815 2782 decernendo
829 2753 877 2782 mo-

46 2800 78 2850 ,35
93 2822 154 2852 rosus
167 2816 189 2852 et
201 2804 275 2853 tardus
288 2817 350 2860 esset,
364 2806 423 2863 quod
436 2806 475 2855 viri
488 2806 551 2856 multi
563 2807 700 2856 considerent
713 2807 780 2856 multa
792 2826 832 2856 nec
845 2806 881 2872 las

51 2918 194 2931 m

92 2984 124 3030 35.
139 2985 216 3043 laclile)
230 2993 243 3032 ἰ.
257 3006 273 3032 r.
