2093 3253
266 201 395 232 scriniorum
409 201 534 232 itiusrniunr
546 213 561 219 -
574 202 633 233 tinen
647 202 684 232 vn.
847 188 883 233 211

103 338 226 377 nomenque
236 317 321 375 insigne
331 315 461 365 Britannicis
473 316 651 375 ,expeditionibus
662 316 783 366 meruisset.
795 316 887 366 Rexerat

102 394 191 453 quidem
202 389 244 439 sub
256 387 345 437 Nerone
357 388 491 456 Britanniam
507 389 609 438 Paulinus
621 389 729 448 aequitate
741 410 766 438 ac
780 389 885 451 modestia

102 463 204 525 singulari
213 461 336 521 adiecitque
346 461 445 511 Romano
455 461 547 521 imperio
562 461 655 513 insulam
665 482 721 522 quae
731 461 788 513 ultra
798 462 884 528 Britan-

102 542 161 590 niam
170 536 272 586 Occeano
282 536 305 583 in
316 535 370 584 mari
382 535 422 583 sita
433 548 454 583 et
465 535 541 585 incolis
551 536 622 586 valida
633 549 688 586 esset
694 549 716 586 et
726 535 887 596 receptaculum

76 619 89 666 5
104 610 249 672 perfugarum.
258 607 318 657 Otho
327 621 400 657 autem
409 629 460 656 cum
468 609 583 667 imperium
592 609 647 659 tueri
656 622 731 669 contra
738 608 843 658 Vitelium
850 630 888 658 co·¹

75 733 76 736 ,
102 697 195 736 naretur,
207 680 279 730 dubiis
291 680 355 730 rebus
367 680 427 741 quod
437 680 529 730 timendi
540 682 642 742 utrinque
653 681 693 731 viri
705 696 727 731 et
737 702 797 732 arma
807 695 886 737 essent,

102 757 190 806 Paulino
200 754 251 802 huic
261 753 325 801 simul
335 766 356 801 et
365 753 438 801 Annio
448 753 513 802 Gallo
522 775 547 803 ac
557 755 629 803 Mario
639 754 703 803 Celso
713 774 788 804 curam
798 775 886 804 omnem

102 826 230 887 disponendi
249 826 333 884 equites
351 846 376 874 ac
393 825 477 883 pedites
496 827 640 876 demandavit.
661 827 711 885 lpse
728 828 886 890 verointerim

102 903 155 950 dum
164 910 296 958 pugnaretur
305 898 367 956 apud*
374 897 492 945 Brexillum
502 898 590 947 Parmae
599 899 707 957 oppidum
721 899 749 959 ad
759 890 834 960 ripam
843 898 885 947 flu-

64 978 89 1027 10
103 973 167 1023 minis
179 971 232 1021 Padi
244 989 318 1020 rerum
329 970 412 1020 exitum
424 971 551 1030 expectavit.
564 970 665 1021 Paulinus
678 971 750 1030 igitur,
758 971 886 1035 priusquam

101 1050 167 1097 iretur
176 1046 199 1094 in
209 1065 312 1103 pugnam,
322 1045 355 1093 uti
365 1057 410 1093 erat
420 1044 511 1103 dignum
520 1045 599 1094 virtute
609 1066 634 1094 ac
643 1043 701 1094 lama
711 1066 756 1101 sua,
767 1067 811 1105 qua
820 1066 885 1094 nemo

100 1130 226 1177 tempestate
234 1116 270 1164 illa
277 1117 301 1164 in
308 1136 331 1164 re
340 1116 426 1165 militari
434 1117 479 1164 dux
487 1116 583 1166 callidior
591 1117 712 1173 haberetur,
722 1117 749 1183 de
754 1131 800 1166 toto
806 1137 884 1176 genere

101 1190 150 1241 belli
158 1208 231 1240 coram
236 1187 324 1239 Othone
331 1188 406 1238 amicis
414 1187 553 1239 audientibus
562 1188 654 1249 graviter
662 1210 687 1239 ac
695 1189 782 1250 copiose
788 1189 884 1240 diseruit.

84 1312 86 1314 ,
100 1263 192 1313 Edocuit
202 1262 293 1322 quidem
303 1262 422 1311 rationibus
434 1261 508 1310 multis
518 1261 680 1312 festinationem
690 1262 797 1318 hostibus,
808 1275 884 1312 cunta-

63 1339 86 1387 15
101 1339 183 1385 tionem
194 1335 235 1382 sibi
246 1335 424 1392 percommodam
434 1333 481 1382 lore
492 1354 517 1383 ac
528 1335 575 1383 sine
586 1335 655 1384 dubio
667 1331 811 1394 profuturam,
823 1335 884 1393 quod

99 1408 130 1456 illi
140 1421 162 1457 et
172 1425 246 1455 rerum
255 1407 329 1464 inopia
338 1419 361 1454 et
371 1406 469 1455 locorum
479 1407 584 1464 angustiis
593 1420 751 1466 premerentur,
759 1407 801 1456 sibi
810 1420 884 1461 autem

99 1492 196 1539 paterent
204 1479 277 1527 omnia
285 1492 306 1527 et
314 1478 392 1528 auxilia
400 1499 426 1527 ex
433 1478 550 1534 Pannonia,
559 1500 586 1529 ex
594 1478 683 1535 Messio,
690 1500 716 1528 ex
726 1479 812 1547 Illiryco
818 1479 884 1544 adve-

99 1554 169 1603 nirent
177 1574 217 1601 nec
226 1553 269 1601 iam
277 1552 371 1601 nimium
379 1552 455 1611 procul
463 1552 570 1602 abessent.
580 1552 664 1602 Natura
672 1552 776 1603 Paulinus
785 1571 883 1603 morosus

98 1646 123 1673 ac
136 1625 231 1683 prudens
244 1637 296 1678 erat,
309 1623 432 1675 etconsilia
444 1624 486 1671 sibi
498 1632 561 1672 cauta
572 1625 645 1683 potius
658 1645 709 1672 cum
721 1625 804 1685 ratione
816 1645 883 1684 quam

59 1698 86 1747 20
100 1716 201 1757 prospera
210 1718 236 1746 ex
244 1717 295 1746 casu
304 1709 325 1746 et
333 1695 420 1746 lortuna
429 1695 618 1759 placebant.·Otho
626 1715 677 1747 vero
686 1717 819 1758 quamquam
827 1697 883 1747 Pau·

98 1771 141 1820 lino
155 1791 196 1820 nac
209 1770 329 1819 fideliorem
343 1770 413 1819 officio
428 1791 468 1819 nec
482 1770 572 1820 consilio
586 1770 698 1820 meliorem
712 1771 802 1821 haberet
816 1771 883 1829 idque

98 1843 160 1899 plane
174 1855 320 1900 cognosceret,
335 1842 425 1890 consilio
439 1854 512 1890 tamen
527 1843 580 1897 eius,
596 1843 657 1901 quod
672 1862 718 1890 esse
733 1843 774 1902 viri
788 1843 881 1891 nimium

98 1916 167 1964 timidi
174 1915 291 1976 uideretur,
300 1908 344 1964 non
352 1915 449 1964 adhaesit
457 1916 496 1965 sed
503 1916 526 1963 in
533 1934 593 1965 arma
600 1915 681 1970 subito,
690 1936 741 1965 cum
749 1916 882 1974 persuaden-

97 1988 154 2036 tibus
165 1988 218 2042 aliis,
230 2001 278 2036 tum
288 1989 348 2046 quod
358 2000 435 2052 suapte
445 2001 521 2037 natura
531 2002 588 2037 esset
597 1989 725 2044 temerarius
735 2009 761 2038 ac
771 2008 883 2047 praeceps,

58 2059 83 2106 25
99 2073 119 2107 et
134 2080 230 2118 pugnam
237 2061 287 2108 ruit.
296 2059 344 2108 Nec
351 2061 411 2118 prius
419 2079 442 2107 se
450 2060 534 2108 Paulini
546 2060 654 2116 fidumac,
662 2052 758 2119 prudens
766 2060 894 2123 consilium

96 2144 175 2180 temere
186 2132 292 2190 sprevisse
302 2132 403 2190 cognovit
414 2152 481 2190 quam
491 2132 536 2180 suis
547 2130 601 2181 lusis
612 2132 688 2191 copiis,
699 2133 744 2181 suis
755 2134 824 2192 captis
835 2153 883 2180 cas·

95 2204 133 2253 tris
152 2226 174 2254 se
193 2204 275 2254 victum
287 2226 313 2254 ac
326 2218 452 2264 superatum
464 2204 526 2254 vidit.
541 2204 591 2256 Erat
605 2204 715 2262 Paulinus,
730 2205 823 2262 ut'dixi‚
837 2227 882 2254 non

96 2277 151 2326 bello
160 2277 232 2327 solum
239 2279 279 2327 sed
286 2278 362 2328 litteris
371 2278 437 2328 etiam
444 2299 469 2329 ac
478 2299 530 2337 pace
539 2279 616 2329 clarus.
626 2279 704 2336 Libros
713 2280 804 2339 quidem
812 2280 881 2338 scrip·

17 2362 19 2365 ’
96 2349 123 2396 sit
135 2369 147 2397 e
159 2350 239 2408 quibus
252 2350 334 2398 Plinius
348 2345 415 2398 multa
427 2349 549 2405 deflorasse,
567 2371 618 2399 cum
631 2351 733 2399 scriberet
746 2352 774 2399 de
786 2351 883 2413 Historia
902 2397 904 2400 .

57 2416 83 2467 30
98 2418 203 2477 Naturali,
218 2421 291 2472 relert.
738 2470 742 2477 ,
848 2430 850 2432 ’

137 2494 254 2543 Suetonius
268 2514 320 2544 vero
337 2509 416 2549 noster,
435 2495 462 2543 de
479 2517 524 2554 quo
541 2503 599 2545 nunc
616 2496 677 2554 loqui
695 2497 821 2555 principalis
838 2496 880 2544 loci

95 2564 159 2614 huius
171 2567 225 2615 ratio
237 2567 358 2625 persuadet,
372 2568 438 2616 homo
450 2580 542 2626 togatus,
555 2567 696 2627 epistolarum
707 2568 798 2617 Adriani
810 2569 880 2627 impe·

57 2677 195 2690 Ἣ...

90 2741 116 2778 111.
128 2743 169 2782 Tae,
181 2747 224 2784 Hist.
237 2746 258 2782 11.
271 2746 300 2783 32.
352 2745 378 2783 18.
390 2745 431 2782 Tac.
443 2747 487 2784 Hor.
499 2746 520 2783 ll.
533 2746 562 2783 25.
612 2745 641 2784 29.
653 2745 695 2783 Plin.
706 2746 730 2783 111.
742 2748 767 2785 Η.
779 2746 824 2792 RV).

57 2833 195 2848 κ,-

57 2897 110 2973 Ι3.
126 2900 271 2956 (a)di(ecitque)
285 2907 298 2946 ι’.
311 2919 334 2952 r.;
348 2911 391 2946 erat
404 2900 537 2955 adijecitque?
599 2901 632 2946 25.
646 2912 666 2946 et
680 2908 722 2947 1'.r.
785 2904 817 2948 31.
832 2919 879 2947 vero

54 2976 66 3002 1·
80 2979 102 3014 1·;
116 2977 158 3012 erar
171 2979 244 3014 autem.
519 2985 522 2988 “
601 2988 602 2991 ’
