2093 3253
255 185 388 217 scaurorum
403 184 531 216 iiiusrmuu
544 195 559 199 -
572 183 630 213 nisan
645 185 668 215 u.
849 168 875 214 63

89 305 170 353 Romae
191 315 254 351 natus
274 314 306 349 est
326 300 405 348 Accius
425 299 551 357 parentibus
571 297 684 347 libertinis.
700 297 874 347 Familiaritatem

90 376 165 424 babuit
180 374 209 422 D.
225 373 294 421 Bruti.
310 372 412 430 Denique
427 372 483 420 inter
498 372 586 419 colonos
601 370 714 418 Pisaurum
730 371 809 418 ductus
824 370 875 417 tun·
950 424 954 428 ,

90 448 143 497 dum
158 446 233 495 habuit
253 446 291 504 qui
310 465 350 492 suo
369 466 381 492 e
401 445 489 503 nomine
508 444 615 492 Accianus
636 455 684 502 post
704 462 754 492 eum
765 455 876 492 mortuum

89 521 168 571 multos
182 521 211 568 ed
226 520 272 567 dies
287 532 308 567 et
323 539 391 567 annos
406 518 526 577 appellatus
541 530 580 566 est.

65 597 77 646 5
135 593 183 642 Hoc
198 592 287 652 quidem
296 605 394 650 tempore
403 590 476 639 floruit
485 611 551 649 quam
561 591 653 638 maxime
662 603 776 648 poetarum
790 611 877 639 nomen.

93 668 142 715 Fuit
156 679 217 719 tunc,
233 685 299 722 quem
314 665 358 711 iam
372 665 490 718 nominavi,
504 665 600 711 comicus
614 677 678 721 poeta
691 663 811 721 Turpilius.
827 664 877 711 Fuit

92 740 126 788 M.
142 738 219 787 Furius
242 750 386 796 cognomento
410 735 525 785 Bibaculus
548 735 675 794 appellatus.
698 734 822 785 Cremonae
843 735 878 784 hic

92 825 155 861 natus
170 824 210 860 est.
226 811 276 859 Fuit
291 810 320 859 T.
337 810 458 865 Lucretius,
474 810 512 868 qui
528 829 627 858 summus
643 822 706 867 poeta
721 822 784 865 esset,
800 810 824 858 ni
840 809 878 857 ali·

93 884 180 943 quando
191 885 320 932 amatorium
331 883 360 939 ob
372 882 477 940 poculum
487 883 608 930 insanisset.
624 882 674 930 Fuit
685 882 791 930 Aemilius
803 881 879 929 Macer

54 959 80 1007 l0
94 956 231 1005 Veronensis.
246 955 340 1004 Annales
351 956 392 1004 iste
402 975 427 1003 ac
438 967 537 1013 poemata
548 955 640 1012 scripsit.
655 954 737 1002 Romae
748 967 821 1002 autem
831 973 879 1002 veru

93 1043 150 1078 satus
166 1030 253 1078 tandem
268 1049 362 1078 annosus
373 1029 429 1077 obiit
439 1041 531 1077 mortem
542 1029 564 1076 in
574 1028 626 1076 Asia
637 1048 688 1076 curn
703 1028 818 1086 imperaret
831 1028 879 1076 Au-

94 1114 176 1159 gustus.
251 1118 253 1122 ’
681 1095 693 1150 ³.

137 1174 187 1222 Fuit
202 1187 353 1222 conterraneus
375 1175 421 1222 eius
443 1173 540 1222 Valerius
563 1173 668 1221 Catullus.
684 1172 744 1221 Bello
766 1172 801 1220 hic
822 1173 879 1220 civili

94 1247 154 1306 quod
168 1247 191 1295 in
207 1246 303 1295 Marium
315 1245 373 1304 Sylla
385 1245 450 1304 gessit
462 1257 525 1294 natus
537 1258 569 1293 est
580 1244 685 1294 Veronae.
696 1245 763 1292 Diem
773 1264 824 1293 vero
832 1245 880 1303 ipso

51 1322 81 1371 ’15
97 1321 120 1369 in
134 1322 208 1368 aetatis
223 1319 275 1368 flore
291 1319 435 1378 (trigesimum
442 1319 518 1378 agebat
526 1318 618 1378 annum)
627 1319 696 1378 exegit
705 1319 793 1368 Romae.
802 1318 881 1385 Pove'ma

96 1413 160 1441 suum
175 1393 266 1441 habetur
280 1413 350 1441 unum
368 1392 396 1440 ad
415 1391 550 1440 Cornellium
568 1391 658 1440 Gallum
675 1393 812 1450 inscriptum.
827 1391 880 1450 Epi-

96 1464 197 1513 thalamia
211 1477 262 1513 sunt
268 1465 332 1513 rebus
339 1465 447 1513 amatoriis
454 1477 476 1513 et
482 1464 565 1514 lascivis
572 1464 642 1524 plena.
664 1463 880 1524 Feminam'quidem,

95 1539 130 1598 cui
145 1557 221 1586 verum
236 1538 313 1586 Clodia
324 1558 403 1586 nomen
414 1551 477 1592 esset,
489 1538 590 1586 Lesbiam
601 1539 689 1586 nomine
700 1550 783 1586 mutato
794 1550 815 1585 et
828 1538 882 1585 lalso

96 1623 158 1676 vocat
173 1611 308 1675 eandemque
318 1610 383 1658 basiis
395 1610 468 1659 multis
479 1610 567 1659 milibus
578 1610 653 1659 basiat.
668 1609 791 1658 Oblectavit
802 1610 882 1659 multos

56 1683 85 1730 20
100 1681 133 1730 bis
148 1682 224 1731 diebus
240 1682 318 1732 lasciva
332 1683 411 1741 poesis.
427 1682 475 1731 Hoc
491 1677 581 1741 quidem
596 1683 618 1731 in
634 1702 711 1740 genere
726 1695 821 1731 versatos
836 1703 882 1731 esse

98 1754 197 1810 Calvum,
213 1755 348 1803 Cornellium
367 1755 464 1810 Gallum,
484 1755 584 1809 Varrum,
605 1755 754 1808 Hortensium,
774 1754 882 1809 Tullium.

97 1826 213 1887 Virgilium
228 1829 322 1887 quadam
334 1847 374 1887 pro
386 1827 527 1890 delectatione
539 1841 630 1877 constat.

140 1900 190 1947 Oris
205 1920 294 1958 quoque
309 1901 383 1949 blandi
399 1901 489 1949 habetur
501 1914 564 1958 poeta
576 1901 625 1949 Sex.
637 1901 738 1949 Aurelius
750 1900 882 1958 Propertius.

98 1973 167 2022 Patria
187 1974 238 2022 huic
258 1973 360 2023 Mevania
380 1973 429 2022 tuit.
450 1974 555 2023 Umbriae
577 1974 637 2023 locus
658 1986 690 2022 est
711 1973 748 2033 qui
769 1972 884 2033 Spoletum

57 2046 85 2096 25
101 2045 254 2106 Perusiamque
269 2048 419 2096 conterminat.
434 2046 526 2102 Patrem,
537 2048 574 2106 qui
584 2068 634 2096 suos
644 2049 701 2096 inter
710 2047 808 2096 homines
818 2046 884 2095 homo
941 2067 942 2071 ¹

99 2132 154 2165 esset
169 2118 286 2166 honoratus
308 2140 333 2166 ac
355 2120 423 2173 dives,
445 2120 517 2167 amisit
539 2119 666 2168 triumvirali
688 2132 823 2178 tempestate.
840 2119 884 2167 tllis

99 2191 158 2239 enim
173 2211 199 2240 ex
213 2192 320 2241 dediticiis
333 2191 374 2241 tuit
386 2193 424 2252 qui
437 2211 528 2241 numero
540 2193 629 2241 trecenti
643 2192 669 2241 L.
683 2192 805 2241 Antonium
817 2193 884 2241 secuti

99 2277 170 2313 essent
185 2278 251 2325 atque
267 2265 355 2315 Perusia
370 2279 432 2325 capta
448 2268 509 2315 iussu
525 2267 639 2315 Octaviani
655 2267 683 2315 ad
699 2285 758 2315 aram
774 2267 818 2315 divi
836 2267 885 2315 tulii

100 2339 159 2385 ducti
174 2359 199 2386 ac
214 2340 291 2387 misere
306 2340 370 2388 occisi
385 2352 444 2388 sunt.
459 2339 546 2388 Horum
560 2340 650 2398 quidem
664 2353 686 2388 et
700 2358 790 2397 corpora
803 2339 886 2387 abiecta

59 2408 87 2457 30
102 2423 123 2459 et
138 2409 196 2460 bona
208 2409 312 2460 militibus
324 2411 429 2461 veteranis
441 2412 491 2461 data
502 2420 560 2461 sunt.
574 2410 706 2462 Adolescens
711 2408 765 2461 'tum
777 2425 822 2462 erat
833 2411 886 2462 Pro-

101 2484 191 2542 pertius.
205 2484 274 2532 Patris
287 2498 360 2533 tamen
373 2499 398 2534 ut
411 2486 511 2545 sepeliret
524 2505 602 2545 corpus
616 2486 690 2534 multis
703 2485 803 2546 precibus
816 2486 886 2545 impe-

100 2558 171 2606 travit.
188 2558 289 2606 Fortunis
303 2571 378 2606 autem
391 2559 494 2617 spoliatus
508 2559 572 2607 simul
585 2580 610 2607 ac
624 2560 692 2618 patria
705 2560 780 2618 pulsus
794 2560 886 2608 Romam

101 2649 124 2677 se
138 2629 205 2678 veluti
224 2650 340 2678 commune
358 2631 386 2679 ad
404 2631 539 2679 domicilium
556 2651 582 2678 ac
599 2631 708 2688 refugium
725 2631 824 2680 contulit.
841 2631 887 2680 lam

61 2739 203 2749 Ἢ

98 2799 123 2837 19.
137 2801 174 2838 Cat.
187 2802 204 2839 5,
219 2804 229 2839 7
241 2817 278 2846 sqq.

61 2894 204 2906 ·······--———-·

102 2955 134 3003 20.
149 2955 179 3001 bis
194 2978 216 3004 ex
232 2958 265 3005 hic
278 2978 328 3002 corr.
342 2957 361 3002 Ο
376 2958 408 3004 hic
422 2958 450 3004 H.
505 2958 538 3004 3l.
552 2959 612 3013 patris
625 2969 691 3004 tamen
706 2967 719 3005 i.
733 2980 751 3018 r.
