2093 3253
144 196 184 244 352
444 212 535 245 srccoms
549 213 667 244 accamoni

186 329 268 384 maluit,
284 349 335 377 cum
354 329 404 377 odio
423 330 504 378 tribuni
523 343 547 378 ut
566 330 678 378 reduceret
702 330 815 392 inimicum
833 351 904 385 suum.
924 343 970 384 tum

185 421 259 451 amore
275 400 341 450 Iuliae
358 423 384 450 ne
400 402 509 451 dimittere
529 415 596 461 quarn
617 403 680 451 unice
701 416 782 451 amaret
797 421 887 452 uxorem
903 423 969 463 suam,

187 471 283 523 Caesaris
298 474 371 529 filiam,
387 488 505 533 cogeretur.

229 546 327 605 Tempus
342 559 415 596 autem
429 547 510 596 interea
521 568 589 596 novos
601 548 629 597 ad
642 548 746 597 creandos
758 548 893 607 magistratus
905 552 969 603 venit.
1043 601 1044 604 ,

161 620 249 669 §Tum
264 620 353 678 quidem
368 621 475 669 maiorum
489 643 501 669 e
516 640 576 669 more
598 634 620 669 et
642 621 704 680 plebs
726 621 826 670 tribunos
848 620 899 670 lecit
922 643 971 674 suos
1036 619 1047 688 ᾖ

188 706 216 746 et,
232 694 270 751 qui
286 692 382 740 Gabinio
393 706 414 740 et
426 694 498 741 Pisoni
510 694 658 747 succederent,
671 692 770 741 consules
782 693 832 742 novi
844 706 894 742 sunt
905 699 971 744 comi·
1037 688 1047 710 ’ξ

187 764 223 811 tiis
245 763 394 812 consularibus
411 763 435 813 P.
453 763 559 814 Lentulus
577 777 598 813 et
616 764 643 822 Q.
662 762 765 814 Metellus
782 763 841 814 lacti.
859 763 971 826 Extemplo
1044 766 1047 820 l

189 837 300 886 Ciceronis
309 837 384 885 amicis
394 858 443 896 spes
460 837 575 886 revocandi
592 837 638 886 eius
656 843 681 886 ac
697 837 783 887 licentia
800 837 902 896 loquendi
920 853 971 890 orta.

189 910 284 969 Linguae
299 910 358 958 enim
372 922 501 959 cunctorum
518 930 543 958 ac
561 909 683 959 libertatem
700 909 811 968 publicam
829 911 907 972 minaci
927 911 972 971 lege

151 983 176 1030 10
191 982 220 1030 ita
235 995 364 1041 represserat
379 982 470 1031 Clodius
483 995 508 1030 ut
521 995 577 1047 esset
591 1003 655 1031 nemo
669 982 707 1041 qui
720 1003 771 1031 eum
785 983 808 1030 in
826 983 885 1040 diem
903 985 971 1032 nomi·

190 1073 240 1103 nare
255 1055 383 1103 Ciceronem
395 1055 491 1103 auderet.
503 1055 579 1103 Postea
591 1073 642 1104 vero
655 1074 721 1113 quarn
733 1056 784 1103 novi
796 1067 847 1103 sunt
859 1068 881 1103 et
892 1054 972 1104 tribuni

189 1140 210 1175 et
225 1127 324 1176 consules
334 1126 446 1184 designati,
456 1128 496 1176 etsi
506 1128 631 1186 magistratu
642 1126 733 1176 Clodius
743 1147 787 1175 non
796 1128 882 1182 abisset,
893 1129 972 1177 inventi
1040 1135 1042 1137 ’

190 1212 263 1248 tamen
277 1212 328 1247 sunt
336 1200 374 1258 qui
383 1199 429 1248 eius
436 1199 559 1248 tribunatus
567 1200 756 1259 appropinquante
764 1200 808 1248 fine
816 1200 843 1248 de
851 1200 973 1249 reducendo
1043 1239 1044 1242 η

190 1272 295 1320 Cicerone
305 1292 356 1321 cum
365 1273 447 1332 private
455 1286 504 1322 tum
513 1272 601 1331 publice
610 1286 631 1340 et
640 1274 664 1321 in
673 1286 748 1321 senatu
764 1285 785 1321 et
801 1274 824 1321 in
834 1273 973 1333 concionibus

152 1346 177 1394 l5
192 1345 239 1394 sine
254 1357 313 1394 metu
328 1337 439 1401 referrent,
451 1345 598 1406 loquerentur,
610 1358 705 1404 agerent.
719 1345 828 1394 Ferendae
839 1359 912 1394 autem
923 1345 973 1404 legis
1041 1377 1046 1396 ,-

191 1440 247 1477 quae
261 1419 331 1467 redire
346 1419 474 1467 Ciceronem
498 1411 582 1468 iuberet
605 1420 714 1477 principes
739 1418 827 1468 luerunt
850 1431 900 1467 ante
923 1419 973 1467 alios
1045 1466 1047 1470 ,

192 1490 220 1539 T.
234 1490 319 1539 Annius
335 1490 406 1544 Mino,
420 1503 469 1539 turn
483 1504 566 1539 creatus
580 1490 681 1559 tribunus
696 1489 773 1548 plebis,
789 1502 810 1537 et
824 1490 847 1538 P.
862 1490 973 1545 Lentulus,
1043 1488 1047 1515 ‘³

192 1565 230 1622 qui
245 1564 320 1612 consul
336 1565 419 1612 noviter
434 1565 557 1621 designatus
578 1576 630 1612 erat.
646 1564 687 1611 His
701 1563 787 1612 favebat
809 1577 902 1618 senatus,
918 1561 974 1612 lave·
1043 1564 1047 1573 ²

192 1635 229 1684 bat
244 1632 367 1694 Pompeius,
380 1634 466 1685 favebat
479 1636 573 1695 denique
586 1636 638 1685 civis
652 1637 745 1695 quisque
757 1636 828 1684 bonus
841 1636 876 1684 cui
889 1654 922 1684 res
935 1656 974 1694 pu·

151 1710 179 1757 20
194 1708 249 1757 blica
264 1726 311 1757 cara
326 1721 347 1756 et
362 1708 448 1756 libertas
466 1709 558 1757 civitatis
576 1721 639 1758 esset.
658 1708 748 1757 Clodius
768 1709 833 1756 modo
843 1721 865 1756 et
875 1709 913 1766 qui
931 1709 975 1756 eius
1045 1736 1047 1738 -

193 1779 291 1829 factionis
314 1793 381 1835 erant,
399 1781 497 1829 homines
522 1779 600 1838 perditi
618 1800 642 1828 ac
660 1779 755 1829 scelerati
773 1800 855 1834 omnes,
873 1780 974 1838 pertinaci

194 1855 266 1902 animo
281 1853 415 1903 resistebant.

236 1928 278 1976 Res
293 1927 359 1984 igitur
372 1928 468 1985 primum
480 1928 509 1974 ad
522 1928 691 1980 contentionem,
706 1927 784 1974 deinde
797 1927 825 1973 ad
838 1926 975 1992 sedicionem,
1042 1923 1046 1945 ³

195 2019 271 2047 manus
286 2012 307 2046 et
322 2018 380 2046 arma
395 1999 461 2047 venit.
473 1998 589 2047 Enimvero
605 1998 629 2046 P.
642 1997 748 2046 Lentulus
765 2019 810 2057 quo
821 1998 856 2046 die
867 1998 976 2057 magistra·
1044 2010 1046 2055 {

153 2073 181 2120 25
196 2085 244 2120 tum
259 2072 306 2121 iniit
317 2085 382 2130 atque
393 2092 444 2120 mox
454 2084 478 2120 ut
489 2073 612 2129 designatus
623 2084 656 2120 est
666 2071 742 2119 consul
753 2070 832 2119 relerre
842 2072 871 2119 ad
880 2067 977 2119 senatum
1044 2110 1046 2139 3

196 2145 223 2192 de
238 2144 343 2192 Cicerone
358 2145 478 2192 revocando
499 2143 577 2201 coepit.
598 2143 681 2191 Aedilis
702 2144 742 2191 iste
763 2143 854 2191 currulis
875 2143 977 2191 Cicerone
1012 2166 1014 2171 ·
1044 2153 1047 2176 ῑ

195 2216 283 2265 consule
298 2214 367 2264 luerat
382 2229 403 2264 et
417 2215 445 2263 ab
460 2236 486 2263 eo
508 2215 577 2264 multo
600 2235 651 2263 cum
673 2214 746 2264 lavore
761 2234 786 2264 ac
802 2215 895 2273 benigne
912 2214 977 2263 visus.

187 2287 367 2337 Proinde-officii
382 2308 408 2336 ac
421 2288 506 2346 pietatis
521 2306 610 2342 memor,
624 2301 649 2336 ut
663 2300 746 2337 creatus
760 2300 792 2336 est
806 2288 888 2341 consul,
903 2304 977 2336 curan·
1046 2302 1047 2305 ’

195 2362 250 2410 dum
258 2361 300 2409 sibi
315 2360 375 2418 prius
390 2359 444 2408 nibil
458 2380 505 2408 esse
514 2356 627 2408 constituit
637 2380 703 2417 quam
712 2373 737 2408 ut
747 2370 833 2407 senatus
842 2358 980 2416 populusque

153 2434 182 2482 30
197 2433 307 2482 Romanus
323 2431 451 2481 Ciceronem
463 2432 491 2480 ab
503 2432 566 2481 exilio
579 2444 694 2486 revocaret,
708 2451 748 2480 nec
760 2433 833 2490 ipsum
845 2430 901 2479 exilii
915 2429 978 2496 modo

196 2505 315 2556 calamitate
330 2504 409 2555 levaret
426 2506 464 2555 sed
480 2505 599 2564 magnificis
617 2506 682 2556 etiam
698 2504 769 2555 verbis
785 2524 810 2554 ac
827 2505 917 2570 decretis
933 2521 977 2552 anu

136 2577 137 2581 ¹
176 2578 298 2641 vplissimis
314 2579 443 2627 honestaret.
466 2597 468 2599 ·
492 2625 494 2627 ,
900 2625 902 2628 ,

238 2650 300 2699 Alter
314 2668 365 2698 vero
379 2649 462 2704 consul,
478 2650 506 2706 Q.
529 2649 639 2704 Metellus,
663 2649 774 2698 Ciceronis
796 2661 817 2697 et
839 2648 938 2696 inimicus
960 2655 979 2691 et

171 2772 180 2781 „
197 2723 262 2774 irater
277 2723 359 2772 inimici
370 2732 423 2772 erat.
434 2722 592 2773 Adhortatione
603 2735 677 2771 autem
687 2721 711 2771 P.
724 2720 816 2777 Servilii,
829 2721 923 2771 hominis
934 2737 980 2778 gra·

155 2799 187 2847 35-
199 2799 280 2850 vissimi
292 2810 313 2844 et
325 2796 436 2845 Ciceronis
447 2797 518 2851 amici,
530 2809 688 2855 prospectaque
699 2808 793 2850 senatus,
805 2795 906 2854 collegae,
917 2793 980 2842 Pom·

197 2982 216 3026 9.
232 2978 354 3034 (Linguae)
369 2985 382 3024 i.
397 2996 412 3023 r.
434 3028 436 3030 ¹
468 2977 499 3024 24.
514 2977 656 3033 (Enim)ver(o)
671 2984 684 3022 i.
697 2995 713 3022 r.
