2093 3253
164 158 166 166 ⁴
223 146 355 179 semitonum
370 145 498 178 ittusrnwm
511 158 525 162 -
538 144 597 176 tiara
611 146 644 178 111.
820 130 845 176 83

10 273 13 276 ’
65 285 116 324 agro
128 284 178 313 cum
189 263 248 321 apud
260 261 371 310 Mutinam
383 280 428 309 rem
436 260 495 309 bene
507 262 628 319 gessissent,
644 259 849 310 Maronem'deinde

43 367 45 371 ·
66 339 164 387 restituto
186 335 235 388 sibi,
257 335 294 392 qui
315 346 360 380 erat
381 334 490 390 demptus,
519 333 588 382 fundo
609 333 720 391 scripsisse
741 332 848 387 Bucolica,

67 412 195 461 Ciceronem
215 420 356 467 posteaquam
378 406 461 455 audivit
482 406 580 456 Maronis
598 405 850 467 eglogamcollaudasse.

9 523 11 526 -
26 482 28 485 ’
63 485 127 534 Ἠειεε
140 482 230 542 quidem
245 481 262 528 si
278 480 404 529 Mutinense
420 479 542 529 referuntur
556 480 584 528 ad
596 480 685 545 bellum,
701 480 748 528 sine
758 480 848 538 scopulo

41 561 53 608 5
68 547 165 614 inquam
176 554 221 602 dixi
236 554 365 601 sententiam
381 554 425 601 suis
436 553 529 610 pedibus
545 565 605 607 eunt;
621 553 654 601 sin
668 552 808 610 Philippense
820 552 852 600 ‘ad

68 628 149 678 bellum
160 625 239 674 referre
247 625 324 684 placet,
333 625 356 673 id
364 625 472 680 sustineri,
481 626 499 672 si
508 625 540 674 las
549 638 581 673 est
589 625 667 679 dicere,
676 624 787 684 praesidio
792 624 852 673 nullo

68 712 146 760 potest,
162 698 222 757 quod
238 697 336 745 Maronis
352 697 426 755 egloga
437 698 465 745 sit
476 718 489 745 a
501 698 606 746 Cicerone
618 697 710 746 laudata.
723 697 816 745 Proinde
828 697 852 745 id

68 793 137 822 unum
150 770 226 819 stabile
238 784 260 818 et
272 771 361 818 firmum
374 783 452 823 manet,
466 772 484 817 si
497 771 595 818 Maronis
608 762 706 827 eglogam
718 770 827 830 laudatam
839 790 852 817 a

70 846 174 899 Cicerone
188 842 289 901 latemur,
299 854 324 892 ut
334 842 449 891 bellum-id
459 842 526 891 luisse
536 843 705 902 haudquaquam
714 842 853 900 Philippense
906 867 908 870 ’

33 921 58 970 10
72 918 110 968 sed
125 917 251 966 Mutinense
267 916 372 966 dicamus.
389 915 468 975 Neque
484 935 535 965 vero
551 915 579 974 ab
596 915 629 964 his
645 914 749 965 dissentio
765 934 853 975 prorsus

70 991 115 1050 qui,
127 1012 178 1039 cum
188 1002 259 1038 certus
271 990 327 1038 inter
338 988 429 1046 Eglogas
440 989 494 1037 ordo
505 990 533 1037 sit
549 988 629 1043 nullus,
645 989 738 1047 primam
753 989 853 1037 omnium
882 983 883 986 Ἴ

71 1063 174 1120 scriptam
191 1061 219 1110 ab
233 1082 259 1109 eo
278 1061 367 1124 «Prima
385 1060 519 1119 Syracusio»
531 1081 583 1109 esse
602 1074 697 1125 putanti

113 1135 157 1184 Sed
171 1135 318 1183 iamtandem
338 1135 367 1182 ad
388 1135 470 1193 reliqua
492 1146 632 1184 transeamus.
654 1127 766 1191 Absolutis
787 1134 853 1192 igitur

72 1207 185 1261 Bucolicis,
194 1226 250 1264 quae
259 1208 293 1254 his
302 1207 330 1255 de
339 1207 403 1255 rebus
412 1219 503 1255 tractant
512 1207 592 1265 quibus
601 1208 629 1255 de
637 1207 697 1264 loqui
706 1207 774 1267 boum
782 1219 855 1254 eusto-

25 1282 59 1336 ,15
74 1280 112 1328 des
127 1293 148 1327 et
162 1292 258 1338 pastores
265 1279 342 1334 solent,
350 1279 415 1328 Maro
421 1279 449 1328 ad
456 1278 563 1338 Georgica
569 1280 635 1329 venit.
642 1277 730 1328 Nomen
737 1278 856 1328 ideCrae-

73 1374 98 1402 co
113 1365 226 1411 sumptum
238 1371 284 1400 rem
296 1352 401 1409 agrariam
413 1352 501 1401 denotat
513 1373 553 1402 nec
565 1347 651 1402 colendi
665 1349 730 1401 modo
742 1351 787 1411 agri
799 1373 855 1411 opus

74 1428 114 1474 hoc
129 1426 167 1473 sed
181 1425 290 1474 arborum·
299 1426 364 1474 etiam
379 1444 526 1485 pecorumque
536 1426 563 1474 'et
578 1446 645 1485 apum
660 1427 765 1477 rationem
779 1425 853 1474 tradit.

53 1543 55 1545 .
75 1498 122 1546 Hac
136 1499 159 1546 in
173 1517 196 1546 re
211 1497 274 1546 Maro
291 1498 387 1546 imitatur
404 1497 533 1553 Hesiodum,
551 1497 664 1547 Graecum,
677 1498 753 1557 utique
769 1510 856 1556 poetam

73 1570 231 1629 antiquumque
247 1583 313 1630 atque
327 1568 367 1637 illo
384 1570 407 1618 in
424 1590 508 1629 genere⁴
518 1566 665 1619 excellentem.
682 1570 728 1619 Sed
744 1571 805 1631 quod
821 1570 857 1618 ille

34 1645 62 1692 20
75 1654 120 1692 uno
135 1643 197 1698 libro,
214 1642 249 1691 hic
265 1656 367 1702 quattuor
383 1643 503 1703 explicavit.
520 1643 550 1692 Hi
566 1657 617 1693 sunt
632 1644 660 1693 ad
676 1643 703 1693 C.
720 1644 858 1693 Mecenatem

37 1715 38 1718 ¹
74 1717 178 1780 inscripti.
194 1715 259 1770 Nam,
273 1729 298 1764 ut
312 1718 435 1770 memoravi,
450 1717 514 1764 hunc·
521 1718 593 1765 virum
606 1718 635 1765 ob
648 1717 780 1765 beneficium
793 1718 854 1763 resti·

61 1788 115 1856 ¹tuti
130 1787 194 1837 lundi
208 1788 310 1847 singulari
325 1788 470 1837 benivolentia
484 1789 558 1838 coluit.
574 1788 718 1849 Septennium
732 1789 792 1849 operi
807 1789 858 1837 huic

75 1860 206 1919 perficiendo
215 1860 279 1910 Maro
287 1861 354 1911 dedit.
365 1861 390 1910 ln
397 1883 423 1911 eo
431 1881 482 1911 vero
490 1862 613 1911 delimando
621 1863 661 1912 hac
669 1862 715 1921 lege
722 1883 774 1911 usus
780 1861 858 1917 lertur,

76 1934 135 2002 quod
149 1953 231 1988 versus,
244 1935 276 1982 uti
289 1935 387 1983 venirent
398 1934 427 1983 ad
439 1934 538 1991 buccam,
551 1955 617 1994 quam
630 1935 710 1984 multos
723 1955 786 1984 mane
798 1935 859 1983 colli-

36 2006 63 2053 25
78 2019 143 2065 geret,
159 2005 237 2056 deinde
248 2027 286 2066 per
296 2007 355 2056 diem
365 2020 488 2057 retractaret
497 2007 545 2057 illos
556 2008 725 2069 recoqueretque
731 2007 860 2067 singulatim

57 2106 58 2110 ¹
76 2092 148 2139 atque,
161 2093 186 2129 ut
199 2081 270 2129 dicere
283 2081 365 2129 solebat
378 2082 431 2141 ipse,
446 2081 562 2143 lambendo
574 2083 650 2131 ursino
663 2102 723 2131 more
735 2082 795 2131 omni
808 2103 860 2129 cum

37 2174 39 2178 ·
76 2155 170 2212 ingenio,
179 2166 231 2208 arte,
241 2155 314 2203 studio
323 2156 465 2213 paucissimos
474 2155 502 2203 ad
511 2174 590 2220 versus„
595 2155 727 2215 dignamque
736 2175 761 2204 ac
770 2154 859 2203 delima-

77 2236 121 2271 tam
135 2224 164 2272 ad
178 2223 271 2272 iormam
286 2224 403 2281 effingeret.
723 2278 724 2281 ,

119 2294 182 2354 Opus
190 2295 220 2343 >id
231 2294 352 2354 perfectum
364 2297 460 2347 recitavit
471 2297 578 2356 Augusta
591 2298 664 2356 ipsum
676 2297 735 2346 enim
746 2296 808 2346 avide
819 2317 859 2346 au·

34 2366 65 2427 31)
80 2367 152 2418 diebat
167 2367 252 2418 Caesar.
267 2369 333 2418 Fesso
346 2383 419 2419 autem
432 2371 545 2420 interdurn>
556 2369 646 2430 Virgilio
659 2369 719 2429 (nam
733 2371 862 2420 continuum

22 2446 23 2451 ’
57 2468 59 2471 ·
78 2442 220 2499 quatriduum
234 2443 330 2491 recitavit
344 2442 471 2501 aliquando)
485 2443 615 2492 succedebat
629 2443 740 2492 Mecenas.
754 2443 815 2492 Tum
828 2457 865 2504 est

77 2524 136 2561 tanta
147 2514 237 2561 varietas
250 2513 272 2562 in
285 2514 450 2572 pronunciando
461 2516 506 2563 visa
518 2528 543 2564 ut
554 2536 609 2574 opus
623 2515 791 2575 haudquaquam
802 2516 863 2564 idem

41 2609 181 2620 -n—-m

76 2659 102 2695 12.
114 2662 162 2704 Verg.
174 2661 208 2699 Eat.
221 2662 233 2698 6
281 2662 310 2698 26.
323 2660 384 2699 Donat.
397 2663 436 2699 Vua
449 2663 496 2707 Vara.
508 2678 524 2700 v.
538 2663 561 2700 82
572 2663 600 2700 Br.

41 2743 182 2754 w—

78 2791 97 2834 2.
111 2793 215 2837 Buccolica
229 2794 248 2847 (c
269 2793 328 2847 exp).
344 2770 365 2794 ¹⁴
386 2793 414 2837 18.
436 2770 566 2848 He(siodum)
587 2800 600 2838 i.
622 2807 638 2838 τᾳ
660 2794 727 2848 (etiam
748 2801 768 2839 in
785 2794 863 2849 indice).

22 2876 25 2878 ’
39 2853 71 2900 31.
85 2850 192 2913 aliquando
206 2865 219 2906 ι’.
234 2877 249 2904 r.
656 2866 658 2870 ⁴
