2093 3253
165 159 204 226 4¹⁰
464 175 557 223 srccorus
572 175 697 211 ιοιιιιιοιιι,
743 203 744 206 ,

207 287 322 359 Caesarem
342 288 462 338 interficere
485 290 607 348 cogitasset
622 290 721 352 Quippe
739 290 838 347 Ciceroni
857 291 973 342 multum
968 312 989 345 ιιι
1037 293 1047 316 *³

162 428 164 432 .
190 356 300 430 utroque
315 361 454 424 defendendo
468 365 552 422 negocii
547 365 605 415 sed
619 354 682 425 ionge
695 365 744 430 plus
758 366 824 425 inQ.
838 368 924 427 Ligario
937 369 989 420 libe
1034 372 1042 382 ⁶

207 425 275 485 raudo
288 435 337 492 tuit,
351 437 411 495 quod
424 436 487 486 illum
502 438 560 487 haud
573 457 653 497 parum
666 440 757 501 dignitas
771 442 828 498 regia
840 453 943 498 tueretur,
956 443 990 493 bic
1038 464 1040 473 ι

206 528 259 557 vero
273 521 294 558 et
309 510 362 558 civis
377 522 433 558 esset
448 500 560 559 Romanus
580 525 602 560 et
622 511 718 560 Caesaris
737 514 835 562 animum
853 515 876 562 in
896 533 919 563 se
937 516 990 565 adeo

160 642 162 647 y
182 583 194 631 5
210 581 325 631 adversum
339 582 535 640 exacerbatumque
546 570 634 633 haberet
643 584 704 643 quod
713 584 759 633 fieri
770 604 833 643 posse
844 606 871 635 ne
879 586 990 636 damnare·
1036 606 1043 630 ’ῑ

207 668 243 704 tur
257 655 301 705 iam
315 675 364 714 spes
379 654 437 704 nulla
454 656 541 714 penitus
558 669 685 715 superesset.
669 656 887 708 tRenunciantibus
905 678 990 719 nanque
1036 657 1042 672 ³

207 729 282 776 amicis
297 727 425 798 Ciceronem
441 741 465 776 ιιι
481 728 567 789 proQ.
584 729 670 794 Ligario
686 744 783 779 exoraret
798 732 871 780 venire
887 732 990 781 «Sinite»
1045 746 1046 749 ’

208 800 279 858 inquit
295 799 373 848 Caesar
389 793 479 848 «veniat
496 800 579 856 Cicero,
596 822 624 850 ne
639 821 651 849 a
668 821 703 851 me
718 822 742 851 se
757 815 906 862 contemptum
922 816 989 862 putet.
1038 798 1046 860 ᾗ

208 872 252 921 Sed
267 871 332 922 hodie
346 891 386 931 pro
396 871 481 955 Ligario
490 872 589 922 dicturus
598 886 630 923 est
640 872 727 937 frustra
736 891 745 916 ι
761 874 854 924 Veniens
869 888 943 925 autem
957 877 990 925 in·
1043 911 1045 913 ψ

169 948 195 995 10
209 959 266 994 terea
281 945 365 1000 Cicero,
376 945 414 994 ubi
425 958 458 994 est
468 966 578 1004 ingressus
588 947 616 996 ad
627 947 741 996 Caesarem
751 961 772 996 et
782 948 867 998 dicendi
877 962 927 1007 post
934 948 990 999 salu
1040 956 1045 983 ’ἶ

207 1020 312 1068 tationem
326 1019 402 1088 babuit
417 1032 554 1077 potestatem
570 1021 600 1068 ita
615 1022 658 1077 egit
669 1023 765 1083 oratione
779 1041 818 1070 sua
833 1023 926 1080 quod
908 1039 953 1071 erus
963 1025 990 1071 ad
1039 1027 1045 1085 [j

207 1081 308 1141 verbat
286 1104 381 1160 attentus
396 1090 475 1141 Caesar
489 1105 511 1141 et
524 1091 610 1142 vultum
629 1092 700 1142 colore
720 1106 741 1143 et
760 1093 857 1149 animum
881 1093 990 1146 voluntate

208 1178 308 1213 mutaret.
326 1164 389 1213 Adde
403 1165 484 1224 quod
479 1185 501 1213 ιιι
515 1177 662 1214 accusatorem
678 1165 705 1222 (is
721 1164 809 1223 eratQ.
825 1165 924 1224 Tubero)
939 1187 990 1215 con·
1043 1188 1044 1191 ¹

208 1257 282 1296 versus
297 1237 381 1292 Cicero,
396 1258 448 1285 cum
469 1237 594 1302 Pharsaliae
610 1249 738 1285 memoraret
753 1258 849 1295 pugnam
863 1259 889 1286 ae
903 1239 989 1293 diceret,
1042 1235 1044 1237 ¹

169 1310 194 1358 15
210 1325 218 1348 u
227 1302 287 1365 Quid
299 1306 364 1363 enim.
378 1308 475 1362 Tubero,
489 1308 525 1357 ille
537 1321 587 1357 tuus
601 1309 710 1357 districtus
722 1310 746 1357 in
758 1310 803 1358 acie
815 1309 935 1364 Pharsalica
946 1310 990 1369 gla=
1044 1314 1045 1317 ’

209 1378 257 1430 dius
271 1382 362 1441 agebat?
379 1381 520 1443 Cuiusvlatus
535 1382 637 1441 petebat)
655 1381 712 1439 Quis
726 1395 772 1432 erat
787 1402 862 1433 sensus
881 1402 990 1434 armorum
1043 1390 1045 1429 ἶ

208 1461 311 1505 tuorum?
326 1455 389 1512 Quae
401 1449 520 1510 tuamens,
534 1456 598 1510 oculi,
612 1475 696 1513 manus,
709 1456 773 1504 ardor
783 1457 867 1512 animi?
880 1457 941 1514 Quid
953 1477 990 1505 cu·
1041 1498 1043 1501 ,

208 1524 375 1588 ρίεῑιιιεὲΟιιίἆ
390 1530 496 1588 optabas?
506 1545 515 1569 ι)
530 1541 579 1577 tum
594 1529 655 1587 quasi
670 1529 774 1577 attonitus
790 1527 869 1577 Caesar
883 1549 909 1577 ac
923 1547 990 1588 prope

208 1601 311 1650 alienatus
327 1614 399 1650 mente
415 1621 471 1662 quos
487 1601 574 1650 tenebat
590 1600 646 1650 forte
662 1602 685 1651 in
701 1621 767 1651 manu
783 1601 866 1651 libellos
882 1602 990 1651 abiiceret.

167 1674 195 1722 20
210 1673 289 1732 Neque
302 1693 354 1722 vero
366 1674 426 1732 prius
439 1695 452 1723 a
464 1673 570 1722 Cicerone
583 1686 707 1732 peroratum
719 1695 786 1733 quam
798 1694 810 1722 a
823 1674 915 1722 Caesare
928 1674 990 1733 Liga-

208 1748 252 1793 rius
267 1758 342 1793 contra
358 1766 420 1804 spem
436 1747 537 1809 omnium
552 1747 654 1794 liberatus
670 1758 719 1814 est

166 1873 168 1876 Υ
249 1808 336 1866 Dum
330 1819 396 1876 igitur
412 1818 480 1866 lulius
504 1818 583 1867 Caesar
603 1838 715 1866 summum
738 1800 854 1879 imperium
862 1803 990 1871 obtineret,

207 1909 246 1950 per
260 1891 357 1949 quietem
372 1892 426 1940 vidit
437 1890 514 1940 Cicero
525 1909 619 1950 puerum
628 1890 690 1940 vultu
700 1903 722 1941 et
732 1891 819 1949 ingenio
829 1892 991 1949 permodestum

195 1983 271 2012 aurea
285 1976 360 2012 catena
372 1964 395 2012 in
407 1976 474 2012 terras
485 1984 497 2012 e
507 1963 567 2013 caelo
578 1964 662 2013 demitti
674 1964 738 2022 eique
750 1964 798 2022 ipso
807 1965 831 2012 in
841 1963 915 2013 limine
926 1962 990 2022 Capi-

166 2036 193 2085 25
208 2035 254 2084 tolii
263 2035 372 2094 flagellum
380 2058 393 2085 a
404 2037 454 2087 Iove
463 2037 517 2086 dari.
524 2036 583 2085 Haec
592 2050 665 2086 autem
674 2055 719 2095 per
721 2050 806 2086 noctem
815 2037 861 2086 visa
869 2057 919 2086 cum
927 2055 990 2095 prox

208 2109 251 2158 ima
265 2108 313 2178 luce
333 2110 460 2160 dictatorem
479 2108 595 2160 Caesarem
613 2110 642 2160 ad
660 2129 719 2160 sacra
743 2122 831 2160 euntem
855 2110 878 2159 in
902 2108 991 2179 Capito

208 2184 262 2233 lium
282 2204 375 2241 sequens
386 2184 463 2232 Cicero
474 2196 583 2232 enarraret
593 2185 675 2239 amicis,
686 2204 714 2232 en
724 2203 778 2242 puer
789 2184 892 2247 Octavius
902 2183 958 2232 iorte
967 2196 991 2230 ut

208 2256 273 2304 sacris
288 2255 372 2304 adesset
389 2268 439 2313 post
455 2256 589 2305 avunculum
605 2256 721 2316 ferebatur.
739 2256 812 2312 Quem
828 2269 853 2304 ut
869 2256 951 2317 aspexit
967 2275 992 2303 ac

208 2320 366 2388 contemplatus
381 2341 413 2377 est
428 2328 513 2383 Cicero,
533 2329 592 2378 bunc
610 2349 657 2378 esse
675 2328 737 2378 illum
754 2329 827 2388 ipsum
845 2348 911 2388 quem
929 2339 991 2377 nocte

166 2403 194 2452 30
209 2401 291 2450 viderat
305 2420 344 2461 per
358 2402 468 2451 somnium
484 2401 605 2460 affirmavit.
985 2414 987 2419 ’

168 2473 171 2476 ’
249 2474 328 2522 Caesar
342 2494 394 2523 vero
408 2495 459 2523 cum
473 2468 592 2543 imperium
606 2488 690 2533 septem
704 2476 732 2523 ad
748 2495 832 2523 menses
847 2493 912 2534 supra
925 2475 991 2522 trien

207 2548 269 2597 nium
282 2539 395 2603 tenuisset,
409 2547 484 2596 Idibus
495 2547 581 2596 Martiis
592 2547 675 2607 occisus
685 2560 725 2596 est.
735 2547 816 2595 Aderat
825 2545 922 2602 facinori,
933 2545 992 2606 quod

208 2635 264 2671 esset
284 2621 355 2671 caedis
372 2621 437 2671 buius
454 2621 556 2681 princeps
573 2634 594 2670 et
610 2634 692 2677 auctor,
709 2621 739 2671 D.
756 2620 844 2672 Brutus.
863 2620 883 2671 Is
900 2619 991 2680 gratula-

207 2695 295 2743 bundus
310 2707 335 2743 ut
349 2693 475 2744 confossum
493 2693 557 2744 iilum
575 2693 704 2743 vulneribus
721 2714 783 2743 ruere
800 2715 825 2743 ac
843 2694 944 2753 spiritum
961 2690 994 2741 eb·

166 2769 195 2817 35
210 2768 261 2816 flare
278 2769 339 2822 vidit,
358 2767 431 2816 subito
448 2781 564 2816 cruentum
582 2767 686 2816 extollens
699 2767 788 2815 brachio
805 2768 924 2825 pugionem
941 2784 992 2815 voce

168 2890 311 2898 ——d

204 2958 229 2995 15,
242 2956 277 2994 Cic.
291 2959 330 3002 tn.
339 2958 355 2995 9.
