2093 3253
124 617 232 665 Srcconrs
244 601 377 666 Potenronr
389 616 458 664 Lmen
471 616 618 665 Scnrrronuu
633 617 774 674 lutusrnruru,

124 690 225 738 Larium
243 677 347 738 Linouna
364 688 440 737 Xllll
457 687 565 737 Examen
581 704 607 737 ar
625 690 713 745 lncrrur
729 689 772 738 XV

243 776 272 810 ro
284 761 526 822 FrutuuPotroonuu
537 761 655 810 Futrcrrm

119 968 205 1018 Caesari
219 967 308 1017 tandem
321 966 376 1016 lusis
389 966 512 1026 fugatisque
526 966 668 1026 Pompeianis,
683 987 734 1016 curn
752 967 821 1017 vietor
838 962 862 1017 in

79 1041 163 1092 ltaliam
175 1040 265 1091 redisset
278 1053 300 1089 et
313 1039 433 1090 Tarentum
446 1039 513 1088 classe
525 1040 625 1094 venisset,
639 1039 726 1089 obviam
739 1040 816 1090 Cicero
828 1042 862 1090 via

78 1114 234 1177 mediterranea
248 1112 359 1171 protectus
372 1127 411 1162 est.
427 1113 470 1161 lter
483 1113 573 1171 quidem
586 1112 710 1161 Brundusio
723 1115 863 1171 pergentibus
878 1145 879 1148 =

78 1187 109 1234 ire
124 1185 252 1253 Tarentum,
268 1185 329 1244 quod
343 1205 367 1248 se
382 1186 404 1233 in
421 1183 543 1233 Calabriam
558 1203 647 1242 vergens
663 1184 696 1250 ibi
709 1184 863 1235 circumflectat

52 1261 64 1310 5
82 1260 149 1314 ltalia,
163 1259 270 1308 maritimo
283 1251 346 1316 longe
359 1258 445 1307 brevius
458 1271 490 1306 est
500 1270 607 1307 terrestre.
618 1257 675 1307 Illud
682 1272 755 1307 autem
765 1259 863 1317 proficis-

79 1352 130 1381 cens
146 1332 219 1380 animo
235 1351 310 1378 secum
326 1332 403 1379 tacitus
419 1331 528 1388 cogitabat
544 1351 587 1389 qua
603 1330 681 1384 lronte,
703 1352 746 1389 qua
767 1333 864 1380 oratione

78 1423 152 1453 rerum
165 1404 270 1451 victorem
284 1403 398 1460 exciperet,
415 1403 475 1461 quod
490 1402 573 1451 lactum
589 1402 699 1451 dictumve
713 1404 742 1451 ab
757 1411 784 1452 eo'
799 1403 862 1452 vellet

79 1476 133 1525 nihil
141 1476 202 1535 quod
208 1488 246 1524 aut
253 1475 380 1533 dignitatem
388 1475 495 1524 minueret
502 1495 564 1524 suam
570 1488 608 1524 aut
615 1474 673 1524 illius
680 1495 729 1534 erga
736 1496 759 1525 se
765 1476 864 1525 animum

80 1551 222 1608 perturbaret.
240 1549 285 1599 Sed
302 1542 448 1610 propinquare
466 1563 490 1597 ut
507 1570 558 1598 eum
575 1548 630 1598 vidit
648 1548 863 1611 Caesendescendit

41 1624 66 1671 10
81 1643 138 1681 equo
152 1623 268 1681 ipsumque
281 1623 310 1670 ad
323 1643 346 1670 se
359 1623 482 1671 venientem
495 1622 527 1669 uti
541 1620 687 1669 desideratum
700 1622 773 1669 videre
787 1622 865 1680 perdiu

80 1695 175 1744 amicum
189 1715 214 1744 ac
228 1707 312 1753 patrem
324 1694 407 1753 excepit
419 1694 557 1752 eundemque
568 1693 691 1742 humaniter
701 1714 727 1743 ac
738 1693 831 1752 benigne
842 1707 864 1743 et

79 1768 191 1827 amplexus
206 1781 227 1817 et
241 1767 348 1817 allocutus
358 1782 397 1823 est;
408 1767 477 1816 multo
488 1767 577 1825 quidem
587 1767 663 1815 itinere
673 1780 724 1816 sunt
733 1767 802 1816 amice
811 1780 864 1816 tunc
876 1770 878 1778 ⁴

81 1853 102 1887 et
116 1840 249 1888 familiariter
264 1841 408 1898 colloquendo
423 1841 530 1896 progressi
546 1859 586 1886 nec
601 1858 669 1895 pauca
685 1840 764 1887 deinde
779 1839 864 1892 Caesar,

80 1932 132 1961 cum
146 1925 202 1962 esset
217 1912 299 1961 Romae
310 1932 335 1961 ac
347 1931 459 1961 summum
471 1911 588 1969 imperium
599 1910 713 1965 obtineret,
726 1910 779 1960 boni
789 1912 865 1960 amici-

42 1984 67 2034 15
82 1987 132 2043 que'
140 2003 190 2043 erga
204 1985 277 2044 ipsum
286 1984 353 2049 animi
363 2005 388 2034 ac
398 2004 488 2042 magnae
497 1983 628 2032 reverentiae
637 1983 698 2041 signa
708 1983 775 2038 dedit:
784 2003 834 2032 narn
843 1998 866 2033 et

82 2057 166 2106 cenavit
178 2056 288 2106 interdum
299 2057 359 2115 apud
371 2077 422 2106 eurn
434 2055 511 2104 Cicero
523 2069 544 2104 et
555 2055 650 2104 adeundi
663 2076 714 2103 eum
725 2076 751 2104 ac
762 2055 865 2114 loquendi

82 2130 182 2188 quotiens
197 2143 219 2178 et
233 2130 321 2188 quando
339 2129 407 2178 voluit
425 2129 501 2177 habuit
518 2140 655 2186 potestatem.

125 2193 187 2259 Quae
208 2202 248 2251 etsi
270 2202 298 2250 ad
312 2222 374 2260 spem
394 2201 489 2264 amplam
510 2216 537 2250 ac
552 2199 720 2250 benivolentiam
744 2193 866 2256 invitarent,

83 2275 138 2324 illud
159 2289 232 2323 tamen
254 2273 354 2323 Ciceroni
378 2274 507 2334 persuadere
530 2286 648 2332 potuerunt
671 2294 791 2333 nunquam,
807 2275 867 2332 quod

40 2348 69 2395 20
84 2347 179 2407 multum
192 2347 243 2399 fidei
259 2346 292 2395 bis
307 2347 460 2405 blandimentis
481 2347 548 2395 daret.
569 2344 689 2405 Nunquam
709 2348 768 2396 enirn
786 2360 867 2396 certam

82 2442 145 2480 spem
158 2424 183 2476 ac
198 2421 304 2478 integram
315 2421 382 2469 fidem
394 2441 440 2468 esse
452 2421 600 2482 reponendam
612 2420 635 2467 in
647 2440 673 2467 eo
685 2421 769 2478 putavit
781 2420 866 2475 Cicero,

83 2494 121 2550 qui
136 2494 234 2551 patriam,
247 2493 285 2550 qui
298 2493 419 2541 libertatem
431 2513 578 2546 communem,
591 2493 629 2549 qui
642 2511 687 2540 rern
699 2493 816 2554 publicam,
829 2493 867 2550 qui

83 2564 140 2624 leges
155 2564 275 2614 contraius
287 2563 363 2624 lssque
375 2563 482 2622 violasset,
495 2564 643 2624 oppressisset,
656 2563 774 2614 evertisset.
786 2563 868 2614 Verum

82 2660 134 2687 cum
142 2635 240 2705 resistere
249 2639 314 2686 armis
324 2652 346 2687 et
355 2638 376 2686 vi
386 2658 431 2687 non
440 2652 520 2696 posset,
528 2638 621 2697 tempori
630 2637 777 2705 obediendum
785 2638 869 2697 patien-¹

42 2710 70 2757 25
85 2723 117 2759 ter
132 2732 178 2759 esse
193 2708 374 2760 c'onsrituit.·Sibi
389 2711 448 2759 enirn
461 2710 598 2760 commodius
612 2731 658 2758 esse
669 2711 752 2769 putavit
763 2710 836 2768 quiete
846 2710 869 2757 in

83 2784 152 2839 patria
166 2783 273 2832 demorari
285 2802 311 2831 ac
323 2796 435 2843 expectare
447 2784 465 2831 si
478 2784 592 2841 respiraret
603 2781 694 2831 tortasse
705 2782 823 2842 aliquando
835 2800 869 2830 res

42 2881 185 2891 -—-—-——-

81 2928 99 2973 3,
114 2930 144 2976 Er
159 2928 271 2975 Brondusio
284 2947 333 2974 corr.
388 2930 407 2975 6.
422 2927 479 2986 (qu)a
494 2927 575 2984 (fronte)
590 2935 603 2973 i.
618 2947 633 2972 ν.
