<?xml version="1.0" encoding="UTF-8"?>
<!DOCTYPE html PUBLIC "-//W3C//DTD XHTML 1.0 Transitional//EN"
    "http://www.w3.org/TR/xhtml1/DTD/xhtml1-transitional.dtd">
<html xmlns="http://www.w3.org/1999/xhtml" xml:lang="en" lang="en">
 <head>
  <title>
</title>
<meta http-equiv="Content-Type" content="text/html;charset=utf-8" />
  <meta name='ocr-system' content='tesseract 3.04.00' />
  <meta name='ocr-capabilities' content='ocr_page ocr_carea ocr_par ocr_line ocrx_word'/>
</head>
<body>
  <div class='ocr_page' id='page_1' title='image "MN40033ucmf_2_0223.png"; bbox 0 0 2093 3253; ppageno 0'>
   <div class='ocr_carea' id='block_1_1' title="bbox 247 165 871 215">
    <p class='ocr_par' dir='ltr' id='par_1_1' title="bbox 247 165 871 215">
     <span class='ocr_line' id='line_1_1' title="bbox 247 165 871 215; baseline -0.006 0"><span class='ocrx_word' id='word_1_1' title='bbox 247 184 390 215; x_wconf 38' lang='lat' dir='ltr'>‘scriniorum</span> <span class='ocrx_word' id='word_1_2' title='bbox 404 182 529 214; x_wconf 82' lang='lat' dir='ltr'>uiusmiuu</span> <span class='ocrx_word' id='word_1_3' title='bbox 542 194 557 199; x_wconf 95' lang='lat'><em>-</em></span> <span class='ocrx_word' id='word_1_4' title='bbox 570 182 629 213; x_wconf 79' lang='lat' dir='ltr'>iram</span> <span class='ocrx_word' id='word_1_5' title='bbox 644 182 664 213; x_wconf 91' lang='lat' dir='ltr'>v.</span> <span class='ocrx_word' id='word_1_6' title='bbox 835 165 871 211; x_wconf 82' lang='grc'>149</span> 
     </span>
    </p>
   </div>
   <div class='ocr_carea' id='block_1_2' title="bbox 52 296 935 2475">
    <p class='ocr_par' dir='ltr' id='par_1_2' title="bbox 52 296 935 2475">
     <span class='ocr_line' id='line_1_2' title="bbox 90 296 871 360; baseline -0.005 -11"><span class='ocrx_word' id='word_1_7' title='bbox 90 297 169 360; x_wconf 89' lang='lat' dir='ltr'>patriae</span> <span class='ocrx_word' id='word_1_8' title='bbox 186 311 338 347; x_wconf 78' lang='lat' dir='ltr'>ornamentum</span> <span class='ocrx_word' id='word_1_9' title='bbox 355 296 403 346; x_wconf 82' lang='lat' dir='ltr'>luit.</span> <span class='ocrx_word' id='word_1_10' title='bbox 422 296 509 355; x_wconf 85' lang='lat' dir='ltr'><strong>Quippe</strong></span> <span class='ocrx_word' id='word_1_11' title='bbox 527 296 686 355; x_wconf 81' lang='lat' dir='ltr'>philosophiam</span> <span class='ocrx_word' id='word_1_12' title='bbox 703 296 763 344; x_wconf 92' lang='lat' dir='ltr'>novit</span> <span class='ocrx_word' id='word_1_13' title='bbox 780 296 871 353; x_wconf 81' lang='lat' dir='ltr'>egregie.</span> 
     </span>
     <span class='ocr_line' id='line_1_3' title="bbox 88 367 871 429; baseline -0.006 -8"><span class='ocrx_word' id='word_1_14' title='bbox 88 374 164 422; x_wconf 80' lang='lat' dir='ltr'>Sacros</span> <span class='ocrx_word' id='word_1_15' title='bbox 175 389 226 419; x_wconf 89' lang='lat' dir='ltr'>vero</span> <span class='ocrx_word' id='word_1_16' title='bbox 236 370 391 429; x_wconf 85' lang='lat' dir='ltr'>prophetarum</span> <span class='ocrx_word' id='word_1_17' title='bbox 402 368 468 417; x_wconf 92' lang='lat' dir='ltr'>libros</span> <span class='ocrx_word' id='word_1_18' title='bbox 480 381 501 416; x_wconf 93' lang='lat' dir='ltr'>et</span> <span class='ocrx_word' id='word_1_19' title='bbox 512 369 550 428; x_wconf 94' lang='lat' dir='ltr'>qui</span> <span class='ocrx_word' id='word_1_20' title='bbox 561 368 589 416; x_wconf 92' lang='lat' dir='ltr'>ad</span> <span class='ocrx_word' id='word_1_21' title='bbox 600 368 657 427; x_wconf 83' lang='lat' dir='ltr'>leges</span> <span class='ocrx_word' id='word_1_22' title='bbox 668 367 725 416; x_wconf 90' lang='lat' dir='ltr'>illius</span> <span class='ocrx_word' id='word_1_23' title='bbox 736 367 811 427; x_wconf 92' lang='lat' dir='ltr'>populi</span> <span class='ocrx_word' id='word_1_24' title='bbox 822 387 871 427; x_wconf 87' lang='lat' dir='ltr'>per-</span> 
     </span>
     <span class='ocr_line' id='line_1_4' title="bbox 87 441 872 502; baseline -0.006 -8"><span class='ocrx_word' id='word_1_25' title='bbox 87 448 180 495; x_wconf 87' lang='lat' dir='ltr'>tinerent</span> <span class='ocrx_word' id='word_1_26' title='bbox 194 443 353 492; x_wconf 81' lang='lat' dir='ltr'>accuratissime</span> <span class='ocrx_word' id='word_1_27' title='bbox 374 442 457 491; x_wconf 81' lang='lat' dir='ltr'>didicit.</span> <span class='ocrx_word' id='word_1_28' title='bbox 476 442 672 502; x_wconf 82' lang='lat' dir='ltr'>Somniaquoque</span> <span class='ocrx_word' id='word_1_29' title='bbox 690 454 711 489; x_wconf 91' lang='lat' dir='ltr'>et</span> <span class='ocrx_word' id='word_1_30' title='bbox 729 441 793 489; x_wconf 90' lang='lat' dir='ltr'>huius</span> <span class='ocrx_word' id='word_1_31' title='bbox 812 441 872 489; x_wconf 90' lang='lat' dir='ltr'>modi</span> 
     </span>
     <span class='ocr_line' id='line_1_5' title="bbox 89 516 872 581; baseline -0.005 -13"><span class='ocrx_word' id='word_1_32' title='bbox 89 541 143 580; x_wconf 88' lang='lat' dir='ltr'>quae</span> <span class='ocrx_word' id='word_1_33' title='bbox 154 518 244 567; x_wconf 87' lang='lat' dir='ltr'>obscura</span> <span class='ocrx_word' id='word_1_34' title='bbox 255 517 326 581; x_wconf 84' lang='lat' dir='ltr'>essent</span> <span class='ocrx_word' id='word_1_35' title='bbox 336 538 360 565; x_wconf 90' lang='lat' dir='ltr'>ac</span> <span class='ocrx_word' id='word_1_36' title='bbox 372 530 543 575; x_wconf 84' lang='lat' dir='ltr'>proponerentur</span> <span class='ocrx_word' id='word_1_37' title='bbox 554 530 668 575; x_wconf 83' lang='lat' dir='ltr'>enygmata</span> <span class='ocrx_word' id='word_1_38' title='bbox 679 516 789 575; x_wconf 86' lang='lat' dir='ltr'>quandam</span> <span class='ocrx_word' id='word_1_39' title='bbox 799 517 872 565; x_wconf 89' lang='lat' dir='ltr'>nescio</span> 
     </span>
     <span class='ocr_line' id='line_1_6' title="bbox 63 588 872 647; baseline -0.01 -3"><span class='ocrx_word' id='word_1_40' title='bbox 63 596 74 644; x_wconf 84' lang='lat'><strong>5</strong></span> <span class='ocrx_word' id='word_1_41' title='bbox 90 613 117 642; x_wconf 89' lang='lat' dir='ltr'>an</span> <span class='ocrx_word' id='word_1_42' title='bbox 130 591 233 640; x_wconf 89' lang='lat' dir='ltr'>divinitus</span> <span class='ocrx_word' id='word_1_43' title='bbox 246 590 318 638; x_wconf 88' lang='lat' dir='ltr'>datam</span> <span class='ocrx_word' id='word_1_44' title='bbox 331 590 363 637; x_wconf 93' lang='lat' dir='ltr'>vel</span> <span class='ocrx_word' id='word_1_45' title='bbox 376 590 449 637; x_wconf 89' lang='lat' dir='ltr'>studio</span> <span class='ocrx_word' id='word_1_46' title='bbox 461 590 592 647; x_wconf 87' lang='lat' dir='ltr'>adquisitam</span> <span class='ocrx_word' id='word_1_47' title='bbox 604 590 642 637; x_wconf 93' lang='lat' dir='ltr'>sed</span> <span class='ocrx_word' id='word_1_48' title='bbox 654 588 803 637; x_wconf 82' lang='lat' dir='ltr'>admirabilem</span> <span class='ocrx_word' id='word_1_49' title='bbox 815 601 872 636; x_wconf 89' lang='lat' dir='ltr'>certe</span> 
     </span>
     <span class='ocr_line' id='line_1_7' title="bbox 88 662 935 725; baseline -0.006 -10"><span class='ocrx_word' id='word_1_50' title='bbox 88 664 243 725; x_wconf 89' lang='lat' dir='ltr'>interpretandi</span> <span class='ocrx_word' id='word_1_51' title='bbox 256 664 346 722; x_wconf 82' lang='lat' dir='ltr'>gratiam</span> <span class='ocrx_word' id='word_1_52' title='bbox 359 662 442 716; x_wconf 92' lang='lat' dir='ltr'>habuit;</span> <span class='ocrx_word' id='word_1_53' title='bbox 455 662 478 711; x_wconf 90' lang='lat' dir='ltr'>id</span> <span class='ocrx_word' id='word_1_54' title='bbox 489 662 616 717; x_wconf 87' lang='lat' dir='ltr'>mirabilius,</span> <span class='ocrx_word' id='word_1_55' title='bbox 627 664 687 722; x_wconf 88' lang='lat' dir='ltr'>quod</span> <span class='ocrx_word' id='word_1_56' title='bbox 698 683 736 710; x_wconf 90' lang='lat' dir='ltr'>seu</span> <span class='ocrx_word' id='word_1_57' title='bbox 747 663 872 721; x_wconf 84' lang='lat' dir='ltr'>prophetiae</span> <span class='ocrx_word' id='word_1_58' title='bbox 934 673 935 676; x_wconf 75' lang='grc'>’</span> 
     </span>
     <span class='ocr_line' id='line_1_8' title="bbox 89 735 872 796; baseline -0.004 -9"><span class='ocrx_word' id='word_1_59' title='bbox 89 739 189 796; x_wconf 90' lang='lat' dir='ltr'>spiritum</span> <span class='ocrx_word' id='word_1_60' title='bbox 201 737 289 785; x_wconf 89' lang='lat' dir='ltr'>haberet</span> <span class='ocrx_word' id='word_1_61' title='bbox 300 756 338 784; x_wconf 85' lang='lat' dir='ltr'>seu</span> <span class='ocrx_word' id='word_1_62' title='bbox 351 736 403 784; x_wconf 88' lang='lat' dir='ltr'>caeli</span> <span class='ocrx_word' id='word_1_63' title='bbox 415 756 440 785; x_wconf 88' lang='lat' dir='ltr'>ac</span> <span class='ocrx_word' id='word_1_64' title='bbox 451 737 548 784; x_wconf 91' lang='lat' dir='ltr'>siderum</span> <span class='ocrx_word' id='word_1_65' title='bbox 559 749 666 793; x_wconf 90' lang='lat' dir='ltr'>spectator</span> <span class='ocrx_word' id='word_1_66' title='bbox 678 749 741 790; x_wconf 84' lang='lat' dir='ltr'>esset,</span> <span class='ocrx_word' id='word_1_67' title='bbox 754 735 827 784; x_wconf 81' lang='lat' dir='ltr'>lutura</span> <span class='ocrx_word' id='word_1_68' title='bbox 839 737 872 784; x_wconf 86' lang='lat' dir='ltr'>in·</span> 
     </span>
     <span class='ocr_line' id='line_1_9' title="bbox 89 808 441 867; baseline -0.009 -8"><span class='ocrx_word' id='word_1_69' title='bbox 89 811 175 859; x_wconf 91' lang='lat' dir='ltr'>terdum</span> <span class='ocrx_word' id='word_1_70' title='bbox 187 829 213 856; x_wconf 93' lang='lat' dir='ltr'>ac</span> <span class='ocrx_word' id='word_1_71' title='bbox 225 829 288 867; x_wconf 83' lang='lat' dir='ltr'>saepe</span> <span class='ocrx_word' id='word_1_72' title='bbox 301 808 441 866; x_wconf 88' lang='lat' dir='ltr'>praediceret.</span> 
     </span>
     <span class='ocr_line' id='line_1_10' title="bbox 132 881 872 941; baseline -0.001 -11"><span class='ocrx_word' id='word_1_73' title='bbox 132 882 252 941; x_wconf 86' lang='lat' dir='ltr'>Imperium</span> <span class='ocrx_word' id='word_1_74' title='bbox 266 899 317 930; x_wconf 91' lang='lat' dir='ltr'>vero</span> <span class='ocrx_word' id='word_1_75' title='bbox 336 901 388 928; x_wconf 91' lang='lat' dir='ltr'>cum</span> <span class='ocrx_word' id='word_1_76' title='bbox 406 881 513 929; x_wconf 91' lang='lat' dir='ltr'>obtineret</span> <span class='ocrx_word' id='word_1_77' title='bbox 533 881 599 935; x_wconf 88' lang='lat' dir='ltr'>Nero,</span> <span class='ocrx_word' id='word_1_78' title='bbox 621 881 725 940; x_wconf 88' lang='lat' dir='ltr'>Iosephus</span> <span class='ocrx_word' id='word_1_79' title='bbox 744 881 803 939; x_wconf 88' lang='lat' dir='ltr'>apud</span> <span class='ocrx_word' id='word_1_80' title='bbox 822 901 872 930; x_wconf 90' lang='lat' dir='ltr'>suos</span> 
     </span>
     <span class='ocr_line' id='line_1_11' title="bbox 52 953 872 1013; baseline -0.005 -6"><span class='ocrx_word' id='word_1_81' title='bbox 52 959 76 1007; x_wconf 85' lang='grc'>10</span> <span class='ocrx_word' id='word_1_82' title='bbox 90 969 164 1010; x_wconf 88' lang='lat' dir='ltr'>aetate,</span> <span class='ocrx_word' id='word_1_83' title='bbox 174 953 238 1010; x_wconf 81' lang='lat' dir='ltr'>lama,</span> <span class='ocrx_word' id='word_1_84' title='bbox 249 954 330 1004; x_wconf 87' lang='lat' dir='ltr'>honore</span> <span class='ocrx_word' id='word_1_85' title='bbox 340 953 437 1003; x_wconf 86' lang='lat' dir='ltr'>florebat.</span> <span class='ocrx_word' id='word_1_86' title='bbox 449 953 499 1003; x_wconf 91' lang='lat' dir='ltr'>lllos</span> <span class='ocrx_word' id='word_1_87' title='bbox 508 968 581 1004; x_wconf 89' lang='lat' dir='ltr'>autem</span> <span class='ocrx_word' id='word_1_88' title='bbox 591 975 629 1013; x_wconf 89' lang='lat' dir='ltr'>per</span> <span class='ocrx_word' id='word_1_89' title='bbox 637 974 706 1003; x_wconf 91' lang='lat' dir='ltr'>annos</span> <span class='ocrx_word' id='word_1_90' title='bbox 715 955 812 1013; x_wconf 82' lang='lat' dir='ltr'>prodigia</span> <span class='ocrx_word' id='word_1_91' title='bbox 821 968 872 1003; x_wconf 90' lang='lat' dir='ltr'>sunt</span> 
     </span>
     <span class='ocr_line' id='line_1_12' title="bbox 89 1027 873 1093; baseline -0.005 -13"><span class='ocrx_word' id='word_1_92' title='bbox 89 1029 148 1088; x_wconf 90' lang='lat' dir='ltr'>apud</span> <span class='ocrx_word' id='word_1_93' title='bbox 163 1028 253 1078; x_wconf 89' lang='lat' dir='ltr'>Iudaeos</span> <span class='ocrx_word' id='word_1_94' title='bbox 266 1041 288 1078; x_wconf 90' lang='lat' dir='ltr'>et</span> <span class='ocrx_word' id='word_1_95' title='bbox 300 1028 374 1077; x_wconf 88' lang='lat' dir='ltr'>audita</span> <span class='ocrx_word' id='word_1_96' title='bbox 386 1040 408 1077; x_wconf 90' lang='lat' dir='ltr'>et</span> <span class='ocrx_word' id='word_1_97' title='bbox 421 1028 465 1078; x_wconf 89' lang='lat' dir='ltr'>visa</span> <span class='ocrx_word' id='word_1_98' title='bbox 479 1027 553 1078; x_wconf 89' lang='lat' dir='ltr'>multa.</span> <span class='ocrx_word' id='word_1_99' title='bbox 567 1027 651 1084; x_wconf 82' lang='lat' dir='ltr'>Quietis</span> <span class='ocrx_word' id='word_1_100' title='bbox 664 1048 751 1093; x_wconf 83' lang='lat' dir='ltr'>nanque</span> <span class='ocrx_word' id='word_1_101' title='bbox 764 1027 835 1082; x_wconf 90' lang='lat' dir='ltr'>rebus,</span> <span class='ocrx_word' id='word_1_102' title='bbox 848 1040 873 1077; x_wconf 91' lang='lat' dir='ltr'>ut</span> 
     </span>
     <span class='ocr_line' id='line_1_13' title="bbox 90 1096 872 1160; baseline -0.003 -10"><span class='ocrx_word' id='word_1_103' title='bbox 90 1100 246 1160; x_wconf 83' lang='lat' dir='ltr'>pretermittam</span> <span class='ocrx_word' id='word_1_104' title='bbox 263 1101 311 1155; x_wconf 89' lang='lat' dir='ltr'>alia,</span> <span class='ocrx_word' id='word_1_105' title='bbox 329 1101 385 1148; x_wconf 91' lang='lat' dir='ltr'>visas</span> <span class='ocrx_word' id='word_1_106' title='bbox 403 1119 442 1159; x_wconf 90' lang='lat' dir='ltr'>per</span> <span class='ocrx_word' id='word_1_107' title='bbox 460 1100 543 1148; x_wconf 90' lang='lat' dir='ltr'>caelum</span> <span class='ocrx_word' id='word_1_108' title='bbox 560 1113 651 1148; x_wconf 89' lang='lat' dir='ltr'>armatas</span> <span class='ocrx_word' id='word_1_109' title='bbox 668 1096 794 1148; x_wconf 73' lang='lat' dir='ltr'>concurrere</span> <span class='ocrx_word' id='word_1_110' title='bbox 809 1101 872 1155; x_wconf 86' lang='lat' dir='ltr'>acies,</span> 
     </span>
     <span class='ocr_line' id='line_1_14' title="bbox 90 1173 872 1233; baseline -0.001 -9"><span class='ocrx_word' id='word_1_111' title='bbox 90 1175 182 1225; x_wconf 88' lang='lat' dir='ltr'>nubium</span> <span class='ocrx_word' id='word_1_112' title='bbox 196 1175 246 1233; x_wconf 79' lang='lat' dir='ltr'>igne</span> <span class='ocrx_word' id='word_1_113' title='bbox 262 1174 335 1224; x_wconf 90' lang='lat' dir='ltr'>subito</span> <span class='ocrx_word' id='word_1_114' title='bbox 351 1193 399 1223; x_wconf 88' lang='lat' dir='ltr'>aera</span> <span class='ocrx_word' id='word_1_115' title='bbox 416 1173 529 1229; x_wconf 86' lang='lat' dir='ltr'>collucere,</span> <span class='ocrx_word' id='word_1_116' title='bbox 546 1173 622 1233; x_wconf 91' lang='lat' dir='ltr'>templi</span> <span class='ocrx_word' id='word_1_117' title='bbox 639 1173 764 1223; x_wconf 86' lang='lat' dir='ltr'>orientalem</span> <span class='ocrx_word' id='word_1_118' title='bbox 780 1186 872 1233; x_wconf 88' lang='lat' dir='ltr'>portam,</span> 
     </span>
     <span class='ocr_line' id='line_1_15' title="bbox 90 1247 872 1308; baseline 0 -11"><span class='ocrx_word' id='word_1_119' title='bbox 90 1269 145 1307; x_wconf 90' lang='lat' dir='ltr'>quae</span> <span class='ocrx_word' id='word_1_120' title='bbox 159 1248 227 1296; x_wconf 83' lang='lat' dir='ltr'>lerme</span> <span class='ocrx_word' id='word_1_121' title='bbox 242 1248 318 1307; x_wconf 81' lang='lat' dir='ltr'>viginti</span> <span class='ocrx_word' id='word_1_122' title='bbox 333 1248 360 1296; x_wconf 90' lang='lat' dir='ltr'>ab</span> <span class='ocrx_word' id='word_1_123' title='bbox 375 1248 509 1303; x_wconf 88' lang='lat' dir='ltr'>hominibus,</span> <span class='ocrx_word' id='word_1_124' title='bbox 525 1247 585 1308; x_wconf 90' lang='lat' dir='ltr'>quod</span> <span class='ocrx_word' id='word_1_125' title='bbox 600 1261 656 1296; x_wconf 88' lang='lat' dir='ltr'>esset</span> <span class='ocrx_word' id='word_1_126' title='bbox 671 1249 746 1305; x_wconf 83' lang='lat' dir='ltr'>ingens</span> <span class='ocrx_word' id='word_1_127' title='bbox 761 1268 785 1296; x_wconf 90' lang='lat' dir='ltr'>ac</span> <span class='ocrx_word' id='word_1_128' title='bbox 800 1269 872 1304; x_wconf 89' lang='lat' dir='ltr'>aenea,</span> 
     </span>
     <span class='ocr_line' id='line_1_16' title="bbox 55 1320 873 1379; baseline -0.001 -9"><span class='ocrx_word' id='word_1_129' title='bbox 55 1322 77 1370; x_wconf 86' lang='grc'>15</span> <span class='ocrx_word' id='word_1_130' title='bbox 93 1321 233 1375; x_wconf 85' lang='lat' dir='ltr'>clauderetur,</span> <span class='ocrx_word' id='word_1_131' title='bbox 247 1331 325 1379; x_wconf 88' lang='lat' dir='ltr'>sponte</span> <span class='ocrx_word' id='word_1_132' title='bbox 338 1333 441 1379; x_wconf 88' lang='lat' dir='ltr'>apertam,</span> <span class='ocrx_word' id='word_1_133' title='bbox 456 1322 560 1368; x_wconf 90' lang='lat' dir='ltr'>maiorem</span> <span class='ocrx_word' id='word_1_134' title='bbox 572 1320 625 1367; x_wconf 90' lang='lat' dir='ltr'>item</span> <span class='ocrx_word' id='word_1_135' title='bbox 639 1320 732 1368; x_wconf 87' lang='lat' dir='ltr'>humana</span> <span class='ocrx_word' id='word_1_136' title='bbox 746 1340 821 1369; x_wconf 88' lang='lat' dir='ltr'>vocem</span> <span class='ocrx_word' id='word_1_137' title='bbox 834 1340 873 1370; x_wconf 92' lang='lat' dir='ltr'>au-</span> 
     </span>
     <span class='ocr_line' id='line_1_17' title="bbox 82 1392 873 1453; baseline -0.001 -10"><span class='ocrx_word' id='word_1_138' title='bbox 82 1394 158 1444; x_wconf 88' lang='lat' dir='ltr'>ditam</span> <span class='ocrx_word' id='word_1_139' title='bbox 170 1414 225 1452; x_wconf 89' lang='lat' dir='ltr'>quae</span> <span class='ocrx_word' id='word_1_140' title='bbox 237 1393 317 1443; x_wconf 87' lang='lat' dir='ltr'>diceret</span> <span class='ocrx_word' id='word_1_141' title='bbox 329 1411 338 1434; x_wconf 75' lang='lat' dir='ltr'>a</span> <span class='ocrx_word' id='word_1_142' title='bbox 347 1393 468 1452; x_wconf 83' lang='lat' dir='ltr'>Migremus</span> <span class='ocrx_word' id='word_1_143' title='bbox 481 1392 538 1449; x_wconf 88' lang='lat' dir='ltr'>hinc,</span> <span class='ocrx_word' id='word_1_144' title='bbox 549 1393 668 1442; x_wconf 76' lang='lat' dir='ltr'>»auditum</span> <span class='ocrx_word' id='word_1_145' title='bbox 679 1406 827 1453; x_wconf 71' lang='lat' dir='ltr'>quoque&#39;mox</span> <span class='ocrx_word' id='word_1_146' title='bbox 839 1394 873 1443; x_wconf 86' lang='lat' dir='ltr'>in·</span> 
     </span>
     <span class='ocr_line' id='line_1_18' title="bbox 91 1466 873 1526; baseline 0.001 -11"><span class='ocrx_word' id='word_1_147' title='bbox 91 1480 177 1525; x_wconf 79' lang='lat' dir='ltr'>gentem</span> <span class='ocrx_word' id='word_1_148' title='bbox 194 1468 255 1526; x_wconf 90' lang='lat' dir='ltr'>quasi</span> <span class='ocrx_word' id='word_1_149' title='bbox 273 1467 423 1515; x_wconf 86' lang='lat' dir='ltr'>excedentium</span> <span class='ocrx_word' id='word_1_150' title='bbox 441 1466 555 1515; x_wconf 88' lang='lat' dir='ltr'>hominum</span> <span class='ocrx_word' id='word_1_151' title='bbox 572 1480 656 1514; x_wconf 89' lang='lat' dir='ltr'>motum</span> <span class='ocrx_word' id='word_1_152' title='bbox 672 1480 738 1525; x_wconf 89' lang='lat' dir='ltr'>atque</span> <span class='ocrx_word' id='word_1_153' title='bbox 754 1467 873 1516; x_wconf 90' lang='lat' dir='ltr'>tumultum</span> 
     </span>
     <span class='ocr_line' id='line_1_19' title="bbox 91 1539 873 1597; baseline -0.001 -9"><span class='ocrx_word' id='word_1_154' title='bbox 91 1541 141 1588; x_wconf 90' lang='lat' dir='ltr'>satis</span> <span class='ocrx_word' id='word_1_155' title='bbox 151 1553 242 1588; x_wconf 89' lang='lat' dir='ltr'>constat.</span> <span class='ocrx_word' id='word_1_156' title='bbox 258 1540 307 1588; x_wconf 91' lang='lat' dir='ltr'>Hoc</span> <span class='ocrx_word' id='word_1_157' title='bbox 316 1540 375 1587; x_wconf 87' lang='lat' dir='ltr'>enim</span> <span class='ocrx_word' id='word_1_158' title='bbox 385 1553 406 1588; x_wconf 90' lang='lat' dir='ltr'>et</span> <span class='ocrx_word' id='word_1_159' title='bbox 416 1540 537 1588; x_wconf 87' lang='lat' dir='ltr'>Cornellius</span> <span class='ocrx_word' id='word_1_160' title='bbox 547 1539 644 1593; x_wconf 87' lang='lat' dir='ltr'>Tacitus,</span> <span class='ocrx_word' id='word_1_161' title='bbox 654 1541 692 1597; x_wconf 94' lang='lat' dir='ltr'>qui</span> <span class='ocrx_word' id='word_1_162' title='bbox 702 1553 761 1596; x_wconf 81' lang='lat' dir='ltr'>gesta</span> <span class='ocrx_word' id='word_1_163' title='bbox 770 1540 873 1588; x_wconf 85' lang='lat' dir='ltr'>Caesarea</span> 
     </span>
     <span class='ocr_line' id='line_1_20' title="bbox 92 1612 873 1672; baseline 0.001 -11"><span class='ocrx_word' id='word_1_164' title='bbox 92 1613 157 1671; x_wconf 90' lang='lat' dir='ltr'>polite</span> <span class='ocrx_word' id='word_1_165' title='bbox 170 1633 195 1661; x_wconf 87' lang='lat' dir='ltr'>ac</span> <span class='ocrx_word' id='word_1_166' title='bbox 208 1614 295 1672; x_wconf 90' lang='lat' dir='ltr'>copiose</span> <span class='ocrx_word' id='word_1_167' title='bbox 309 1614 401 1670; x_wconf 86' lang='lat' dir='ltr'>scripsit,</span> <span class='ocrx_word' id='word_1_168' title='bbox 415 1625 437 1661; x_wconf 87' lang='lat' dir='ltr'>et</span> <span class='ocrx_word' id='word_1_169' title='bbox 450 1633 517 1671; x_wconf 84' lang='lat' dir='ltr'>quem</span> <span class='ocrx_word' id='word_1_170' title='bbox 531 1623 675 1661; x_wconf 88' lang='lat' dir='ltr'>memoramus</span> <span class='ocrx_word' id='word_1_171' title='bbox 689 1612 730 1661; x_wconf 92' lang='lat' dir='ltr'>hoc</span> <span class='ocrx_word' id='word_1_172' title='bbox 744 1612 799 1668; x_wconf 85' lang='lat' dir='ltr'>loco,</span> <span class='ocrx_word' id='word_1_173' title='bbox 815 1612 873 1662; x_wconf 89' lang='lat' dir='ltr'>lose-</span> 
     </span>
     <span class='ocr_line' id='line_1_21' title="bbox 53 1668 874 1745; baseline 0.001 -12"><span class='ocrx_word' id='word_1_174' title='bbox 53 1685 80 1733; x_wconf 84' lang='lat'>20</span> <span class='ocrx_word' id='word_1_175' title='bbox 94 1685 150 1744; x_wconf 90' lang='lat' dir='ltr'>phus</span> <span class='ocrx_word' id='word_1_176' title='bbox 159 1687 206 1740; x_wconf 88' lang='lat' dir='ltr'>iste,</span> <span class='ocrx_word' id='word_1_177' title='bbox 215 1686 308 1744; x_wconf 89' lang='lat' dir='ltr'>septimo</span> <span class='ocrx_word' id='word_1_178' title='bbox 319 1685 417 1734; x_wconf 85' lang='lat' dir='ltr'>Iudaicae</span> <span class='ocrx_word' id='word_1_179' title='bbox 427 1684 561 1744; x_wconf 85' lang='lat' dir='ltr'>Captivitatis</span> <span class='ocrx_word' id='word_1_180' title='bbox 570 1685 625 1733; x_wconf 92' lang='lat' dir='ltr'>libro</span> <span class='ocrx_word' id='word_1_181' title='bbox 635 1668 706 1734; x_wconf 78' lang='lat' dir='ltr'>relert.</span> <span class='ocrx_word' id='word_1_182' title='bbox 716 1685 776 1734; x_wconf 88' lang='lat' dir='ltr'>Haec</span> <span class='ocrx_word' id='word_1_183' title='bbox 784 1685 874 1745; x_wconf 88' lang='lat' dir='ltr'>quidem</span> 
     </span>
     <span class='ocr_line' id='line_1_22' title="bbox 92 1757 874 1817; baseline 0 -10"><span class='ocrx_word' id='word_1_184' title='bbox 92 1772 156 1817; x_wconf 88' lang='lat' dir='ltr'>atque</span> <span class='ocrx_word' id='word_1_185' title='bbox 168 1758 208 1807; x_wconf 88' lang='lat' dir='ltr'>alia</span> <span class='ocrx_word' id='word_1_186' title='bbox 220 1758 308 1808; x_wconf 87' lang='lat' dir='ltr'>caelitus</span> <span class='ocrx_word' id='word_1_187' title='bbox 321 1758 370 1807; x_wconf 88' lang='lat' dir='ltr'>data</span> <span class='ocrx_word' id='word_1_188' title='bbox 382 1759 443 1816; x_wconf 81' lang='lat' dir='ltr'>signa</span> <span class='ocrx_word' id='word_1_189' title='bbox 455 1758 584 1816; x_wconf 90' lang='lat' dir='ltr'>portendere</span> <span class='ocrx_word' id='word_1_190' title='bbox 596 1757 638 1812; x_wconf 89' lang='lat' dir='ltr'>alii,</span> <span class='ocrx_word' id='word_1_191' title='bbox 651 1759 683 1807; x_wconf 91' lang='lat' dir='ltr'>uti</span> <span class='ocrx_word' id='word_1_192' title='bbox 696 1772 747 1807; x_wconf 92' lang='lat' dir='ltr'>sunt</span> <span class='ocrx_word' id='word_1_193' title='bbox 759 1758 874 1807; x_wconf 91' lang='lat' dir='ltr'>hominum</span> 
     </span>
     <span class='ocr_line' id='line_1_23' title="bbox 93 1830 873 1889; baseline 0.001 -11"><span class='ocrx_word' id='word_1_194' title='bbox 93 1844 174 1879; x_wconf 89' lang='lat' dir='ltr'>mentes</span> <span class='ocrx_word' id='word_1_195' title='bbox 182 1832 262 1885; x_wconf 85' lang='lat' dir='ltr'>variae,</span> <span class='ocrx_word' id='word_1_196' title='bbox 273 1831 332 1879; x_wconf 90' lang='lat' dir='ltr'>aliud</span> <span class='ocrx_word' id='word_1_197' title='bbox 347 1832 480 1889; x_wconf 90' lang='lat' dir='ltr'>interpretati</span> <span class='ocrx_word' id='word_1_198' title='bbox 491 1844 549 1880; x_wconf 86' lang='lat' dir='ltr'>sunt.</span> <span class='ocrx_word' id='word_1_199' title='bbox 562 1830 666 1889; x_wconf 88' lang='lat' dir='ltr'>Iosephus</span> <span class='ocrx_word' id='word_1_200' title='bbox 677 1843 750 1879; x_wconf 85' lang='lat' dir='ltr'>autem</span> <span class='ocrx_word' id='word_1_201' title='bbox 760 1843 781 1879; x_wconf 93' lang='lat' dir='ltr'>et</span> <span class='ocrx_word' id='word_1_202' title='bbox 792 1832 829 1889; x_wconf 93' lang='lat' dir='ltr'>qui</span> <span class='ocrx_word' id='word_1_203' title='bbox 840 1851 873 1879; x_wconf 91' lang='lat' dir='ltr'>sa-</span> 
     </span>
     <span class='ocr_line' id='line_1_24' title="bbox 92 1904 874 1962; baseline 0.003 -12"><span class='ocrx_word' id='word_1_204' title='bbox 92 1921 178 1951; x_wconf 90' lang='lat' dir='ltr'>crorum</span> <span class='ocrx_word' id='word_1_205' title='bbox 186 1904 248 1962; x_wconf 87' lang='lat' dir='ltr'>periti</span> <span class='ocrx_word' id='word_1_206' title='bbox 259 1916 330 1952; x_wconf 89' lang='lat' dir='ltr'>essent</span> <span class='ocrx_word' id='word_1_207' title='bbox 341 1905 506 1962; x_wconf 88' lang='lat' dir='ltr'>praemonstrari</span> <span class='ocrx_word' id='word_1_208' title='bbox 518 1904 583 1952; x_wconf 89' lang='lat' dir='ltr'>deum</span> <span class='ocrx_word' id='word_1_209' title='bbox 591 1904 670 1951; x_wconf 90' lang='lat' dir='ltr'>iratum</span> <span class='ocrx_word' id='word_1_210' title='bbox 680 1924 726 1951; x_wconf 90' lang='lat' dir='ltr'>esse</span> <span class='ocrx_word' id='word_1_211' title='bbox 736 1905 874 1962; x_wconf 87' lang='lat' dir='ltr'>eundemque</span> 
     </span>
     <span class='ocr_line' id='line_1_25' title="bbox 92 1976 874 2033; baseline 0.001 -10"><span class='ocrx_word' id='word_1_212' title='bbox 92 1977 168 2025; x_wconf 91' lang='lat' dir='ltr'>minari</span> <span class='ocrx_word' id='word_1_213' title='bbox 179 1976 262 2024; x_wconf 89' lang='lat' dir='ltr'>bellum</span> <span class='ocrx_word' id='word_1_214' title='bbox 272 1978 347 2033; x_wconf 82' lang='lat' dir='ltr'>ingens</span> <span class='ocrx_word' id='word_1_215' title='bbox 358 1997 383 2025; x_wconf 91' lang='lat' dir='ltr'>ac</span> <span class='ocrx_word' id='word_1_216' title='bbox 394 1977 485 2025; x_wconf 86' lang='lat' dir='ltr'>civitatis</span> <span class='ocrx_word' id='word_1_217' title='bbox 496 1977 605 2024; x_wconf 87' lang='lat' dir='ltr'>excidium</span> <span class='ocrx_word' id='word_1_218' title='bbox 615 1976 756 2024; x_wconf 88' lang='lat' dir='ltr'>affirmabant.</span> <span class='ocrx_word' id='word_1_219' title='bbox 769 1978 812 2025; x_wconf 78' lang='lat' dir='ltr'>Alii</span> <span class='ocrx_word' id='word_1_220' title='bbox 823 1996 874 2025; x_wconf 87' lang='lat' dir='ltr'>vero</span> 
     </span>
     <span class='ocr_line' id='line_1_26' title="bbox 54 2046 874 2107; baseline 0.004 -13"><span class='ocrx_word' id='word_1_221' title='bbox 54 2046 80 2094; x_wconf 77' lang='lat'>25</span> <span class='ocrx_word' id='word_1_222' title='bbox 95 2050 242 2105; x_wconf 89' lang='lat' dir='ltr'>praenunciari</span> <span class='ocrx_word' id='word_1_223' title='bbox 259 2048 360 2097; x_wconf 87' lang='lat' dir='ltr'>dicebant</span> <span class='ocrx_word' id='word_1_224' title='bbox 376 2048 475 2097; x_wconf 78' lang='lat' dir='ltr'>futurum</span> <span class='ocrx_word' id='word_1_225' title='bbox 491 2049 550 2107; x_wconf 89' lang='lat' dir='ltr'>apud</span> <span class='ocrx_word' id='word_1_226' title='bbox 568 2048 658 2096; x_wconf 91' lang='lat' dir='ltr'>ludaeos</span> <span class='ocrx_word' id='word_1_227' title='bbox 675 2048 733 2097; x_wconf 88' lang='lat' dir='ltr'>orbis</span> <span class='ocrx_word' id='word_1_228' title='bbox 751 2049 874 2107; x_wconf 84' lang='lat' dir='ltr'>imperium,</span> 
     </span>
     <span class='ocr_line' id='line_1_27' title="bbox 92 2121 874 2181; baseline 0.003 -11"><span class='ocrx_word' id='word_1_229' title='bbox 92 2123 151 2179; x_wconf 90' lang='lat' dir='ltr'>quod</span> <span class='ocrx_word' id='word_1_230' title='bbox 165 2124 266 2181; x_wconf 89' lang='lat' dir='ltr'>antiquae</span> <span class='ocrx_word' id='word_1_231' title='bbox 282 2123 420 2171; x_wconf 85' lang='lat' dir='ltr'>sacerdotum</span> <span class='ocrx_word' id='word_1_232' title='bbox 435 2122 517 2171; x_wconf 85' lang='lat' dir='ltr'>litterae</span> <span class='ocrx_word' id='word_1_233' title='bbox 533 2123 668 2172; x_wconf 87' lang='lat' dir='ltr'>continerent</span> <span class='ocrx_word' id='word_1_234' title='bbox 683 2121 730 2181; x_wconf 81' lang='lat' dir='ltr'>lore</span> <span class='ocrx_word' id='word_1_235' title='bbox 745 2124 791 2172; x_wconf 88' lang='lat' dir='ltr'>sine</span> <span class='ocrx_word' id='word_1_236' title='bbox 806 2123 874 2172; x_wconf 89' lang='lat' dir='ltr'>dubio</span> 
     </span>
     <span class='ocr_line' id='line_1_28' title="bbox 93 2196 874 2254; baseline 0.003 -11"><span class='ocrx_word' id='word_1_237' title='bbox 93 2196 153 2252; x_wconf 88' lang='lat' dir='ltr'>quod</span> <span class='ocrx_word' id='word_1_238' title='bbox 167 2207 264 2254; x_wconf 89' lang='lat' dir='ltr'>tempore</span> <span class='ocrx_word' id='word_1_239' title='bbox 283 2197 324 2243; x_wconf 91' lang='lat' dir='ltr'>isto</span> <span class='ocrx_word' id='word_1_240' title='bbox 342 2196 498 2244; x_wconf 86' lang='lat' dir='ltr'>convalesceret</span> <span class='ocrx_word' id='word_1_241' title='bbox 516 2196 594 2250; x_wconf 82' lang='lat' dir='ltr'>oriens,</span> <span class='ocrx_word' id='word_1_242' title='bbox 612 2208 633 2244; x_wconf 88' lang='lat' dir='ltr'>et</span> <span class='ocrx_word' id='word_1_243' title='bbox 651 2197 688 2254; x_wconf 93' lang='lat' dir='ltr'>qui</span> <span class='ocrx_word' id='word_1_244' title='bbox 706 2208 777 2244; x_wconf 91' lang='lat' dir='ltr'>essent</span> <span class='ocrx_word' id='word_1_245' title='bbox 796 2196 874 2245; x_wconf 87' lang='lat' dir='ltr'>ludaea</span> 
     </span>
     <span class='ocr_line' id='line_1_29' title="bbox 93 2266 875 2328; baseline 0.005 -13"><span class='ocrx_word' id='word_1_246' title='bbox 93 2266 184 2324; x_wconf 79' lang='lat' dir='ltr'>protecti</span> <span class='ocrx_word' id='word_1_247' title='bbox 198 2268 257 2316; x_wconf 89' lang='lat' dir='ltr'>orbis</span> <span class='ocrx_word' id='word_1_248' title='bbox 270 2269 362 2326; x_wconf 87' lang='lat' dir='ltr'>imperio</span> <span class='ocrx_word' id='word_1_249' title='bbox 376 2270 505 2327; x_wconf 87' lang='lat' dir='ltr'>potirentur.</span> <span class='ocrx_word' id='word_1_250' title='bbox 520 2268 641 2317; x_wconf 83' lang='lat' dir='ltr'>Multitudo</span> <span class='ocrx_word' id='word_1_251' title='bbox 655 2270 764 2317; x_wconf 81' lang='lat' dir='ltr'>autem&#39;in</span> <span class='ocrx_word' id='word_1_252' title='bbox 778 2289 840 2328; x_wconf 92' lang='lat' dir='ltr'>spem</span> <span class='ocrx_word' id='word_1_253' title='bbox 853 2282 875 2319; x_wconf 87' lang='lat' dir='ltr'>et</span> 
     </span>
     <span class='ocr_line' id='line_1_30' title="bbox 93 2339 875 2401; baseline 0.006 -15"><span class='ocrx_word' id='word_1_254' title='bbox 93 2339 196 2389; x_wconf 87' lang='lat' dir='ltr'>libertatis</span> <span class='ocrx_word' id='word_1_255' title='bbox 212 2342 370 2401; x_wconf 88' lang='lat' dir='ltr'>recuperandae</span> <span class='ocrx_word' id='word_1_256' title='bbox 385 2354 407 2389; x_wconf 91' lang='lat' dir='ltr'>et</span> <span class='ocrx_word' id='word_1_257' title='bbox 422 2341 650 2400; x_wconf 79' lang='lat' dir='ltr'>imperii&#39;vendicandi</span> <span class='ocrx_word' id='word_1_258' title='bbox 666 2355 735 2390; x_wconf 88' lang='lat' dir='ltr'>erecta</span> <span class='ocrx_word' id='word_1_259' title='bbox 750 2341 797 2390; x_wconf 91' lang='lat' dir='ltr'>illos</span> <span class='ocrx_word' id='word_1_260' title='bbox 813 2341 875 2392; x_wconf 77' lang='lat' dir='ltr'>facile</span> 
     </span>
     <span class='ocr_line' id='line_1_31' title="bbox 54 2407 875 2475; baseline 0.004 -14"><span class='ocrx_word' id='word_1_261' title='bbox 54 2409 81 2459; x_wconf 80' lang='lat'>30</span> <span class='ocrx_word' id='word_1_262' title='bbox 95 2414 132 2471; x_wconf 91' lang='lat' dir='ltr'>qui</span> <span class='ocrx_word' id='word_1_263' title='bbox 147 2414 294 2473; x_wconf 88' lang='lat' dir='ltr'>praedicerent</span> <span class='ocrx_word' id='word_1_264' title='bbox 307 2434 331 2462; x_wconf 92' lang='lat' dir='ltr'>ea</span> <span class='ocrx_word' id='word_1_265' title='bbox 344 2415 442 2474; x_wconf 82' lang='lat' dir='ltr'>prodigia</span> <span class='ocrx_word' id='word_1_266' title='bbox 455 2416 531 2463; x_wconf 91' lang='lat' dir='ltr'>minari</span> <span class='ocrx_word' id='word_1_267' title='bbox 544 2407 632 2464; x_wconf 88' lang='lat' dir='ltr'>adversa</span> <span class='ocrx_word' id='word_1_268' title='bbox 646 2416 782 2474; x_wconf 89' lang='lat' dir='ltr'>contempsit.</span> <span class='ocrx_word' id='word_1_269' title='bbox 796 2416 875 2475; x_wconf 86' lang='lat' dir='ltr'>Neque</span> 
     </span>
    </p>
   </div>
   <div class='ocr_carea' id='block_1_3' title="bbox 92 2486 950 2546">
    <p class='ocr_par' dir='ltr' id='par_1_3' title="bbox 92 2486 950 2546">
     <span class='ocr_line' id='line_1_32' title="bbox 92 2486 950 2546; baseline 0.006 -15"><span class='ocrx_word' id='word_1_270' title='bbox 92 2505 143 2533; x_wconf 91' lang='lat' dir='ltr'>vero</span> <span class='ocrx_word' id='word_1_271' title='bbox 152 2487 181 2534; x_wconf 88' lang='lat' dir='ltr'>ad</span> <span class='ocrx_word' id='word_1_272' title='bbox 191 2486 335 2534; x_wconf 84' lang='lat' dir='ltr'>delectionem</span> <span class='ocrx_word' id='word_1_273' title='bbox 345 2488 428 2535; x_wconf 89' lang='lat' dir='ltr'>animos</span> <span class='ocrx_word' id='word_1_274' title='bbox 439 2488 535 2535; x_wconf 89' lang='lat' dir='ltr'>incitavit</span> <span class='ocrx_word' id='word_1_275' title='bbox 545 2506 622 2545; x_wconf 90' lang='lat' dir='ltr'>parum</span> <span class='ocrx_word' id='word_1_276' title='bbox 632 2488 751 2545; x_wconf 86' lang='lat' dir='ltr'>indignatio</span> <span class='ocrx_word' id='word_1_277' title='bbox 761 2488 875 2546; x_wconf 83' lang='lat' dir='ltr'>quaedam,</span> <span class='ocrx_word' id='word_1_278' title='bbox 949 2498 950 2501; x_wconf 73' lang='grc'>’</span> 
     </span>
    </p>
   </div>
   <div class='ocr_carea' id='block_1_4' title="bbox 93 2558 876 2764">
    <p class='ocr_par' dir='ltr' id='par_1_4' title="bbox 93 2558 876 2764">
     <span class='ocr_line' id='line_1_33' title="bbox 93 2558 876 2619; baseline 0.003 -13"><span class='ocrx_word' id='word_1_279' title='bbox 93 2558 152 2614; x_wconf 93' lang='lat' dir='ltr'>quod</span> <span class='ocrx_word' id='word_1_280' title='bbox 167 2559 227 2607; x_wconf 92' lang='lat' dir='ltr'>missi</span> <span class='ocrx_word' id='word_1_281' title='bbox 247 2559 316 2608; x_wconf 86' lang='lat' dir='ltr'>Roma</span> <span class='ocrx_word' id='word_1_282' title='bbox 335 2559 437 2618; x_wconf 81' lang='lat' dir='ltr'>praefecti</span> <span class='ocrx_word' id='word_1_283' title='bbox 456 2560 539 2618; x_wconf 89' lang='lat' dir='ltr'>aquilas</span> <span class='ocrx_word' id='word_1_284' title='bbox 558 2560 643 2618; x_wconf 90' lang='lat' dir='ltr'>imperii</span> <span class='ocrx_word' id='word_1_285' title='bbox 662 2560 754 2608; x_wconf 88' lang='lat' dir='ltr'>Romani</span> <span class='ocrx_word' id='word_1_286' title='bbox 773 2579 812 2619; x_wconf 88' lang='lat' dir='ltr'>per</span> <span class='ocrx_word' id='word_1_287' title='bbox 830 2561 876 2608; x_wconf 87' lang='lat' dir='ltr'>vim</span> 
     </span>
     <span class='ocr_line' id='line_1_34' title="bbox 93 2632 876 2691; baseline 0.004 -12"><span class='ocrx_word' id='word_1_288' title='bbox 93 2645 166 2682; x_wconf 87' lang='lat' dir='ltr'>contra</span> <span class='ocrx_word' id='word_1_289' title='bbox 181 2632 237 2691; x_wconf 79' lang='lat' dir='ltr'>leges</span> <span class='ocrx_word' id='word_1_290' title='bbox 247 2653 271 2682; x_wconf 91' lang='lat' dir='ltr'>ac</span> <span class='ocrx_word' id='word_1_291' title='bbox 280 2646 355 2682; x_wconf 91' lang='lat' dir='ltr'>contra</span> <span class='ocrx_word' id='word_1_292' title='bbox 366 2634 456 2683; x_wconf 91' lang='lat' dir='ltr'>ludaeos</span> <span class='ocrx_word' id='word_1_293' title='bbox 466 2635 519 2682; x_wconf 89' lang='lat' dir='ltr'>ritus</span> <span class='ocrx_word' id='word_1_294' title='bbox 529 2635 551 2682; x_wconf 93' lang='lat' dir='ltr'>in</span> <span class='ocrx_word' id='word_1_295' title='bbox 560 2634 645 2682; x_wconf 88' lang='lat' dir='ltr'>civitate</span> <span class='ocrx_word' id='word_1_296' title='bbox 654 2654 679 2682; x_wconf 88' lang='lat' dir='ltr'>ac</span> <span class='ocrx_word' id='word_1_297' title='bbox 687 2634 769 2691; x_wconf 91' lang='lat' dir='ltr'>templo</span> <span class='ocrx_word' id='word_1_298' title='bbox 778 2646 876 2683; x_wconf 84' lang='lat' dir='ltr'>tenerent</span> 
     </span>
     <span class='ocr_line' id='line_1_35' title="bbox 94 2703 876 2764; baseline 0.005 -14"><span class='ocrx_word' id='word_1_299' title='bbox 94 2703 204 2763; x_wconf 89' lang='lat' dir='ltr'>multaque</span> <span class='ocrx_word' id='word_1_300' title='bbox 225 2706 333 2763; x_wconf 90' lang='lat' dir='ltr'>superbia,</span> <span class='ocrx_word' id='word_1_301' title='bbox 354 2705 486 2760; x_wconf 87' lang='lat' dir='ltr'>crudelitate,</span> <span class='ocrx_word' id='word_1_302' title='bbox 507 2706 598 2754; x_wconf 85' lang='lat' dir='ltr'>avaricia</span> <span class='ocrx_word' id='word_1_303' title='bbox 618 2706 722 2754; x_wconf 70' lang='lat' dir='ltr'>&#39;Iudaeam</span> <span class='ocrx_word' id='word_1_304' title='bbox 743 2707 876 2764; x_wconf 87' lang='lat' dir='ltr'>provinciam</span> 
     </span>
    </p>
   </div>
   <div class='ocr_carea' id='block_1_5' title="bbox 54 2795 194 2809">
    <p class='ocr_par' dir='ltr' id='par_1_5' title="bbox 54 2795 194 2809">
     <span class='ocr_line' id='line_1_36' title="bbox 54 2795 194 2809; baseline 0 0"><span class='ocrx_word' id='word_1_305' title='bbox 54 2795 194 2809; x_wconf 29' lang='grc' dir='ltr'>κ,-</span> 
     </span>
    </p>
   </div>
   <div class='ocr_carea' id='block_1_6' title="bbox 89 2835 664 2883">
    <p class='ocr_par' dir='ltr' id='par_1_6' title="bbox 89 2835 664 2883">
     <span class='ocr_line' id='line_1_37' title="bbox 89 2835 664 2883; baseline 0.016 -13"><span class='ocrx_word' id='word_1_306' title='bbox 89 2835 115 2873; x_wconf 85' lang='grc'>18.</span> <span class='ocrx_word' id='word_1_307' title='bbox 128 2838 168 2879; x_wconf 78' lang='lat' dir='ltr'>Tac.</span> <span class='ocrx_word' id='word_1_308' title='bbox 180 2842 224 2878; x_wconf 80' lang='lat' dir='ltr'>Htst.</span> <span class='ocrx_word' id='word_1_309' title='bbox 237 2840 257 2877; x_wconf 88' lang='lat' dir='ltr'>V.</span> <span class='ocrx_word' id='word_1_310' title='bbox 273 2840 299 2877; x_wconf 77' lang='grc'>13.</span> <span class='ocrx_word' id='word_1_311' title='bbox 357 2840 384 2877; x_wconf 86' lang='grc'>19.</span> <span class='ocrx_word' id='word_1_312' title='bbox 397 2840 460 2883; x_wconf 76' lang='lat' dir='ltr'>loseph.</span> <span class='ocrx_word' id='word_1_313' title='bbox 473 2841 514 2879; x_wconf 80' lang='lat' dir='ltr'>Bell.</span> <span class='ocrx_word' id='word_1_314' title='bbox 527 2840 564 2879; x_wconf 84' lang='lat' dir='ltr'>lud.</span> <span class='ocrx_word' id='word_1_315' title='bbox 576 2839 604 2877; x_wconf 88' lang='lat' dir='ltr'>Vl.</span> <span class='ocrx_word' id='word_1_316' title='bbox 619 2840 634 2876; x_wconf 84' lang='lat'>5.</span> <span class='ocrx_word' id='word_1_317' title='bbox 649 2841 664 2879; x_wconf 78' lang='lat'>3.</span> 
     </span>
    </p>
   </div>
   <div class='ocr_carea' id='block_1_7' title="bbox 53 2910 193 2925">
    <p class='ocr_par' dir='ltr' id='par_1_7' title="bbox 53 2910 193 2925">
     <span class='ocr_line' id='line_1_38' title="bbox 53 2910 193 2925; baseline 0 0"><span class='ocrx_word' id='word_1_318' title='bbox 53 2910 193 2925; x_wconf 27' lang='lat'>&amp;-</span> 
     </span>
    </p>
   </div>
   <div class='ocr_carea' id='block_1_8' title="bbox 91 2951 801 3000">
    <p class='ocr_par' dir='ltr' id='par_1_8' title="bbox 91 2951 801 3000">
     <span class='ocr_line' id='line_1_39' title="bbox 91 2951 801 3000; baseline 0.006 -6"><span class='ocrx_word' id='word_1_319' title='bbox 91 2951 123 2995; x_wconf 81' lang='lat'>26.</span> <span class='ocrx_word' id='word_1_320' title='bbox 137 2952 167 2999; x_wconf 75' lang='lat' dir='ltr'>Ex</span> <span class='ocrx_word' id='word_1_321' title='bbox 182 2953 245 2998; x_wconf 84' lang='lat' dir='ltr'>littere</span> <span class='ocrx_word' id='word_1_322' title='bbox 259 2973 309 2998; x_wconf 87' lang='lat' dir='ltr'>corr.</span> <span class='ocrx_word' id='word_1_323' title='bbox 364 2956 397 2999; x_wconf 79' lang='lat'>26.</span> <span class='ocrx_word' id='word_1_324' title='bbox 411 2955 454 2998; x_wconf 91' lang='lat' dir='ltr'>sine</span> <span class='ocrx_word' id='word_1_325' title='bbox 467 2954 530 2998; x_wconf 91' lang='lat' dir='ltr'>dubio</span> <span class='ocrx_word' id='word_1_326' title='bbox 544 2962 558 2999; x_wconf 86' lang='lat' dir='ltr'>i.</span> <span class='ocrx_word' id='word_1_327' title='bbox 572 2974 589 2999; x_wconf 86' lang='lat' dir='ltr'>r.</span> <span class='ocrx_word' id='word_1_328' title='bbox 643 2955 677 3000; x_wconf 83' lang='lat'>29.</span> <span class='ocrx_word' id='word_1_329' title='bbox 691 2955 734 2999; x_wconf 90' lang='lat' dir='ltr'>illos</span> <span class='ocrx_word' id='word_1_330' title='bbox 748 2975 801 3000; x_wconf 67' lang='lat' dir='ltr'>sscr„</span> 
     </span>
    </p>
   </div>
   <div class='ocr_carea' id='block_1_9' title="bbox 0 0 1058 3253">
    <p class='ocr_par' dir='ltr' id='par_1_9' title="bbox 0 0 1058 3253">
     <span class='ocr_line' id='line_1_40' title="bbox 0 0 1058 3253; baseline 0 0"><span class='ocrx_word' id='word_1_331' title='bbox 0 0 1058 3253; x_wconf 95' lang='lat' dir='ltr'> </span> 
     </span>
    </p>
   </div>
  </div>
 </body>
</html>
