2093 3253
146 202 196 247 ‘374
457 215 551 247 srcconrs
565 215 684 247 roueuronr

199 331 222 378 in
237 331 285 379 loco
305 351 394 389 magnus
414 332 525 390 quondam
544 331 665 380 Alexander
685 332 778 380 Macedo
797 346 872 381 eontra
891 334 983 384 Darium

198 405 275 459 tenuit,
291 403 368 452 eodem
383 418 458 461 postea
467 425 535 453 annos
545 405 573 454 ad
583 404 642 454 CCL
652 418 726 454 contra
736 406 825 455 Parthos
837 408 877 455 hoc
887 420 983 465 tempore

200 477 276 526 Cicero
292 476 375 525 habuit.
388 476 432 526 Sed
443 497 494 525 cum
504 477 651 525 retrocessisse
662 477 733 525 hostes
745 478 889 534 nunciaretur,
900 478 984 536 Cicero,

200 550 227 599 ne
242 550 321 599 frustra
335 551 382 598 eius
397 550 502 598 adventus
522 564 584 605 esset,
604 550 691 599 domare
709 550 805 600 Amanos
824 553 914 601 omnino
933 574 984 602 con·

172 625 185 673 5
200 624 277 676 stituit,
286 624 347 680 quod
358 636 455 671 montem
464 623 521 671 hunc
530 624 567 681 qui
576 624 694 672 incolerent
703 623 784 682 populi,
794 624 816 671 hi
828 640 899 673 essent
910 646 984 675 omnes

199 696 290 744 Romani
306 696 400 743 nominis
415 696 487 744 hostes
501 695 600 754 perpetui
615 709 636 745 et
650 695 755 754 quicquid
769 709 825 745 esset
840 696 891 745 inde
906 697 984 747 Rorna-

198 788 284 823 norum,
297 768 314 815 si
327 767 386 816 bello
398 782 473 826 aperto
486 788 530 816 non
542 782 637 826 possent,
650 769 726 817 saltem
738 769 847 818 latronum
859 770 882 817 in
894 770 984 819 modum

197 843 277 890 crebris
289 842 454 889 excursionibus
467 840 599 890 infestarent.
613 841 710 891 Primum
722 842 787 900 igitur
799 843 893 891 exercitu
906 843 983 900 triper-

198 917 239 965 tito
253 916 364 964 Amanum
379 914 418 971 (sic
432 915 545 973 oppidum,
559 915 628 973 gentis
641 928 712 974 caput,
726 936 738 963 e
751 916 839 964 nomine
852 917 932 964 montis
944 938 982 965 vo·

159 989 265 1046 locant),
282 988 360 1035 deinde
376 986 476 1045 Sopiram
492 986 679 1045 Cominorumque
694 1007 718 1034 ac
734 988 816 1047 reliqua
832 988 913 1046 oppida
928 1007 983 1046 quae

198 1062 255 1110 illius
270 1060 369 1109 lectionis
381 1074 441 1109 erant
453 1061 473 1110 vi
486 1081 563 1118 magna
574 1057 699 1119 expugnans
711 1062 775 1119 cepit.
788 1061 820 1110 Ex
832 1062 864 1110 his
876 1083 932 1120 quae
943 1084 983 1120 op-

199 1148 304 1192 portunos
312 1133 340 1181 ad
348 1154 409 1182 casus
417 1135 532 1181 commoda
541 1154 587 1181 esse
594 1134 685 1191 putavit,
694 1154 717 1181 ea
726 1133 801 1182 relicto
809 1134 916 1192 praesidio
924 1155 983 1182 com·

201 1207 300 1261 munivit;
316 1219 399 1254 caetera
413 1206 485 1253 omnia
498 1204 556 1253 lerro
570 1205 700 1263 flammaque
713 1204 812 1253 [unditus
826 1205 899 1253 diruit.

242 1280 287 1327 Has
303 1279 375 1336 itaque
387 1278 416 1326 ob
428 1297 461 1325 res
474 1290 533 1326 tanta
545 1298 595 1325 cum
608 1277 721 1332 celeritate,
734 1278 819 1332 virtute,
828 1277 929 1327 felicitate
937 1298 984 1336 ges·

162 1352 188 1401 15
203 1364 235 1400 tas
250 1352 402 1409 imperatorem
422 1352 494 1409 ipsum
514 1350 592 1399 milites
613 1369 672 1399 more
692 1352 798 1399 maiorum
823 1371 909 1400 summo
934 1372 984 1400 cum

199 1423 283 1482 plausu,
298 1443 393 1476 assensu,
410 1423 480 1471 leticia
494 1423 637 1481 appellarunt.
653 1422 690 1471 Sic
705 1424 764 1470 enim
779 1436 824 1471 erat
839 1444 851 1471 a
867 1423 983 1472 maioribus

200 1496 324 1545 institutum
338 1516 363 1544 ac
378 1514 401 1544 re
416 1495 502 1554 publica
512 1495 578 1543 libera
589 1507 695 1553 perpetuo
704 1495 845 1550 custoditum,
856 1500 882 1543 ut
891 1496 929 1554 qni
940 1497 984 1544 dux

200 1570 311 1618 Romanus
327 1569 423 1617 hostium
436 1588 552 1617 numerum
565 1589 631 1627 quam
645 1568 763 1618 maximum
773 1569 871 1618 caederet
879 1582 916 1618 aut
925 1590 983 1627 mag-

200 1662 227 1689 na
243 1655 317 1690 contra
334 1642 406 1689 hostes
421 1643 510 1689 victoria
526 1643 638 1699 potiretur,
655 1642 673 1688 is
695 1643 790 1700 quodam
811 1642 922 1690 excellenti
944 1662 983 1700 pro

159 1714 187 1764 20
203 1714 284 1764 honore
297 1714 325 1763 ad
339 1714 423 1764 virtutis
438 1713 586 1763 testimonium
600 1733 625 1762 ac
639 1714 704 1763 decus
718 1714 835 1773 imperator
848 1714 876 1763 ab
890 1716 983 1763 exercitu

203 1800 314 1836 vocaretur
329 1808 369 1837 nec
384 1788 449 1836 modo
461 1788 484 1835 in
497 1787 622 1845 magistratu
634 1788 657 1835 id
669 1809 749 1836 nomen
761 1789 800 1836 sed
811 1790 907 1846 privatus
920 1789 984 1836 etiam

202 1881 227 1908 ac
242 1873 347 1919 perpetuo
362 1862 470 1920 retineret.
486 1860 523 1907 Sic
538 1862 596 1907 enim
611 1862 677 1908 veteri
693 1861 792 1908 instituto
807 1860 835 1916 Q
852 1860 938 1913 Fabius,
954 1861 984 1907 sic

203 1933 236 1982 M.
252 1933 307 1982 Cato
321 1933 426 1992 superior,
440 1933 470 1981 sic
483 1945 575 1992 uterque
587 1932 661 1992 Scipio
673 1931 795 1988 Africanus,
809 1933 840 1980 sie
853 1932 879 1991 C
893 1933 984 1986 Marius,

201 2006 232 2054 sic
243 2007 269 2055 L.
281 2005 377 2055 Luculus
387 2019 409 2055 et
419 2006 542 2064 Pompeius,
553 2007 584 2054 sic
595 2005 662 2055 lulius
674 2005 752 2055 Caesar
761 2019 811 2055 ante
827 2005 909 2055 bellum
924 2004 986 2055 civile

162 2079 190 2129 25
205 2079 293 2128 domitis
308 2078 384 2133 Gallis,
398 2080 429 2127 sic
441 2078 477 2127 alii
491 2078 553 2127 multi
566 2078 651 2127 civitate
664 2078 731 2128 libera
743 2092 794 2127 sunt
807 2079 946 2138 imperatores
958 2077 985 2125 ab

203 2153 297 2201 exercitu
312 2151 341 2199 ob
356 2151 486 2210 singularem
505 2151 616 2199 victoriam
635 2150 743 2209 appellati.
763 2151 869 2199 Nondum
888 2163 933 2199 erat
948 2151 985 2210 qui
1013 2182 1017 2204 2

202 2245 261 2273 nunc
276 2225 333 2282 viget
348 2243 394 2272 mos
409 2224 464 2272 lulio
478 2223 568 2273 Caesare
580 2237 668 2273 auctore
680 2236 747 2279 ortus,
760 2236 785 2272 ut
797 2243 863 2283 quem
876 2223 985 2272 Romano·

201 2316 251 2347 rum
265 2299 417 2355 imperatorem
428 2310 502 2355 gentes
513 2298 612 2347 universe
623 2310 708 2352 vocant,
720 2298 737 2345 is
749 2317 805 2346 unus
817 2296 844 2345 sit
856 2295 914 2345 orbis
925 2296 985 2355 prinu

202 2390 253 2429 ceps
267 2381 289 2418 et
303 2381 409 2427 potestate
419 2390 504 2418 summa
515 2389 588 2418 rerum
599 2370 701 2418 dominus
712 2370 817 2418 videatur.
831 2369 856 2417 ld
867 2370 926 2417 enim
936 2381 985 2417 ante

163 2445 192 2495 30
208 2444 288 2494 lulium
294 2443 402 2500 cesarem,
410 2444 463 2493 dum
472 2457 558 2493 senatus
568 2443 706 2504 populusque
711 2442 821 2492 Romanus
830 2441 920 2492 consilio
929 2440 985 2501 pub-

204 2518 246 2567 lico
261 2537 307 2566 rem
324 2516 434 2575 publicam
450 2516 604 2581 gubernarunt,
621 2515 713 2564 ducibus
735 2536 815 2564 nomen
837 2515 924 2563 honoris
947 2533 985 2573 pro

205 2592 293 2640 victoria
308 2603 375 2649 parta,
391 2610 435 2638 non
449 2589 561 2648 potestatis
575 2588 624 2637 luit.

247 2663 337 2712 Amanis
352 2663 417 2721 igitur
430 2662 519 2710 domitis
531 2662 604 2721 copias
618 2661 694 2710 Cicero
707 2662 758 2709 inde
771 2660 908 2709 Pindinisum
921 2660 988 2708 duxit.

206 2736 266 2784 Urbs
281 2749 325 2783 erat
340 2736 380 2783 ista
396 2755 447 2783 eum
464 2735 603 2783 multitudine
619 2755 644 2782 ac
660 2733 770 2782 ferocitate
786 2734 861 2791 populi
878 2745 926 2781 tum
941 2732 988 2780 alti-

163 2809 192 2859 35
206 2809 282 2858 tudine
292 2828 317 2856 ac
328 2808 464 2857 munimento
474 2808 515 2856 loci
526 2808 580 2857 adeo
591 2807 660 2856 valida
671 2819 692 2857 et
703 2819 780 2865 potens
790 2818 815 2855 ut
826 2805 883 2855 nulla
894 2806 915 2855 vi
926 2823 988 2864 posse

209 2990 238 3037 ll.
252 2992 304 3045 cepit
318 2997 331 3037 ι’.
346 3009 368 3043 ν.;
383 3000 424 3048 crat
439 2991 516 3045 coepit?
