2093 3253
191 188 234 240 2581
492 200 714 231 srccoursroanurour

233 314 296 368 servi,
314 332 358 372 quo
375 313 425 361 vino
442 313 504 366 servi,
522 333 567 371 quo
583 312 632 361 cibo
649 313 712 366 servi,
729 312 807 361 eodem
823 313 869 372 ipse
886 326 906 361 et
923 313 982 361 domi
1000 328 1020 362 et

234 386 287 435 loris
310 406 442 445 quocunque
465 386 489 434 in
513 385 638 443 magistratu
662 386 728 434 etiam
750 386 884 435 vescebatur.
909 385 1020 435 Conviviis

234 472 307 508 autem
317 472 338 506 et
349 458 504 512 sodalitatibus,
516 478 572 516 quae
582 458 664 507 Romae
674 458 770 516 primum
780 463 806 506 eo
816 470 930 516 quaestore
940 459 1020 506 consti-

234 544 293 579 tutae
303 530 401 584 luissent,
412 530 537 588 permodice
546 539 598 577 usus
609 543 647 578 est.
660 530 736 587 Ipsum
746 549 832 588 nanque
841 530 952 578 interdum
961 532 1021 588 apud

160 612 162 616 ’
208 603 220 653 5
236 604 342 663 aequales.
359 602 475 662 aliquando
491 602 556 651 etiam
572 603 631 661 apud
647 622 683 651 eos
699 603 736 661 qui
753 602 847 651 minores
862 617 900 652 aut
916 616 968 652 natu
984 618 1021 653 aut

235 675 328 725 fortunis
342 688 413 724 essent
426 693 489 734 agere
502 674 600 725 convivia
614 675 734 731 delectavit,
749 696 793 725 non
807 676 900 735 quidem
910 675 1021 735 voluptate

235 750 278 798 eibi
288 749 327 798 sed
337 749 397 808 quod
407 750 477 796 inesse
487 749 591 796 conviviis
602 750 674 796 nescio
684 749 739 807 quid
748 749 830 797 videret
840 750 900 806 quod
910 749 1021 796 hominem

236 822 319 870 homini
340 820 442 879 singulari
464 820 608 870 benivolentia
629 832 650 868 et
671 819 816 870 familiaritate
836 822 976 879 coniungeret
997 843 1022 869 ac

236 914 362 943 sermonum
376 892 433 941 dulci
447 894 542 952 quadam
554 905 576 941 et
589 906 648 950 grata
661 893 818 943 consuetudine
832 895 933 943 convivas
946 894 1022 943 dietim

198 969 222 1016 l0
237 968 349 1016 amiciores
363 966 462 1016 efficeret.
477 966 590 1015 Famulicii
603 967 667 1028 turba
681 966 759 1015 Catoni
773 966 855 1024 ubique
868 985 940 1024 parva.
954 966 1023 1015 Servo

237 1062 288 1095 uno,
304 1061 355 1090 cum
370 1039 471 1088 militaret
486 1040 564 1093 iunior,
580 1052 694 1087 contentus
709 1038 758 1087 luit.
772 1039 840 1087 Arma
855 1039 910 1087 Cato
924 1040 947 1087 in
962 1058 1022 1087 exer-

238 1115 288 1169 citu,
305 1112 385 1162 cibaria
400 1131 474 1161 servus
489 1112 596 1172 portabat.
612 1112 695 1161 Consul
710 1131 768 1167 vero,
785 1112 823 1172 qui
838 1114 898 1172 apud
913 1113 1023 1163 Romanos

239 1188 374 1245 magistratus
388 1200 433 1233 erat
446 1185 513 1234 libera
527 1186 612 1233 civitate
626 1205 731 1238 summus,
746 1186 822 1233 habuit
835 1205 908 1234 servos
921 1198 958 1234 aut
972 1200 1022 1240 tres,

238 1260 270 1308 uti
283 1259 381 1307 Valerius
390 1258 500 1306 Maximus
513 1257 594 1312 scribit,
610 1270 647 1305 aut
660 1258 764 1316 quinque,
781 1258 813 1305 uti
826 1256 937 1306 Plutarcus
951 1257 1023 1306 relert.

200 1332 224 1379 l5
240 1331 307 1380 Cultu
320 1343 394 1380 autem
407 1343 428 1378 et
440 1342 545 1388 apparatu
558 1328 618 1377 nullo
630 1330 658 1377 ad
671 1349 775 1387 pompam
788 1329 827 1378 'sed
839 1331 959 1379 necessario
971 1350 1023 1378 usus

239 1405 261 1451 in
279 1405 404 1462 magistratu
422 1415 461 1450 est.
479 1402 568 1449 Dictare
585 1421 672 1460 nanque
688 1400 771 1450 solebat
788 1402 921 1451 maiestatem
939 1402 1023 1460 imperii

240 1476 408 1535 haudquaquam
421 1473 540 1532 supelectili
553 1478 621 1522 aurea
630 1474 669 1521 sed
681 1474 746 1521 rebus
759 1475 842 1531 magnis
854 1494 879 1521 ac
892 1475 947 1522 bene
960 1476 1024 1532 gestis

239 1549 319 1605 augeri.
336 1545 404 1594 Pelles
420 1545 517 1605 quidem,
534 1558 558 1593 ut
574 1545 657 1603 reliqua
673 1558 762 1598 taceam,
779 1546 853 1593 edinas
869 1566 909 1604 pro
926 1546 1025 1604 stragulis

240 1620 322 1669 habuit.
341 1618 436 1667 Vestitus
454 1618 474 1666 ei
492 1617 564 1666 nullus
582 1619 638 1666 inter
655 1617 733 1666 milites
752 1617 857 1666 excellens
874 1617 923 1667 tuit.
941 1618 1025 1677 Vigiliis

199 1694 227 1742 20
242 1704 314 1741 autem
330 1703 351 1740 et
367 1690 476 1738 laboribus
493 1690 615 1748 vestituque
629 1710 655 1738 ac
670 1691 730 1739 omni
747 1691 841 1748 denique
856 1691 912 1739 vitae
927 1692 987 1740 cultu
1004 1713 1026 1739 se

240 1765 294 1812 adeo
310 1763 415 1811 militibus
430 1761 557 1820 adaequavit
573 1763 633 1821 quod
648 1775 729 1811 certare
744 1783 795 1811 cum
810 1763 862 1821 ipsis
878 1763 905 1812 de
920 1763 1026 1812 industria

240 1837 356 1887 videretur.
364 1834 415 1884 Erat
423 1835 513 1894 quidem
520 1834 574 1883 nihil
582 1836 605 1883 in
613 1855 639 1883 eo
647 1849 719 1893 preter
726 1837 1026 1894 gerendarumrerumcuram

241 1923 263 1957 et
274 1910 380 1958 honorem
390 1907 449 1957 unde
461 1920 533 1966 posset
544 1907 589 1956 ullo
600 1927 612 1955 a
624 1907 692 1955 milite
703 1908 802 1961 discerni,
815 1909 853 1966 qui
864 1909 940 1957 consul
951 1909 1026 1967 populi

224 2008 226 2011 >
242 1983 334 2031 Romani
348 1993 411 2028 esset.
425 1980 504 2042 Neque
517 1998 568 2028 vero
582 1980 628 2028 fieri
641 1980 669 2028 ab
683 1979 725 2028 alio
736 1980 797 2039 quod
807 1981 834 2028 ab
845 2001 871 2029 eo
881 1994 955 2040 posset
965 1983 1026 2040 quic·

201 2056 228 2103 25
244 2076 311 2114 quam
333 2073 431 2112 unquam
451 2073 527 2111 passus
545 2066 577 2101 est
595 2073 636 2101 nec
654 2054 748 2101 severior
765 2054 788 2101 in
806 2075 940 2113 quemquam
957 2053 1027 2102 ullum

246 2148 311 2187 quam
322 2128 344 2175 in
353 2147 376 2174 se
383 2126 456 2183 ipsum
464 2124 513 2174 luit.
524 2125 632 2174 Invictum
641 2146 728 2185 nanque
736 2139 808 2185 atque,
818 2127 849 2176 uti
859 2127 930 2175 dicere
939 2126 1027 2181 solebat,

243 2202 337 2249 lerreum
351 2211 372 2246 et
383 2217 461 2256 corpus
474 2219 486 2246 a
499 2198 609 2246 laboribus
620 2211 641 2246 et
652 2198 750 2247 animum
760 2199 936 2257 acupiditatibus
945 2200 1028 2248 habuit.

245 2275 306 2329 Quae
318 2286 391 2321 autem
404 2271 445 2318 sibi
459 2291 471 2318 a
486 2271 593 2328 principio
607 2271 694 2319 vivendi
709 2272 763 2319 ratio
773 2290 798 2318 ac
809 2273 910 2320 severitas
920 2271 969 2327 luit,
981 2293 1028 2320 eam

244 2366 315 2407 neque
329 2344 431 2395 diminuit
446 2365 485 2393 nec
495 2343 617 2393 immutavit
630 2364 735 2402 unquam.
746 2344 852 2393 Tenuiter
861 2346 951 2403 quidem
961 2366 986 2394 ac
996 2366 1029 2393 se-

203 2422 231 2468 30
246 2428 295 2467 vere
304 2419 357 2466 vixit
367 2436 459 2474 semper,
468 2418 513 2464 sive
521 2417 599 2474 opibus
608 2418 697 2473 exiguus
708 2417 796 2465 etaunis
805 2416 914 2465 robustior
921 2430 977 2465 esset
985 2418 1030 2465 sive

235 2500 359 2549 'provectus
369 2502 438 2538 aetate
448 2509 473 2536 ac
482 2489 600 2536 honoribus
611 2489 722 2537 emineret.
733 2488 847 2537 Decedens
860 2507 912 2537 vero
925 2489 1030 2549 Hispania

245 2584 327 2624 equum
338 2562 399 2610 illum
409 2562 483 2619 ipsum
493 2582 559 2619 quem
570 2561 597 2609 de
607 2560 696 2619 publico
706 2562 816 2610 habuisset
826 2561 902 2609 consul
913 2562 980 2611 veniit
994 2583 1029 2611 su-

245 2638 291 2684 bito
307 2649 332 2684 ut
347 2647 434 2684 vectura
450 2635 495 2681 eius
512 2652 558 2680 rem
573 2631 683 2691 publicam
695 2633 823 2683 sublevaret.
835 2634 947 2690 Postremo
958 2647 1030 2682 autem

178 2744 183 2755 ⁸
240 2772 304 2810 acre.
318 2770 388 2809 oasa.
402 2770 430 2808 45.
482 2769 508 2807 rr.
521 2768 674 2806 vainans.
687 2768 713 2805 u.
765 2769 790 2807 n.
803 2750 964 2809 siscanum}
980 2771 1031 2807 ma

246 2892 278 2937 23.
292 2890 347 2935 unde
367 2908 390 2935 ex
403 2888 484 2942 ¹ull(o?)
505 2896 573 2934 stetim
593 2907 642 2933 corr.
698 2888 730 2933 3l.
745 2888 853 2934 honoribus
875 2891 971 2934 emineret
990 2896 1003 2934 i.
1017 2908 1033 2934 r.

205 2959 237 3006 32.
252 2958 291 3003 Pro
306 2955 395 3003 vendidit
411 2955 467 3011 (alibi
481 2961 500 3000 r‘u
515 2954 605 3001 vendidit
617 2956 683 3011 carr).
