2093 3253
168 178 207 224 256
357 222 358 226 ,
440 223 442 225 ,
463 190 564 221 srcconrs
578 191 693 222 aoraauonr
727 199 729 201 ·

210 319 302 365 petuum
318 304 408 365 quidem
425 303 569 365 illudquoad
586 307 638 355 vixit
661 304 742 355 bellum
759 307 831 365 gessit,
849 308 909 367 quod
925 329 993 370 neque
1042 322 1044 368 j

210 379 345 436 nobilitatem
364 377 419 426 Cato
437 399 477 426 nec
501 380 607 428 Catonern
631 380 731 428 nobilitas
750 380 860 436 quiescere
878 394 993 438 pateretur.

213 451 270 499 lllud
280 464 353 499 autern
361 463 384 497 *et
396 450 549 499 admirandum
560 464 581 498 et
592 452 757 499 memorandum
765 465 804 505 est,
813 452 874 509 quod
883 468 994 504 accusatus
1044 506 1046 509 ,

212 524 267 573 Cato
280 537 301 572 et
315 523 442 582 quadragies
457 536 533 581 quater
546 538 658 573 accusatus
672 525 701 572 ita
724 525 822 583 purgavit
841 526 923 574 crimen
936 531 994 586 quod
1044 523 1046 526 ⁸

185 599 197 648 5
214 617 326 656 nunquam
340 596 455 644 damnatus
469 609 509 644 cst.
523 595 630 645 Omnium
648 616 699 645 vero
717 597 755 656 qui
769 597 796 645 ab
810 618 836 645 eo
846 613 995 654 accusarentur
1042 611 1044 654 [

212 671 291 728 perrari
301 669 395 718 absoluti
405 683 462 716 sunt.
473 670 585 716 Postremo
593 683 666 717 autem
675 683 786 718 accusatus
801 670 856 718 Cato
865 670 956 727 (annum
965 673 994 723 Vl
1018 724 1020 728 ,
1044 705 1046 732 3

211 757 232 791 et
245 743 329 791 LXXX
341 755 393 790 tunc
405 743 491 800 agebat)
504 762 550 790 sese
563 743 667 791 defendit.
680 742 853 791 Tantumenim
865 744 906 791 sibi
932 758 953 794 et
965 747 994 795 vi-

212 818 269 876 goris
285 831 305 866 et
321 817 387 865 animi
403 815 445 864 fuit
461 816 522 875 quod
538 818 603 865 etiam
617 829 677 865 tanta
692 830 760 865 aetate
780 832 899 875 provectus
910 839 954 867 non
970 822 995 869 sit
1045 848 1046 852 ¹

171 924 173 927 >
212 910 288 949 passus
303 910 437 948 quemquam
453 909 493 947 pro
509 910 532 936 se
548 910 634 937 causam
650 890 727 942 dicere,
744 909 794 937 cum
809 891 908 937 adessent
924 906 996 947 presto
1046 944 1047 947 Ἴ

175 965 202 1013 ll)
216 962 279 1011 amici
291 961 401 1020 iidemque
412 961 463 1009 clari
475 974 568 1009 oratores
580 975 601 1010 ct
613 962 684 1023 magni
695 962 734 1009 viri
746 962 784 1019 qui
795 962 841 1010 eius
850 961 996 1013 defensionem

182 1090 183 1093 Ἴ
208 1037 271 1088 ultro
288 1035 397 1093 suscipere
414 1056 436 1082 se
454 1034 563 1083 offerrent.
581 1034 667 1093 Nempe
683 1048 742 1084 tanta
758 1036 824 1083 animi
842 1037 995 1094 magnitudine,

182 1139 184 1141 ·
213 1110 348 1162 constantias
362 1108 483 1165 integritate
504 1121 525 1155 et
546 1109 569 1155 in
588 1108 661 1155 lorum
682 1108 792 1156 descendit
812 1122 833 1156 et
854 1110 996 1158 innocentiam

215 1181 393 1231 suamdeiendit
413 1180 474 1240 quod
493 1180 662 1240 haudquaquam
681 1182 789 1240 grandevo
807 1182 835 1229 ab
854 1182 942 1231 hoinine
960 1184 997 1231 sed

214 1256 377 1304 florentissimae
393 1255 467 1302 aetatis
485 1273 497 1301 a
514 1254 560 1301 viro
577 1267 641 1312 atque
659 1252 695 1301 illo
712 1254 760 1312 ipso
777 1274 821 1312 quo
838 1254 920 1303 solebat
937 1270 996 1314 gestu

174 1330 198 1379 15
215 1330 317 1387 corporis,
333 1348 387 1377 sono
402 1328 467 1380 vocis,
483 1328 556 1385 vigore
570 1328 636 1374 animi
652 1327 790 1375 audientibus
804 1328 921 1375 videretur.
936 1328 998 1376 Adde

213 1401 274 1460 quod
285 1414 345 1449 tanta
357 1413 389 1447 est
402 1399 481 1447 fiducia
493 1400 537 1447 vite
548 1399 603 1447 bene
613 1413 705 1448 actaeae
715 1401 836 1448 innocentis
854 1400 922 1448 iratus
940 1402 998 1459 quod

214 1474 309 1522 iudicem
323 1472 359 1521 illa
374 1473 396 1521 in
410 1490 481 1527 causa,
498 1493 553 1532 quae
568 1473 622 1521 dura
636 1487 657 1521 et
672 1472 769 1531 capitalis
784 1487 835 1529 erat,
851 1487 872 1521 et
887 1473 998 1532 postularit

167 1588 169 1591 .
214 1561 235 1596 et
244 1548 343 1596 habuerit
351 1546 380 1594 T.
390 1546 506 1599 Graccum,
515 1567 581 1604 quem
589 1546 703 1594 inimicum
711 1546 752 1594 sibi
761 1565 891 1604 gravemque
899 1567 923 1594 ac
934 1546 998 1595 inies-

214 1634 262 1667 tum
273 1620 386 1667 inimicum
398 1638 444 1664 esse
455 1631 600 1675 cognosceret,
613 1637 652 1664 nec
662 1618 722 1675 apud
733 1616 794 1666 illum
810 1617 899 1666 causam
916 1620 998 1673 metuit,

174 1693 202 1741 20
217 1693 256 1741 sed
271 1693 301 1740 ita
317 1712 339 1740 se
356 1689 460 1745 defendit,
477 1691 507 1738 ita
523 1689 586 1739 diluit
601 1709 626 1738 ac
642 1691 741 1750 purgavit
757 1691 838 1740 crimen
855 1691 915 1751 quod
930 1705 999 1750 preter

184 1809 186 1811 ,
215 1786 276 1824 spem
296 1765 445 1814 accusantium
463 1765 512 1822 ipso
532 1765 597 1812 etiam
617 1785 629 1812 a
648 1763 865 1821 Graccoabsolutus
885 1765 920 1815 sit,
940 1763 999 1813 Turn

164 1872 173 1879 η
216 1839 305 1896 quidem
322 1838 358 1896 qui
376 1844 435 1884 erant
453 1837 534 1884 inimici
551 1855 651 1884 accusare
667 1851 776 1885 cessarunt
793 1837 843 1884 victi
859 1857 910 1884 cum
920 1837 998 1884 'aetatis

172 1941 190 1962 -η
216 1911 334 1962 reverentia
351 1924 399 1960 tum
418 1909 501 1969 pudore
519 1909 579 1969 quod
597 1908 676 1959 frustra
693 1912 772 1960 totiens
789 1924 933 1960 accusassent.
953 1910 999 1968 lpse

216 2006 271 2034 vero
284 2006 349 2034 suum
366 2006 410 2032 non
428 1984 559 2043 pretermisit
577 2003 660 2033 morem
677 1986 715 2033 sed
729 1986 773 2033 boc
791 1986 813 2033 in
830 1986 947 2033 certamine
963 2002 999 2042 per

175 2059 202 2107 25
219 2079 306 2106 omnem
315 2057 421 2116 reliquam
430 2063 521 2104 aetatem
530 2056 590 2106 vixit.
600 2057 715 2116 Longevus
725 2057 814 2115 quidem
822 2070 888 2116 atque
897 2056 1000 2106 LXXXX

170 2171 172 2174 .
216 2150 299 2179 annum
307 2145 370 2179 natus
379 2128 473 2187 suscepit
482 2149 569 2177 causam
578 2149 618 2187 pro
626 2130 729 2188 Hispanis
738 2142 759 2178 et
767 2150 823 2188 quos
831 2128 888 2178 bello
896 2130 1000 2178 devicerat

217 2203 299 2258 consul,
319 2224 356 2253 eos
375 2203 434 2263 ipsos
446 2215 556 2262 patronus
576 2203 598 2252 in
617 2202 665 2252 loro
684 2202 794 2253 defendit,
811 2204 831 2252 ls
850 2224 937 2262 nanque
956 2222 1001 2252 mos

171 2309 189 2321 ω
217 2279 320 2327 Romanis
330 2290 374 2326 erat
384 2298 396 2325 a
406 2277 523 2325 maioribus
533 2278 652 2331 institutus,
662 2291 686 2325 ut
696 2298 751 2335 quos
761 2276 818 2325 bello
827 2278 913 2326 vicisset
923 2278 1000 2328 hostes.

217 2372 254 2399 eos
272 2352 310 2409 qui
329 2351 373 2399 dux
390 2349 467 2397 luisset
485 2351 508 2397 in
525 2348 574 2397 loro
592 2349 724 2398 defenderet.
743 2349 851 2407 Hispanos
869 2360 1002 2398 accusaverat

176 2424 204 2474 30
219 2423 265 2474 Ser.
287 2422 364 2477 Galba,
386 2423 422 2482 qui
444 2435 499 2472 esset
519 2424 551 2471 vir
570 2422 688 2471 consularis
709 2436 830 2482 potensque
850 2422 931 2471 Romae
951 2420 1000 2469 civis

217 2511 283 2556 atque
298 2511 369 2547 orator
385 2497 490 2553 egregius.
509 2497 584 2553 Ipsum
599 2510 671 2544 autern
687 2496 762 2554 populi
777 2497 805 2543 ad
820 2496 926 2543 iudicium
939 2495 1002 2543 traxit

177 2608 187 2619 .,
218 2568 273 2617 Cato
290 2568 428 2626 eundemque
445 2586 507 2618 reum
524 2588 550 2615 ex
566 2579 696 2621 accusatore,
714 2568 774 2626 quod
791 2581 863 2626 pretor
880 2566 1003 2627 diripuisset

167 2673 170 2685 1
219 2640 348 2696 Lusitanos,
367 2638 425 2689 lecit,
483 2669 485 2672 ·

216 2839 236 2883 9.
258 2848 325 2891 presto
345 2843 357 2881 ι’.
380 2854 402 2886 ν.;
424 2844 466 2881 erat
488 2834 587 2889 plurique.
646 2834 676 2880 15.
699 2836 787 2887 corporis
808 2841 820 2878 i.
834 2854 865 2886 ,r.;
887 2843 1002 2882 erutvoce.

180 2904 210 2951 17.
224 2917 243 2949 et
257 2914 301 2957 post
315 2915 356 2949 erat
367 2922 412 2947 sscr.
469 2902 501 2947 20.
516 2901 671 2968 dilluitss¹exp.),
726 2901 759 2946 25.
774 2901 822 2947 vixit
842 2908 854 2945 ι’.
870 2921 892 2952 r.;
907 2898 1003 2948 erattuit.

180 2983 213 3029 26.
227 2994 283 3028 natus
297 2990 355 3034 ιἰ’·ῑῑ,ῑ;Ἰ
364 2990 406 3026 erat
420 2998 486 3035 agens.
