2093 3253
250 174 381 207 scaimoaunr
395 174 521 206 uiusmruu
534 186 549 191 —
562 148 621 206 uiam
636 175 665 210 iv,
833 158 869 206 117

86 297 196 341 auctorem
214 289 281 339 multi·
292 311 318 338 ac
334 289 402 338 ferme
419 309 494 344 omnes
508 291 617 349 Senecam
634 290 744 342 moralem,
770 289 868 337 nonnulli

88 363 217 417 Gallionem,
233 362 300 421 aliqui
317 361 415 417 Mellam,
432 361 522 421 quidam
539 361 660 428 Lucanum,
677 362 747 421 pauci,
764 380 819 420 quos
835 380 869 408 seu

31 446 32 449 ’
88 456 149 497 quor,
165 435 270 485 Senecam
282 450 376 495 poetam,
390 437 427 495 qui
441 449 496 484 esset
508 435 565 485 filius
579 436 673 485 Senecae
686 435 771 488 moralis
785 447 869 495 putent.

88 510 189 558 Valerius
198 520 285 568 nanque
299 508 412 563 Martialis,
427 521 490 566 poeta
504 509 560 557 ludis
568 509 658 567 plenus,
673 529 713 557 suo
726 509 749 556 in
763 510 870 567 epigram-

63 586 75 634 5
91 582 161 636 mate,
170 600 222 629 cum
236 581 265 629 ad
280 580 431 629 Licentianum
446 601 491 638 quo
505 582 528 629 in
544 576 678 629 loeo‘e'ssent
693 580 783 641 quidam
795 592 871 639 poetae

89 656 132 704 nati
144 666 280 709 memoraret,
292 654 331 702 hac
343 653 370 702 de
382 673 404 702 re
416 654 474 703 hunc
485 673 572 703 versum
583 656 675 713 scripsit:
687 655 767 703 «Duos
779 654 871 703 Senecas

88 725 221 785 unicumque
236 727 350 776 Lucanum
362 726 467 775 ‘facunda
492 727 588 786 loquitur
613 727 743 776 Corduba»
767 726 871 775 Sidonius

89 812 168 853 autem,
184 800 216 847 vir
230 812 252 848 et
266 811 329 847 natus
343 800 391 847 loco
406 818 492 848 summo
505 812 527 847 et
536 800 584 848 'istis
597 801 620 847 111
632 799 707 848 litteris
720 819 776 857 quae
787 799 816 847 ad
827 798 872 846 elo-

90 873 201 930 quentiam
213 883 235 919 et
248 872 404 919 humanitatem
417 872 521 920 attineant
534 871 610 920 doctus
623 884 646 919 et
658 872 760 937 antiquus
773 872 872 933 scriptor,

53 947 78 997 10
92 945 133 993 hoc
141 944 200 993 istud
207 944 236 993 ad
244 945 380 1003 propositum
388 945 418 993 ita
426 945 511 994 locutus
520 943 552 994 est
560 945 658 1000 versibus
666 945 738 1012 istiszv«
746 941 804 993 Nam
812 943 873 1002 quod

91 1028 217 1076 praepotens
233 1016 336 1065 Corduba
344 1016 437 1078 alumnis
446 1015 573 1066 faciundum
582 1018 630 1073 ciet,
640 1015 675 1064 hic
684 1029 746 1075 putes
755 1015 872 1075 legendum

90 1108 184 1149 quorum
198 1110 255 1138 unus
268 1089 319 1138 colit
332 1089 443 1148 hispidum
455 1089 544 1139 Platona
556 1090 709 1149 incassumque
721 1070 786 1138 slrum
799 1100 873 1137 monet

90 1163 208 1217 Neronem
217 1163 338 1210 orchestam
345 1163 415 1219 quatit
422 1163 475 1211 alter
482 1162 600 1220 Euripidis,
608 1157 692 1221 pictum
699 1162 783 1210 letibus
790 1160 873 1218 Eschy-

91 1235 126 1282 lon
137 1247 224 1282 secutus
234 1255 259 1282 ae
270 1234 370 1291 plaustris
381 1234 469 1282 solitum
480 1253 579 1282 resonare
590 1234 702 1292 Tesphyn,
714 1234 751 1292 qui
762 1232 812 1291 p‘ost
823 1232 873 1299 pul·>

54 1307 78 1358 15
93 1307 136 1367 pita
151 1306 200 1355 trita
214 1305 256 1355 sub
270 1319 361 1355 coturno
375 1304 472 1355 ducebat
482 1306 551 1356 olidae
566 1303 652 1366 patrem
663 1305 763 1366 capellae
778 1325 888 1365 pugnam.

90 1381 166 1428 tertius
180 1379 216 1427 ille
227 1379 338 1428 ,Gallicam
354 1379 408 1427 dixit
424 1379 528 1433 Caesaris,
544 1392 569 1427 ut
584 1398 645 1427 socer
660 1398 769 1437 generque
784 1391 875 1435 cognata

91 1448 200 1510 impulerit
214 1452 237 1500 111
251 1469 310 1500 arma
324 1452 443 1501 Romam.»
455 1448 716 1512 ‘Haec'nanque‘poetico
732 1451 831 1500 discursu
844 1450 875 1499 ita

91 1529 167 1573 sunta
180 1522 271 1573 Sidonio
285 1523 342 1572 dicta
355 1536 379 1572 ut
392 1524 721 1580 nomine'neminem'nominet,
735 1522 774 1572 sed
786 1522 873 1583 Cordu-

92 1597 192 1645 bensium
207 1617 219 1644 e
235 1614 326 1645 numero
341 1595 408 1645 alium
424 1616 470 1644 esse
486 1596 648 1655 philosophum,
664 1596 732 1645 alium
746 1594 875 1653 tragoedum

53 1669 80 1716 20
94 1681 187 1726 poetam,
198 1668 272 1722 alium,
284 1669 321 1727 qui
333 1667 419 1717 Bellum
430 1668 499 1717 Civile
510 1669 602 1728 scripsit,
614 1681 701 1728 poetam
707 1666 777 1717 dicat.

134 1742 181 1790 Nos
191 1760 242 1790 vero
253 1742 309 1790 hanc
321 1760 367 1790 rem
380 1755 495 1791 tractemus
509 1743 589 1791 sensim
601 1755 667 1800 atque
682 1743 711 1790 ita
726 1734 873 1799 percribemus

92 1828 116 1862 ut
131 1815 185 1873 quis,
194 1833 244 1862 vere
258 1814 418 1871 tragoediarum
434 1814 462 1862 sit
477 1828 559 1869 auctor,
576 1815 594 1861 is
612 1834 678 1862 manu
694 1814 753 1871 tangi
769 1820 791 1861 et
807 1812 875 1861 oculis

92 1886 160 1935 videri
169 1886 245 1944 possit.
254 1884 293 1934 Est
302 1885 392 1944 quidem
400 1884 507 1945 perfacilis
516 1888 556 1934 ista
565 1899 586 1934 et
596 1886 686 1945 pulchra
695 1887 797 1944 cognitio.
806 1882 876 1933 Nem-

93 1980 120 2018 pe
134 1958 188 2009 illud
197 1959 312 2018 imprimis?
320 1957 434 2008 manifesto
443 1958 511 2019 liquet
526 1960 659 2019 tragoediam
668 1956 724 2019 auae
733 1979 790 2008 nona
799 1957 876 2008 ordine
900 1992 901 1995 =
976 1995 978 1997 ψ
987 1994 988 1998 =

54 2032 80 2080 25
95 2032 184 2082 Octavia
197 2033 300 2091 inscripta
313 2046 345 2082 est
359 2046 451 2081 mortem
465 2046 487 2081 et
500 2033 594 2082 Neronis
608 2046 630 2082 et
643 2032 745 2082 Octaviae
759 2032 877 2081 continere.

95 2104 120 2153 ld
135 2124 223 2164 quoque
241 2105 339 2153 omnium
357 2105 396 2163 qui
415 2117 474 2163 gesta
491 2105 578 2154 illorum
595 2098 720 2164 temporum
736 2115 835 2153 accurate
852 2123 877 2152 ac
939 2153 941 2156 .

93 2197 143 2227 vero
158 2180 290 2238 scripserunt
303 2180 428 2229 testimonio
442 2180 493 2228 satis
507 2192 597 2235 constat,
612 2179 724 2228 Neronem
737 2178 796 2228 hunc
809 2177 877 2227 istum

93 2252 131 2309 qui
146 2251 264 2300 Caesarum
272 2251 433 2300 crudelissimus
442 2265 574 2317 memoratur
583 2272 640 2300 anno
648 2252 733 2309 imperii
742 2252 775 2298 sui
785 2262 877 2298 matrem

2 2376 4 2379 ,
93 2322 336 2382 Agrippinamquinto,
355 2323 469 2373 Lucanum
486 2323 587 2390 decimo,
597 2323 696 2381 Stoicum
713 2322 818 2371 Senecam
834 2319 876 2376 Xl,

1 2420 6 2457 s
54 2392 81 2441 30
95 2414 189 2456 uxorem,
199 2395 312 2445 Octaviam
326 2396 392 2452 Xlll,
413 2396 504 2455 Mellam
518 2393 569 2445 vero
584 2409 649 2456 atque
664 2396 752 2445 tandem
767 2415 790 2443 se
804 2396 879 2453 ipsum

93 2466 163 2530 Xllll
179 2469 289 2518 occidisse.
301 2468 373 2518 Gallio
384 2483 457 2519 autem
468 2490 512 2529 quo
523 2490 580 2518 anno
592 2465 693 2519 Lucanus
705 2468 748 2518 vita
760 2467 876 2517 defunctus
891 2526 893 2529 ᾖ

56 2563 197 2574 Ἣ...-

2 2647 4 2650 .
100 2612 247 2654 4.1111111,,,1..61.
261 2614 297 2651 7-8.
347 2615 363 2652 7.
376 2613 433 2653 Sidon.
446 2611 500 2655 Carni.
512 2616 584 2653 1112Ξῦ
596 2630 632 2660 sqq.
645 2615 672 2659 (111
684 2629 739 2652 versus
746 2616 848 2658 reperiuntur
860 2616 877 2651 in

55 2670 89 2709 ted.
101 2673 140 2713 Vat.
151 2674 186 2714 Pal.
198 2674 225 2713 lat.
241 2675 284 2717 1672
296 2687 334 2720 post
346 2675 417 2714 Senecae
428 2676 533 2723 tragoedias).

5 2762 7 2765 .
57 2757 197 2771 ..ξ-,-

109 2808 126 2853 l.
140 2808 231 2854 nonnulli
245 2815 259 2854 ι’.
268 2827 294 2861 1.;
309 2817 352 2853 erar
366 2788 463 2869 quidam?
518 2811 538 2854 2.
552 2809 635 2862 quidam
651 2815 664 2853 i.
674 2827 697 2860 r.;
712 2818 754 2854 erut
771 2808 877 2862 plurique?

55 2871 74 2917 4.
82 2872 191 2921 Valerius...
206 2871 301 2920 Corduba
310 2880 323 2921 ι’.
333 2895 359 2921 m.
368 2874 404 2930 r'uJ‘.
419 2874 465 2922 add.
520 2877 540 2922 4.
553 2874 606 2921 ludis
619 2874 690 2930 plenus
700 2883 714 2923 i.
724 2895 740 2922 r.
784 2876 803 2923 8.
812 2887 880 2921 autem
896 2932 898 2936 Α

55 2943 67 2982 i.
78 2958 99 2990 ra
109 2952 151 2988 erat
160 2960 247 2997 nanque.
302 2941 334 2987 21.
349 2943 494 3010 percribremus
509 2944 527 2998 (r
541 2945 599 3000 exp).
