<?xml version="1.0" encoding="UTF-8"?>
<!DOCTYPE html PUBLIC "-//W3C//DTD XHTML 1.0 Transitional//EN"
    "http://www.w3.org/TR/xhtml1/DTD/xhtml1-transitional.dtd">
<html xmlns="http://www.w3.org/1999/xhtml" xml:lang="en" lang="en">
 <head>
  <title>
</title>
<meta http-equiv="Content-Type" content="text/html;charset=utf-8" />
  <meta name='ocr-system' content='tesseract 3.04.00' />
  <meta name='ocr-capabilities' content='ocr_page ocr_carea ocr_par ocr_line ocrx_word'/>
</head>
<body>
  <div class='ocr_page' id='page_1' title='image "MN40033ucmf_2_0227.png"; bbox 0 0 2093 3253; ppageno 0'>
   <div class='ocr_carea' id='block_1_1' title="bbox 267 105 874 155">
    <p class='ocr_par' dir='ltr' id='par_1_1' title="bbox 267 105 874 155">
     <span class='ocr_line' id='line_1_1' title="bbox 267 105 874 155; baseline 0.003 -6"><span class='ocrx_word' id='word_1_1' title='bbox 267 119 398 150; x_wconf 79' lang='lat' dir='ltr'><strong>scmmonuu</strong></span> <span class='ocrx_word' id='word_1_2' title='bbox 413 118 540 151; x_wconf 79' lang='lat' dir='ltr'>ILLUSTRIUM</span> <span class='ocrx_word' id='word_1_3' title='bbox 553 130 567 134; x_wconf 94' lang='lat'>-</span> <span class='ocrx_word' id='word_1_4' title='bbox 581 118 639 155; x_wconf 74' lang='lat' dir='ltr'><strong>arsen</strong></span> <span class='ocrx_word' id='word_1_5' title='bbox 653 119 672 149; x_wconf 89' lang='lat' dir='ltr'><strong>v.</strong></span> <span class='ocrx_word' id='word_1_6' title='bbox 838 105 874 151; x_wconf 69' lang='lat'><strong>153</strong></span> 
     </span>
    </p>
   </div>
   <div class='ocr_carea' id='block_1_2' title="bbox 69 233 878 801">
    <p class='ocr_par' dir='ltr' id='par_1_2' title="bbox 69 233 878 801">
     <span class='ocr_line' id='line_1_2' title="bbox 86 233 876 291; baseline -0.009 -5"><span class='ocrx_word' id='word_1_7' title='bbox 86 249 166 286; x_wconf 66' lang='lat' dir='ltr'><strong>‘noctes</strong></span> <span class='ocrx_word' id='word_1_8' title='bbox 188 235 309 287; x_wconf 59' lang='lat' dir='ltr'><strong>observans</strong></span> <span class='ocrx_word' id='word_1_9' title='bbox 325 252 399 280; x_wconf 90' lang='lat' dir='ltr'><strong>omnes</strong></span> <span class='ocrx_word' id='word_1_10' title='bbox 420 233 513 291; x_wconf 89' lang='lat' dir='ltr'><strong>denique</strong></span> <span class='ocrx_word' id='word_1_11' title='bbox 533 245 558 279; x_wconf 92' lang='lat' dir='ltr'><strong>ut</strong></span> <span class='ocrx_word' id='word_1_12' title='bbox 573 233 694 280; x_wconf 80' lang='lat' dir='ltr'><strong>inveniatur</strong></span> <span class='ocrx_word' id='word_1_13' title='bbox 708 246 745 279; x_wconf 90' lang='lat' dir='ltr'><strong>aut</strong></span> <span class='ocrx_word' id='word_1_14' title='bbox 761 234 822 280; x_wconf 82' lang='lat' dir='ltr'><strong>vivus</strong></span> <span class='ocrx_word' id='word_1_15' title='bbox 838 245 876 280; x_wconf 89' lang='lat' dir='ltr'><strong>aut</strong></span> 
     </span>
     <span class='ocr_line' id='line_1_3' title="bbox 94 305 769 364; baseline -0.007 -6"><span class='ocrx_word' id='word_1_16' title='bbox 94 320 192 360; x_wconf 88' lang='lat' dir='ltr'><strong>mortuus</strong></span> <span class='ocrx_word' id='word_1_17' title='bbox 207 306 283 356; x_wconf 83' lang='lat' dir='ltr'>soliciti</span> <span class='ocrx_word' id='word_1_18' title='bbox 298 305 394 364; x_wconf 81' lang='lat' dir='ltr'>vigilant.</span> <span class='ocrx_word' id='word_1_19' title='bbox 426 333 428 336; x_wconf 54' lang='lat'>&gt;</span> <span class='ocrx_word' id='word_1_20' title='bbox 660 315 662 317; x_wconf 73' lang='grc'><strong><em>’</em></strong></span> <span class='ocrx_word' id='word_1_21' title='bbox 766 351 769 353; x_wconf 12' lang='grc' dir='ltr'>μ</span> 
     </span>
     <span class='ocr_line' id='line_1_4' title="bbox 138 377 875 438; baseline -0.004 -9"><span class='ocrx_word' id='word_1_22' title='bbox 138 381 284 429; x_wconf 80' lang='lat' dir='ltr'><strong>intereavero</strong></span> <span class='ocrx_word' id='word_1_23' title='bbox 300 377 404 438; x_wconf 85' lang='lat' dir='ltr'><strong>Iosephus</strong></span> <span class='ocrx_word' id='word_1_24' title='bbox 417 397 455 437; x_wconf 91' lang='lat' dir='ltr'><strong>per</strong></span> <span class='ocrx_word' id='word_1_25' title='bbox 470 378 527 427; x_wconf 88' lang='lat' dir='ltr'><strong>diem</strong></span> <span class='ocrx_word' id='word_1_26' title='bbox 540 379 562 427; x_wconf 89' lang='lat' dir='ltr'><strong>in</strong></span> <span class='ocrx_word' id='word_1_27' title='bbox 576 392 642 437; x_wconf 92' lang='lat' dir='ltr'><strong>puteo</strong></span> <span class='ocrx_word' id='word_1_28' title='bbox 655 379 732 427; x_wconf 89' lang='lat' dir='ltr'><strong>tacitus</strong></span> <span class='ocrx_word' id='word_1_29' title='bbox 745 378 875 437; x_wconf 84' lang='lat' dir='ltr'><strong>quiescebat.</strong></span> 
     </span>
     <span class='ocr_line' id='line_1_5' title="bbox 94 451 877 510; baseline -0.005 -7"><span class='ocrx_word' id='word_1_30' title='bbox 94 467 156 504; x_wconf 90' lang='lat' dir='ltr'><strong>nocte</strong></span> <span class='ocrx_word' id='word_1_31' title='bbox 171 465 244 501; x_wconf 88' lang='lat' dir='ltr'><strong>autem</strong></span> <span class='ocrx_word' id='word_1_32' title='bbox 258 452 376 500; x_wconf 88' lang='lat' dir='ltr'><strong>ascendens</strong></span> <span class='ocrx_word' id='word_1_33' title='bbox 390 465 415 500; x_wconf 91' lang='lat' dir='ltr'><strong>ut</strong></span> <span class='ocrx_word' id='word_1_34' title='bbox 430 452 514 509; x_wconf 82' lang='lat' dir='ltr'><strong>fugeret</strong></span> <span class='ocrx_word' id='word_1_35' title='bbox 529 453 604 499; x_wconf 90' lang='lat' dir='ltr'><strong>itinera</strong></span> <span class='ocrx_word' id='word_1_36' title='bbox 619 451 750 510; x_wconf 74' lang='lat' dir='ltr'>explorabat.</span> <span class='ocrx_word' id='word_1_37' title='bbox 766 451 811 500; x_wconf 93' lang='lat' dir='ltr'><strong>Ubi</strong></span> <span class='ocrx_word' id='word_1_38' title='bbox 826 471 877 499; x_wconf 88' lang='lat' dir='ltr'><strong>vero</strong></span> 
     </span>
     <span class='ocr_line' id='line_1_6' title="bbox 69 524 878 583; baseline -0.005 -7"><span class='ocrx_word' id='word_1_39' title='bbox 69 532 81 579; x_wconf 85' lang='grc'>5</span> <span class='ocrx_word' id='word_1_40' title='bbox 96 527 183 576; x_wconf 86' lang='lat' dir='ltr'><strong>fallendi</strong></span> <span class='ocrx_word' id='word_1_41' title='bbox 193 546 242 583; x_wconf 88' lang='lat' dir='ltr'><strong>spes</strong></span> <span class='ocrx_word' id='word_1_42' title='bbox 251 524 310 573; x_wconf 92' lang='lat' dir='ltr'><strong>nulla</strong></span> <span class='ocrx_word' id='word_1_43' title='bbox 319 537 370 578; x_wconf 87' lang='lat' dir='ltr'><strong>erat,</strong></span> <span class='ocrx_word' id='word_1_44' title='bbox 380 525 440 583; x_wconf 92' lang='lat' dir='ltr'><strong>quod</strong></span> <span class='ocrx_word' id='word_1_45' title='bbox 449 525 548 579; x_wconf 85' lang='lat' dir='ltr'><strong>Romani,</strong></span> <span class='ocrx_word' id='word_1_46' title='bbox 558 537 582 572; x_wconf 91' lang='lat' dir='ltr'><strong>ut</strong></span> <span class='ocrx_word' id='word_1_47' title='bbox 591 525 642 578; x_wconf 86' lang='lat' dir='ltr'><strong>dixi,</strong></span> <span class='ocrx_word' id='word_1_48' title='bbox 652 525 698 572; x_wconf 93' lang='lat' dir='ltr'><strong>eius</strong></span> <span class='ocrx_word' id='word_1_49' title='bbox 707 524 805 582; x_wconf 89' lang='lat' dir='ltr'><strong>capiendi</strong></span> <span class='ocrx_word' id='word_1_50' title='bbox 814 545 878 572; x_wconf 87' lang='lat' dir='ltr'><strong>causa</strong></span> 
     </span>
     <span class='ocr_line' id='line_1_7' title="bbox 94 597 877 656; baseline -0.005 -7"><span class='ocrx_word' id='word_1_51' title='bbox 94 600 171 650; x_wconf 78' lang='lat' dir='ltr'><strong>soliciti</strong></span> <span class='ocrx_word' id='word_1_52' title='bbox 186 599 258 647; x_wconf 88' lang='lat' dir='ltr'><strong>omnia</strong></span> <span class='ocrx_word' id='word_1_53' title='bbox 272 599 412 652; x_wconf 82' lang='lat' dir='ltr'><strong>custodirent,</strong></span> <span class='ocrx_word' id='word_1_54' title='bbox 428 598 554 656; x_wconf 83' lang='lat' dir='ltr'><strong>priusquam</strong></span> <span class='ocrx_word' id='word_1_55' title='bbox 568 597 684 646; x_wconf 90' lang='lat' dir='ltr'><strong>lucesceret</strong></span> <span class='ocrx_word' id='word_1_56' title='bbox 697 598 720 645; x_wconf 83' lang='lat' dir='ltr'><strong>in</strong></span> <span class='ocrx_word' id='word_1_57' title='bbox 734 610 825 655; x_wconf 92' lang='lat' dir='ltr'><strong>puteum</strong></span> <span class='ocrx_word' id='word_1_58' title='bbox 839 598 877 646; x_wconf 89' lang='lat' dir='ltr'><strong>de-</strong></span> 
     </span>
     <span class='ocr_line' id='line_1_8' title="bbox 94 669 875 729; baseline -0.005 -7"><span class='ocrx_word' id='word_1_59' title='bbox 94 672 218 722; x_wconf 86' lang='lat' dir='ltr'><strong>scendebat.</strong></span> <span class='ocrx_word' id='word_1_60' title='bbox 234 670 335 729; x_wconf 88' lang='lat' dir='ltr'><strong>Denique</strong></span> <span class='ocrx_word' id='word_1_61' title='bbox 350 670 443 719; x_wconf 86' lang='lat' dir='ltr'><strong>biduum</strong></span> <span class='ocrx_word' id='word_1_62' title='bbox 457 670 526 719; x_wconf 88' lang='lat' dir='ltr'><strong>latuit.</strong></span> <span class='ocrx_word' id='word_1_63' title='bbox 541 669 615 719; x_wconf 89' lang='lat' dir='ltr'><strong>Tertia</strong></span> <span class='ocrx_word' id='word_1_64' title='bbox 629 690 679 718; x_wconf 87' lang='lat' dir='ltr'><strong>vero</strong></span> <span class='ocrx_word' id='word_1_65' title='bbox 694 670 730 718; x_wconf 91' lang='lat' dir='ltr'><strong>die</strong></span> <span class='ocrx_word' id='word_1_66' title='bbox 743 682 806 729; x_wconf 89' lang='lat' dir='ltr'><strong>capta</strong></span> <span class='ocrx_word' id='word_1_67' title='bbox 819 669 875 718; x_wconf 87' lang='lat' dir='ltr'><strong>forte</strong></span> 
     </span>
     <span class='ocr_line' id='line_1_9' title="bbox 96 743 877 801; baseline -0.003 -8"><span class='ocrx_word' id='word_1_68' title='bbox 96 745 172 794; x_wconf 88' lang='lat' dir='ltr'><strong>mulier</strong></span> <span class='ocrx_word' id='word_1_69' title='bbox 189 764 244 801; x_wconf 91' lang='lat' dir='ltr'><strong>quae</strong></span> <span class='ocrx_word' id='word_1_70' title='bbox 261 743 340 791; x_wconf 88' lang='lat' dir='ltr'><strong>cibaria</strong></span> <span class='ocrx_word' id='word_1_71' title='bbox 357 743 486 800; x_wconf 87' lang='lat' dir='ltr'><strong>deportarat,</strong></span> <span class='ocrx_word' id='word_1_72' title='bbox 505 764 542 791; x_wconf 89' lang='lat' dir='ltr'><strong>seu</strong></span> <span class='ocrx_word' id='word_1_73' title='bbox 560 756 632 791; x_wconf 89' lang='lat' dir='ltr'><strong>coacta</strong></span> <span class='ocrx_word' id='word_1_74' title='bbox 649 744 712 791; x_wconf 86' lang='lat' dir='ltr'><strong>minis</strong></span> <span class='ocrx_word' id='word_1_75' title='bbox 730 763 767 791; x_wconf 89' lang='lat' dir='ltr'><strong>seu</strong></span> <span class='ocrx_word' id='word_1_76' title='bbox 784 743 877 791; x_wconf 86' lang='lat' dir='ltr'><strong>adducta</strong></span> 
     </span>
    </p>
   </div>
   <div class='ocr_carea' id='block_1_3' title="bbox 95 815 956 876">
    <p class='ocr_par' dir='ltr' id='par_1_3' title="bbox 95 815 956 876">
     <span class='ocr_line' id='line_1_10' title="bbox 95 815 956 876; baseline -0.002 -9"><span class='ocrx_word' id='word_1_77' title='bbox 95 817 208 867; x_wconf 87' lang='lat' dir='ltr'><strong>blandiciis</strong></span> <span class='ocrx_word' id='word_1_78' title='bbox 221 836 246 864; x_wconf 92' lang='lat' dir='ltr'><strong>ac</strong></span> <span class='ocrx_word' id='word_1_79' title='bbox 259 816 344 865; x_wconf 88' lang='lat' dir='ltr'><strong>levitate</strong></span> <span class='ocrx_word' id='word_1_80' title='bbox 357 815 458 870; x_wconf 87' lang='lat' dir='ltr'><strong>feminea,</strong></span> <span class='ocrx_word' id='word_1_81' title='bbox 472 816 572 875; x_wconf 81' lang='lat' dir='ltr'><strong>patefecit</strong></span> <span class='ocrx_word' id='word_1_82' title='bbox 586 836 630 876; x_wconf 91' lang='lat' dir='ltr'><strong>quo</strong></span> <span class='ocrx_word' id='word_1_83' title='bbox 643 816 665 864; x_wconf 92' lang='lat' dir='ltr'><strong>in</strong></span> <span class='ocrx_word' id='word_1_84' title='bbox 679 816 727 865; x_wconf 93' lang='lat' dir='ltr'><strong>loco</strong></span> <span class='ocrx_word' id='word_1_85' title='bbox 740 815 814 865; x_wconf 90' lang='lat' dir='ltr'><strong>lateret</strong></span> <span class='ocrx_word' id='word_1_86' title='bbox 827 836 878 865; x_wconf 91' lang='lat' dir='ltr'><strong>cum</strong></span> <span class='ocrx_word' id='word_1_87' title='bbox 954 821 956 823; x_wconf 71' lang='grc'><strong>’</strong></span> 
     </span>
    </p>
   </div>
   <div class='ocr_carea' id='block_1_4' title="bbox 59 889 946 2696">
    <p class='ocr_par' dir='ltr' id='par_1_4' title="bbox 59 889 902 1239">
     <span class='ocr_line' id='line_1_11' title="bbox 59 889 878 951; baseline -0.005 -10"><span class='ocrx_word' id='word_1_88' title='bbox 59 895 83 942; x_wconf 87' lang='grc'><strong>10</strong></span> <span class='ocrx_word' id='word_1_89' title='bbox 97 891 143 940; x_wconf 90' lang='lat' dir='ltr'><strong>aliis</strong></span> <span class='ocrx_word' id='word_1_90' title='bbox 155 891 192 948; x_wconf 91' lang='lat' dir='ltr'><strong>qui</strong></span> <span class='ocrx_word' id='word_1_91' title='bbox 204 908 312 937; x_wconf 82' lang='lat' dir='ltr'><strong>recessum</strong></span> <span class='ocrx_word' id='word_1_92' title='bbox 323 889 418 937; x_wconf 87' lang='lat' dir='ltr'><strong>hostium</strong></span> <span class='ocrx_word' id='word_1_93' title='bbox 429 902 572 947; x_wconf 79' lang='lat' dir='ltr'><strong>expectarent.</strong></span> <span class='ocrx_word' id='word_1_94' title='bbox 584 889 643 951; x_wconf 88' lang='lat' dir='ltr'><strong>Tum</strong></span> <span class='ocrx_word' id='word_1_95' title='bbox 654 889 713 936; x_wconf 88' lang='lat' dir='ltr'><strong>missi</strong></span> <span class='ocrx_word' id='word_1_96' title='bbox 724 909 736 936; x_wconf 89' lang='lat' dir='ltr'><strong>a</strong></span> <span class='ocrx_word' id='word_1_97' title='bbox 747 889 878 947; x_wconf 82' lang='lat' dir='ltr'><strong>Vespasiano</strong></span> 
     </span>
     <span class='ocr_line' id='line_1_12' title="bbox 95 956 878 1021; baseline -0.001 -10"><span class='ocrx_word' id='word_1_98' title='bbox 95 957 244 1016; x_wconf 88' lang='lat' dir='ltr'><strong>tribuniduo,</strong></span> <span class='ocrx_word' id='word_1_99' title='bbox 261 962 362 1010; x_wconf 88' lang='lat' dir='ltr'><strong>Paulinus</strong></span> <span class='ocrx_word' id='word_1_100' title='bbox 379 975 400 1010; x_wconf 91' lang='lat' dir='ltr'><strong>et</strong></span> <span class='ocrx_word' id='word_1_101' title='bbox 416 956 547 1015; x_wconf 75' lang='lat' dir='ltr'><strong>Gallicanus,</strong></span> <span class='ocrx_word' id='word_1_102' title='bbox 564 962 630 1010; x_wconf 84' lang='lat' dir='ltr'><strong>fidem</strong></span> <span class='ocrx_word' id='word_1_103' title='bbox 648 961 740 1021; x_wconf 88' lang='lat' dir='ltr'><strong>losepho</strong></span> <span class='ocrx_word' id='word_1_104' title='bbox 755 981 795 1020; x_wconf 92' lang='lat' dir='ltr'><strong>pro</strong></span> <span class='ocrx_word' id='word_1_105' title='bbox 811 962 878 1010; x_wconf 88' lang='lat' dir='ltr'><strong>salute</strong></span> 
     </span>
     <span class='ocr_line' id='line_1_13' title="bbox 96 1035 902 1102; baseline -0.001 -16"><span class='ocrx_word' id='word_1_106' title='bbox 96 1037 175 1086; x_wconf 88' lang='lat' dir='ltr'><strong>dabant</strong></span> <span class='ocrx_word' id='word_1_107' title='bbox 185 1036 324 1094; x_wconf 86' lang='lat' dir='ltr'><strong>eundemque</strong></span> <span class='ocrx_word' id='word_1_108' title='bbox 333 1035 452 1085; x_wconf 85' lang='lat' dir='ltr'><strong>rationibus</strong></span> <span class='ocrx_word' id='word_1_109' title='bbox 463 1036 536 1085; x_wconf 89' lang='lat' dir='ltr'><strong>multis</strong></span> <span class='ocrx_word' id='word_1_110' title='bbox 546 1042 571 1084; x_wconf 88' lang='lat' dir='ltr'><strong>ut</strong></span> <span class='ocrx_word' id='word_1_111' title='bbox 580 1035 637 1084; x_wconf 89' lang='lat' dir='ltr'><strong>bona</strong></span> <span class='ocrx_word' id='word_1_112' title='bbox 647 1056 698 1084; x_wconf 89' lang='lat' dir='ltr'><strong>cum</strong></span> <span class='ocrx_word' id='word_1_113' title='bbox 707 1056 745 1102; x_wconf 75' lang='lat' dir='ltr'><strong>spe</strong></span> <span class='ocrx_word' id='word_1_114' title='bbox 754 1035 878 1085; x_wconf 81' lang='lat' dir='ltr'><strong>ascenderet</strong></span> <span class='ocrx_word' id='word_1_115' title='bbox 901 1057 902 1061; x_wconf 53' lang='lat'>¹</span> 
     </span>
     <span class='ocr_line' id='line_1_14' title="bbox 96 1105 879 1167; baseline 0 -11"><span class='ocrx_word' id='word_1_116' title='bbox 96 1109 244 1157; x_wconf 83' lang='lat' dir='ltr'><strong>hortabantur.</strong></span> <span class='ocrx_word' id='word_1_117' title='bbox 260 1108 304 1156; x_wconf 85' lang='lat' dir='ltr'><strong>Sed</strong></span> <span class='ocrx_word' id='word_1_118' title='bbox 317 1128 379 1156; x_wconf 88' lang='lat' dir='ltr'><strong>aures</strong></span> <span class='ocrx_word' id='word_1_119' title='bbox 392 1109 439 1166; x_wconf 88' lang='lat' dir='ltr'><strong>ipse</strong></span> <span class='ocrx_word' id='word_1_120' title='bbox 452 1108 568 1166; x_wconf 87' lang='lat' dir='ltr'><strong>praebebat</strong></span> <span class='ocrx_word' id='word_1_121' title='bbox 581 1108 660 1162; x_wconf 89' lang='lat' dir='ltr'><strong>neutri,</strong></span> <span class='ocrx_word' id='word_1_122' title='bbox 675 1108 734 1167; x_wconf 92' lang='lat' dir='ltr'><strong>quod</strong></span> <span class='ocrx_word' id='word_1_123' title='bbox 742 1105 879 1156; x_wconf 74' lang='lat' dir='ltr'><strong>&#39;his‘blandi-</strong></span> 
     </span>
     <span class='ocr_line' id='line_1_15' title="bbox 96 1180 880 1239; baseline -0.001 -9"><span class='ocrx_word' id='word_1_124' title='bbox 96 1182 174 1230; x_wconf 87' lang='lat' dir='ltr'><strong>mentis</strong></span> <span class='ocrx_word' id='word_1_125' title='bbox 185 1182 268 1229; x_wconf 91' lang='lat' dir='ltr'><strong>evocari</strong></span> <span class='ocrx_word' id='word_1_126' title='bbox 279 1200 302 1227; x_wconf 89' lang='lat' dir='ltr'><strong>se</strong></span> <span class='ocrx_word' id='word_1_127' title='bbox 313 1180 489 1239; x_wconf 84' lang='lat' dir='ltr'><strong>haudquaquam,</strong></span> <span class='ocrx_word' id='word_1_128' title='bbox 500 1194 525 1229; x_wconf 87' lang='lat' dir='ltr'><strong>ut</strong></span> <span class='ocrx_word' id='word_1_129' title='bbox 535 1181 639 1235; x_wconf 77' lang='lat' dir='ltr'><strong>dicerent,</strong></span> <span class='ocrx_word' id='word_1_130' title='bbox 651 1182 683 1229; x_wconf 78' lang='lat' dir='ltr'><strong>&#39;ad</strong></span> <span class='ocrx_word' id='word_1_131' title='bbox 697 1180 789 1236; x_wconf 84' lang='lat' dir='ltr'><strong>salutem</strong></span> <span class='ocrx_word' id='word_1_132' title='bbox 804 1182 842 1229; x_wconf 89' lang='lat' dir='ltr'><strong>sed</strong></span> <span class='ocrx_word' id='word_1_133' title='bbox 852 1181 880 1229; x_wconf 89' lang='lat' dir='ltr'><strong>ad</strong></span> 
     </span>
    </p>

    <p class='ocr_par' dir='ltr' id='par_1_5' title="bbox 59 1253 880 1459">
     <span class='ocr_line' id='line_1_16' title="bbox 59 1253 880 1313; baseline -0.005 -9"><span class='ocrx_word' id='word_1_134' title='bbox 59 1256 83 1304; x_wconf 85' lang='lat' dir='ltr'><strong>l5</strong></span> <span class='ocrx_word' id='word_1_135' title='bbox 99 1274 192 1313; x_wconf 88' lang='lat' dir='ltr'><strong>poenam</strong></span> <span class='ocrx_word' id='word_1_136' title='bbox 204 1265 270 1312; x_wconf 87' lang='lat' dir='ltr'><strong>atque</strong></span> <span class='ocrx_word' id='word_1_137' title='bbox 283 1253 415 1311; x_wconf 89' lang='lat' dir='ltr'><strong>supplicium</strong></span> <span class='ocrx_word' id='word_1_138' title='bbox 429 1253 540 1302; x_wconf 90' lang='lat' dir='ltr'><strong>iudicaret.</strong></span> <span class='ocrx_word' id='word_1_139' title='bbox 555 1253 664 1302; x_wconf 83' lang='lat' dir='ltr'><strong>Romanos</strong></span> <span class='ocrx_word' id='word_1_140' title='bbox 678 1253 767 1312; x_wconf 90' lang='lat' dir='ltr'><strong>quidem</strong></span> <span class='ocrx_word' id='word_1_141' title='bbox 778 1254 880 1306; x_wconf 85' lang='lat' dir='ltr'><strong>noscebat</strong></span> 
     </span>
     <span class='ocr_line' id='line_1_17' title="bbox 98 1324 880 1385; baseline 0 -9"><span class='ocrx_word' id='word_1_142' title='bbox 98 1346 175 1376; x_wconf 90' lang='lat' dir='ltr'><strong>mores.</strong></span> <span class='ocrx_word' id='word_1_143' title='bbox 189 1327 256 1384; x_wconf 84' lang='lat' dir='ltr'><strong>Igitur</strong></span> <span class='ocrx_word' id='word_1_144' title='bbox 270 1328 415 1385; x_wconf 83' lang='lat' dir='ltr'><strong>nequicquam</strong></span> <span class='ocrx_word' id='word_1_145' title='bbox 428 1327 470 1376; x_wconf 89' lang='lat' dir='ltr'><strong>illis</strong></span> <span class='ocrx_word' id='word_1_146' title='bbox 478 1328 546 1376; x_wconf 51' lang='lat' dir='ltr'><strong>¹verba</strong></span> <span class='ocrx_word' id='word_1_147' title='bbox 555 1328 680 1376; x_wconf 69' lang='lat' dir='ltr'><strong>&#39;serentibus</strong></span> <span class='ocrx_word' id='word_1_148' title='bbox 695 1328 826 1376; x_wconf 88' lang='lat' dir='ltr'><strong>Nicanorem</strong></span> <span class='ocrx_word' id='word_1_149' title='bbox 837 1324 880 1376; x_wconf 86' lang='lat' dir='ltr'><strong>ter-</strong></span> 
     </span>
     <span class='ocr_line' id='line_1_18' title="bbox 96 1399 880 1459; baseline 0.001 -11"><span class='ocrx_word' id='word_1_150' title='bbox 96 1401 151 1449; x_wconf 84' lang='lat' dir='ltr'><strong>tium</strong></span> <span class='ocrx_word' id='word_1_151' title='bbox 169 1399 283 1449; x_wconf 85' lang='lat' dir='ltr'><strong>tribunum</strong></span> <span class='ocrx_word' id='word_1_152' title='bbox 301 1400 445 1459; x_wconf 86' lang='lat' dir='ltr'><strong>Vespasianus</strong></span> <span class='ocrx_word' id='word_1_153' title='bbox 465 1401 530 1450; x_wconf 90' lang='lat' dir='ltr'><strong>misit.</strong></span> <span class='ocrx_word' id='word_1_154' title='bbox 551 1400 669 1459; x_wconf 90' lang='lat' dir='ltr'><strong>losephum</strong></span> <span class='ocrx_word' id='word_1_155' title='bbox 687 1401 734 1454; x_wconf 87' lang='lat' dir='ltr'><strong>iste,</strong></span> <span class='ocrx_word' id='word_1_156' title='bbox 753 1400 813 1459; x_wconf 92' lang='lat' dir='ltr'><strong>quod</strong></span> <span class='ocrx_word' id='word_1_157' title='bbox 830 1414 880 1449; x_wconf 90' lang='lat' dir='ltr'><strong>ante</strong></span> 
     </span>
    </p>

    <p class='ocr_par' dir='ltr' id='par_1_6' title="bbox 73 1472 881 1610">
     <span class='ocr_line' id='line_1_19' title="bbox 73 1472 880 1532; baseline 0.001 -12"><span class='ocrx_word' id='word_1_158' title='bbox 73 1479 74 1482; x_wconf 69' lang='grc'>’</span> <span class='ocrx_word' id='word_1_159' title='bbox 97 1473 178 1520; x_wconf 90' lang='lat' dir='ltr'><strong>bellum</strong></span> <span class='ocrx_word' id='word_1_160' title='bbox 192 1485 256 1520; x_wconf 91' lang='lat' dir='ltr'><strong>notus</strong></span> <span class='ocrx_word' id='word_1_161' title='bbox 270 1473 316 1520; x_wconf 90' lang='lat' dir='ltr'><strong>eius</strong></span> <span class='ocrx_word' id='word_1_162' title='bbox 330 1493 354 1520; x_wconf 87' lang='lat' dir='ltr'><strong>ac</strong></span> <span class='ocrx_word' id='word_1_163' title='bbox 368 1472 478 1521; x_wconf 85' lang='lat' dir='ltr'><strong>familiaris</strong></span> <span class='ocrx_word' id='word_1_164' title='bbox 492 1479 554 1527; x_wconf 88' lang='lat' dir='ltr'><strong>esset,</strong></span> <span class='ocrx_word' id='word_1_165' title='bbox 568 1486 593 1521; x_wconf 93' lang='lat' dir='ltr'><strong>ut</strong></span> <span class='ocrx_word' id='word_1_166' title='bbox 606 1473 690 1522; x_wconf 90' lang='lat' dir='ltr'><strong>audiret</strong></span> <span class='ocrx_word' id='word_1_167' title='bbox 703 1493 728 1521; x_wconf 89' lang='lat' dir='ltr'><strong>ac</strong></span> <span class='ocrx_word' id='word_1_168' title='bbox 741 1473 880 1532; x_wconf 90' lang='lat' dir='ltr'><strong>responderet</strong></span> 
     </span>
     <span class='ocr_line' id='line_1_20' title="bbox 98 1545 881 1610; baseline -0.001 -15"><span class='ocrx_word' id='word_1_169' title='bbox 98 1546 163 1595; x_wconf 84' lang='lat' dir='ltr'><strong>flexit.</strong></span> <span class='ocrx_word' id='word_1_170' title='bbox 179 1545 315 1596; x_wconf 86' lang='lat' dir='ltr'><strong>Hesitantem</strong></span> <span class='ocrx_word' id='word_1_171' title='bbox 329 1552 416 1606; x_wconf 87' lang='lat' dir='ltr'><strong>quoque</strong></span> <span class='ocrx_word' id='word_1_172' title='bbox 429 1547 502 1606; x_wconf 90' lang='lat' dir='ltr'><strong>ipsum</strong></span> <span class='ocrx_word' id='word_1_173' title='bbox 515 1546 605 1605; x_wconf 86' lang='lat' dir='ltr'><strong>urgebat</strong></span> <span class='ocrx_word' id='word_1_174' title='bbox 618 1559 695 1610; x_wconf 87' lang='lat' dir='ltr'><strong>metus,</strong></span> <span class='ocrx_word' id='word_1_175' title='bbox 709 1546 769 1605; x_wconf 93' lang='lat' dir='ltr'><strong>quod</strong></span> <span class='ocrx_word' id='word_1_176' title='bbox 782 1546 846 1596; x_wconf 87' lang='lat' dir='ltr'><strong>simul</strong></span> <span class='ocrx_word' id='word_1_177' title='bbox 860 1558 881 1595; x_wconf 93' lang='lat' dir='ltr'><strong>et</strong></span> 
     </span>
    </p>

    <p class='ocr_par' dir='ltr' id='par_1_7' title="bbox 59 1615 882 1974">
     <span class='ocr_line' id='line_1_21' title="bbox 59 1615 881 1674; baseline 0 -6"><span class='ocrx_word' id='word_1_178' title='bbox 59 1622 86 1668; x_wconf 83' lang='lat'><strong>20</strong></span> <span class='ocrx_word' id='word_1_179' title='bbox 100 1619 156 1667; x_wconf 87' lang='lat' dir='ltr'><strong>faces</strong></span> <span class='ocrx_word' id='word_1_180' title='bbox 166 1640 265 1668; x_wconf 87' lang='lat' dir='ltr'><strong>accensas</strong></span> <span class='ocrx_word' id='word_1_181' title='bbox 274 1640 298 1668; x_wconf 87' lang='lat' dir='ltr'><strong>ac</strong></span> <span class='ocrx_word' id='word_1_182' title='bbox 304 1615 433 1669; x_wconf 90' lang='lat' dir='ltr'><strong>collucentes</strong></span> <span class='ocrx_word' id='word_1_183' title='bbox 442 1620 524 1668; x_wconf 88' lang='lat' dir='ltr'><strong>videret</strong></span> <span class='ocrx_word' id='word_1_184' title='bbox 533 1628 554 1668; x_wconf 90' lang='lat' dir='ltr'><strong>et</strong></span> <span class='ocrx_word' id='word_1_185' title='bbox 560 1620 637 1668; x_wconf 89' lang='lat' dir='ltr'><strong>milites</strong></span> <span class='ocrx_word' id='word_1_186' title='bbox 643 1619 784 1668; x_wconf 88' lang='lat' dir='ltr'><strong>vociferantes</strong></span> <span class='ocrx_word' id='word_1_187' title='bbox 789 1620 881 1674; x_wconf 88' lang='lat' dir='ltr'><strong>audiret,</strong></span> 
     </span>
     <span class='ocr_line' id='line_1_22' title="bbox 98 1692 882 1750; baseline 0 -11"><span class='ocrx_word' id='word_1_188' title='bbox 98 1693 135 1750; x_wconf 92' lang='lat' dir='ltr'><strong>qui</strong></span> <span class='ocrx_word' id='word_1_189' title='bbox 146 1713 182 1740; x_wconf 89' lang='lat' dir='ltr'><strong>eas</strong></span> <span class='ocrx_word' id='word_1_190' title='bbox 192 1693 316 1746; x_wconf 88' lang='lat' dir='ltr'><strong>immittere,</strong></span> <span class='ocrx_word' id='word_1_191' title='bbox 327 1694 345 1740; x_wconf 89' lang='lat' dir='ltr'><strong>si</strong></span> <span class='ocrx_word' id='word_1_192' title='bbox 356 1705 480 1740; x_wconf 88' lang='lat' dir='ltr'><strong>cuntaretur</strong></span> <span class='ocrx_word' id='word_1_193' title='bbox 491 1693 579 1745; x_wconf 88' lang='lat' dir='ltr'><strong>diutius,</strong></span> <span class='ocrx_word' id='word_1_194' title='bbox 591 1692 731 1740; x_wconf 88' lang='lat' dir='ltr'><strong>minarentur.</strong></span> <span class='ocrx_word' id='word_1_195' title='bbox 742 1692 821 1749; x_wconf 87' lang='lat' dir='ltr'><strong>Neque</strong></span> <span class='ocrx_word' id='word_1_196' title='bbox 830 1711 882 1740; x_wconf 89' lang='lat' dir='ltr'><strong>vero</strong></span> 
     </span>
     <span class='ocr_line' id='line_1_23' title="bbox 98 1764 882 1824; baseline -0.001 -11"><span class='ocrx_word' id='word_1_197' title='bbox 98 1784 125 1813; x_wconf 91' lang='lat' dir='ltr'><strong>ne</strong></span> <span class='ocrx_word' id='word_1_198' title='bbox 138 1765 280 1813; x_wconf 89' lang='lat' dir='ltr'><strong>immitterent</strong></span> <span class='ocrx_word' id='word_1_199' title='bbox 292 1764 351 1813; x_wconf 88' lang='lat' dir='ltr'><strong>aliud</strong></span> <span class='ocrx_word' id='word_1_200' title='bbox 363 1765 431 1812; x_wconf 90' lang='lat' dir='ltr'><strong>vetuit</strong></span> <span class='ocrx_word' id='word_1_201' title='bbox 444 1765 466 1813; x_wconf 89' lang='lat' dir='ltr'><strong>ni</strong></span> <span class='ocrx_word' id='word_1_202' title='bbox 479 1764 539 1824; x_wconf 91' lang='lat' dir='ltr'><strong>quod</strong></span> <span class='ocrx_word' id='word_1_203' title='bbox 552 1764 613 1813; x_wconf 91' lang='lat' dir='ltr'><strong>ducis</strong></span> <span class='ocrx_word' id='word_1_204' title='bbox 626 1764 742 1823; x_wconf 85' lang='lat' dir='ltr'><strong>imperium</strong></span> <span class='ocrx_word' id='word_1_205' title='bbox 754 1776 810 1813; x_wconf 91' lang='lat' dir='ltr'><strong>esset</strong></span> <span class='ocrx_word' id='word_1_206' title='bbox 822 1764 882 1824; x_wconf 88' lang='lat' dir='ltr'><strong>quod</strong></span> 
     </span>
     <span class='ocr_line' id='line_1_24' title="bbox 98 1836 882 1896; baseline 0 -11"><span class='ocrx_word' id='word_1_207' title='bbox 98 1838 172 1885; x_wconf 85' lang='lat' dir='ltr'><strong>vivum</strong></span> <span class='ocrx_word' id='word_1_208' title='bbox 178 1839 254 1896; x_wconf 86' lang='lat' dir='ltr'><strong>&#39;ipsum</strong></span> <span class='ocrx_word' id='word_1_209' title='bbox 262 1837 372 1885; x_wconf 85' lang='lat' dir='ltr'><strong>extrahere</strong></span> <span class='ocrx_word' id='word_1_210' title='bbox 381 1838 440 1885; x_wconf 91' lang='lat' dir='ltr'><strong>omni</strong></span> <span class='ocrx_word' id='word_1_211' title='bbox 449 1837 521 1885; x_wconf 91' lang='lat' dir='ltr'><strong>studio</strong></span> <span class='ocrx_word' id='word_1_212' title='bbox 530 1850 665 1885; x_wconf 87' lang='lat' dir='ltr'><strong>conarentur.</strong></span> <span class='ocrx_word' id='word_1_213' title='bbox 677 1836 702 1885; x_wconf 91' lang='lat' dir='ltr'><strong>ld</strong></span> <span class='ocrx_word' id='word_1_214' title='bbox 710 1838 775 1892; x_wconf 91' lang='lat' dir='ltr'><strong>etiam</strong></span> <span class='ocrx_word' id='word_1_215' title='bbox 783 1850 808 1885; x_wconf 91' lang='lat' dir='ltr'><strong>ut</strong></span> <span class='ocrx_word' id='word_1_216' title='bbox 816 1838 882 1885; x_wconf 86' lang='lat' dir='ltr'><strong>exiret</strong></span> 
     </span>
     <span class='ocr_line' id='line_1_25' title="bbox 99 1910 882 1974; baseline 0.003 -18"><span class='ocrx_word' id='word_1_217' title='bbox 99 1910 250 1959; x_wconf 87' lang='lat' dir='ltr'><strong>commovebat</strong></span> <span class='ocrx_word' id='word_1_218' title='bbox 261 1910 341 1968; x_wconf 91' lang='lat' dir='ltr'><strong>ipsum,</strong></span> <span class='ocrx_word' id='word_1_219' title='bbox 353 1910 413 1974; x_wconf 92' lang='lat' dir='ltr'><strong>quod</strong></span> <span class='ocrx_word' id='word_1_220' title='bbox 425 1929 463 1968; x_wconf 91' lang='lat' dir='ltr'><strong>per</strong></span> <span class='ocrx_word' id='word_1_221' title='bbox 475 1911 570 1968; x_wconf 87' lang='lat' dir='ltr'><strong>quietem</strong></span> <span class='ocrx_word' id='word_1_222' title='bbox 582 1910 665 1958; x_wconf 87' lang='lat' dir='ltr'><strong>somnia</strong></span> <span class='ocrx_word' id='word_1_223' title='bbox 677 1910 783 1958; x_wconf 86' lang='lat' dir='ltr'><strong>horrenda</strong></span> <span class='ocrx_word' id='word_1_224' title='bbox 794 1910 882 1958; x_wconf 85' lang='lat' dir='ltr'><strong>vidisset</strong></span> 
     </span>
    </p>

    <p class='ocr_par' dir='ltr' id='par_1_8' title="bbox 59 1982 883 2195">
     <span class='ocr_line' id='line_1_26' title="bbox 59 1982 883 2041; baseline 0.004 -13"><span class='ocrx_word' id='word_1_225' title='bbox 59 1982 85 2029; x_wconf 82' lang='lat'><strong>25</strong></span> <span class='ocrx_word' id='word_1_226' title='bbox 101 1982 180 2040; x_wconf 88' lang='lat' dir='ltr'><strong>quibus</strong></span> <span class='ocrx_word' id='word_1_227' title='bbox 195 1983 393 2032; x_wconf 81' lang='lat' dir='ltr'><strong>commonefactum</strong></span> <span class='ocrx_word' id='word_1_228' title='bbox 408 1984 511 2032; x_wconf 89' lang='lat' dir='ltr'><strong>divinitus</strong></span> <span class='ocrx_word' id='word_1_229' title='bbox 526 2003 548 2031; x_wconf 85' lang='lat' dir='ltr'><strong>se</strong></span> <span class='ocrx_word' id='word_1_230' title='bbox 563 1982 652 2041; x_wconf 89' lang='lat' dir='ltr'><strong>putabat</strong></span> <span class='ocrx_word' id='word_1_231' title='bbox 667 1996 691 2031; x_wconf 91' lang='lat' dir='ltr'><strong>ut</strong></span> <span class='ocrx_word' id='word_1_232' title='bbox 705 2003 761 2041; x_wconf 91' lang='lat' dir='ltr'><strong>quae</strong></span> <span class='ocrx_word' id='word_1_233' title='bbox 775 1983 831 2031; x_wconf 90' lang='lat' dir='ltr'><strong>mala</strong></span> <span class='ocrx_word' id='word_1_234' title='bbox 847 1984 883 2031; x_wconf 89' lang='lat' dir='ltr'><strong>lu·</strong></span> 
     </span>
     <span class='ocr_line' id='line_1_27' title="bbox 99 2055 883 2116; baseline 0.003 -13"><span class='ocrx_word' id='word_1_235' title='bbox 99 2055 165 2111; x_wconf 87' lang='lat' dir='ltr'><strong>daeis,</strong></span> <span class='ocrx_word' id='word_1_236' title='bbox 180 2077 236 2116; x_wconf 86' lang='lat' dir='ltr'><strong>quae</strong></span> <span class='ocrx_word' id='word_1_237' title='bbox 247 2056 350 2106; x_wconf 87' lang='lat' dir='ltr'><strong>Romanis</strong></span> <span class='ocrx_word' id='word_1_238' title='bbox 361 2056 496 2116; x_wconf 88' lang='lat' dir='ltr'><strong>principibus</strong></span> <span class='ocrx_word' id='word_1_239' title='bbox 506 2056 651 2111; x_wconf 90' lang='lat' dir='ltr'><strong>imminerent,</strong></span> <span class='ocrx_word' id='word_1_240' title='bbox 662 2078 693 2112; x_wconf 88' lang='lat' dir='ltr'><strong>ea,</strong></span> <span class='ocrx_word' id='word_1_241' title='bbox 704 2056 831 2115; x_wconf 87' lang='lat' dir='ltr'><strong>priusquam</strong></span> <span class='ocrx_word' id='word_1_242' title='bbox 840 2057 883 2105; x_wconf 86' lang='lat' dir='ltr'><strong>vita</strong></span> 
     </span>
     <span class='ocr_line' id='line_1_28' title="bbox 99 2129 798 2195; baseline 0.003 -19"><span class='ocrx_word' id='word_1_243' title='bbox 99 2129 219 2184; x_wconf 88' lang='lat' dir='ltr'><strong>decederet,</strong></span> <span class='ocrx_word' id='word_1_244' title='bbox 230 2131 342 2179; x_wconf 87' lang='lat' dir='ltr'><strong>indicaret.</strong></span> <span class='ocrx_word' id='word_1_245' title='bbox 374 2155 375 2158; x_wconf 41' lang='lat'>¹</span> <span class='ocrx_word' id='word_1_246' title='bbox 544 2136 564 2178; x_wconf 84' lang='grc'><strong>’.</strong></span> <span class='ocrx_word' id='word_1_247' title='bbox 776 2193 778 2195; x_wconf 12' lang='lat' dir='ltr'>v</span> <span class='ocrx_word' id='word_1_248' title='bbox 797 2175 798 2178; x_wconf 75' lang='grc'>,</span> 
     </span>
    </p>

    <p class='ocr_par' dir='ltr' id='par_1_9' title="bbox 100 2201 889 2334">
     <span class='ocr_line' id='line_1_29' title="bbox 142 2201 884 2260; baseline 0 -11"><span class='ocrx_word' id='word_1_249' title='bbox 142 2201 245 2260; x_wconf 89' lang='lat' dir='ltr'><strong>Denique</strong></span> <span class='ocrx_word' id='word_1_250' title='bbox 258 2202 326 2250; x_wconf 87' lang='lat' dir='ltr'><strong>veluti</strong></span> <span class='ocrx_word' id='word_1_251' title='bbox 340 2203 417 2260; x_wconf 90' lang='lat' dir='ltr'><strong>plenus</strong></span> <span class='ocrx_word' id='word_1_252' title='bbox 432 2203 473 2250; x_wconf 88' lang='lat' dir='ltr'><strong>deo</strong></span> <span class='ocrx_word' id='word_1_253' title='bbox 487 2204 510 2250; x_wconf 92' lang='lat' dir='ltr'><strong>in</strong></span> <span class='ocrx_word' id='word_1_254' title='bbox 524 2202 607 2250; x_wconf 89' lang='lat' dir='ltr'><strong>caelum</strong></span> <span class='ocrx_word' id='word_1_255' title='bbox 621 2214 665 2250; x_wconf 92' lang='lat' dir='ltr'><strong>tota</strong></span> <span class='ocrx_word' id='word_1_256' title='bbox 680 2214 752 2250; x_wconf 84' lang='lat' dir='ltr'><strong>mente</strong></span> <span class='ocrx_word' id='word_1_257' title='bbox 766 2203 884 2259; x_wconf 88' lang='lat' dir='ltr'><strong>suspiciens</strong></span> 
     </span>
     <span class='ocr_line' id='line_1_30' title="bbox 100 2273 889 2334; baseline 0.004 -13"><span class='ocrx_word' id='word_1_258' title='bbox 100 2273 127 2321; x_wconf 91' lang='lat' dir='ltr'><strong>ad</strong></span> <span class='ocrx_word' id='word_1_259' title='bbox 142 2274 215 2330; x_wconf 91' lang='lat' dir='ltr'><strong>deum,</strong></span> <span class='ocrx_word' id='word_1_260' title='bbox 224 2288 248 2324; x_wconf 89' lang='lat' dir='ltr'><strong>ut</strong></span> <span class='ocrx_word' id='word_1_261' title='bbox 256 2275 283 2325; x_wconf 91' lang='lat' dir='ltr'><strong>de</strong></span> <span class='ocrx_word' id='word_1_262' title='bbox 291 2295 314 2324; x_wconf 91' lang='lat' dir='ltr'><strong>se</strong></span> <span class='ocrx_word' id='word_1_263' title='bbox 322 2274 403 2330; x_wconf 88' lang='lat' dir='ltr'><strong>scribit,</strong></span> <span class='ocrx_word' id='word_1_264' title='bbox 412 2276 434 2324; x_wconf 92' lang='lat' dir='ltr'><strong>in</strong></span> <span class='ocrx_word' id='word_1_265' title='bbox 443 2275 495 2324; x_wconf 86' lang='lat' dir='ltr'><strong>haec</strong></span> <span class='ocrx_word' id='word_1_266' title='bbox 502 2275 567 2325; x_wconf 88' lang='lat' dir='ltr'><strong>verba</strong></span> <span class='ocrx_word' id='word_1_267' title='bbox 575 2275 652 2334; x_wconf 87' lang='lat' dir='ltr'><strong>inquit:</strong></span> <span class='ocrx_word' id='word_1_268' title='bbox 661 2291 670 2316; x_wconf 68' lang='lat' dir='ltr'><strong>t&lt;</strong></span> <span class='ocrx_word' id='word_1_269' title='bbox 678 2275 787 2332; x_wconf 88' lang='lat' dir='ltr'><strong>Quoniam</strong></span> <span class='ocrx_word' id='word_1_270' title='bbox 795 2275 889 2333; x_wconf 87' lang='lat' dir='ltr'><strong>quidem.</strong></span> 
     </span>
    </p>

    <p class='ocr_par' dir='ltr' id='par_1_10' title="bbox 61 2344 946 2626">
     <span class='ocr_line' id='line_1_31' title="bbox 61 2344 885 2412; baseline 0.007 -21"><span class='ocrx_word' id='word_1_271' title='bbox 61 2344 88 2392; x_wconf 83' lang='lat'><strong>30</strong></span> <span class='ocrx_word' id='word_1_272' title='bbox 105 2346 235 2396; x_wconf 87' lang='lat' dir='ltr'><strong>ludaeorum</strong></span> <span class='ocrx_word' id='word_1_273' title='bbox 246 2347 374 2397; x_wconf 76' lang='lat' dir='ltr'><strong>labefactare</strong></span> <span class='ocrx_word' id='word_1_274' title='bbox 384 2349 425 2396; x_wconf 90' lang='lat' dir='ltr'><strong>tibi</strong></span> <span class='ocrx_word' id='word_1_275' title='bbox 436 2368 478 2403; x_wconf 88' lang='lat' dir='ltr'><strong>res,</strong></span> <span class='ocrx_word' id='word_1_276' title='bbox 489 2361 571 2412; x_wconf 80' lang='lat' dir='ltr'><strong>creator</strong></span> <span class='ocrx_word' id='word_1_277' title='bbox 582 2348 688 2402; x_wconf 91' lang='lat' dir='ltr'><strong>omnium,</strong></span> <span class='ocrx_word' id='word_1_278' title='bbox 699 2347 787 2405; x_wconf 84' lang='lat' dir='ltr'><strong>placuit,</strong></span> <span class='ocrx_word' id='word_1_279' title='bbox 798 2346 885 2397; x_wconf 90' lang='lat' dir='ltr'><strong>fortuna</strong></span> 
     </span>
     <span class='ocr_line' id='line_1_32' title="bbox 101 2420 946 2485; baseline 0.005 -20"><span class='ocrx_word' id='word_1_280' title='bbox 101 2437 151 2466; x_wconf 89' lang='lat' dir='ltr'><strong>vero</strong></span> <span class='ocrx_word' id='word_1_281' title='bbox 163 2421 191 2468; x_wconf 86' lang='lat' dir='ltr'><strong>ad</strong></span> <span class='ocrx_word' id='word_1_282' title='bbox 203 2420 312 2468; x_wconf 87' lang='lat' dir='ltr'><strong>Romanos</strong></span> <span class='ocrx_word' id='word_1_283' title='bbox 323 2434 368 2485; x_wconf 87' lang='lat' dir='ltr'><strong>tota</strong></span> <span class='ocrx_word' id='word_1_284' title='bbox 380 2422 486 2479; x_wconf 82' lang='lat' dir='ltr'><strong>migravit,</strong></span> <span class='ocrx_word' id='word_1_285' title='bbox 498 2422 592 2469; x_wconf 88' lang='lat' dir='ltr'><strong>animam</strong></span> <span class='ocrx_word' id='word_1_286' title='bbox 603 2440 691 2480; x_wconf 90' lang='lat' dir='ltr'><strong>quoque</strong></span> <span class='ocrx_word' id='word_1_287' title='bbox 702 2440 772 2467; x_wconf 89' lang='lat' dir='ltr'><strong>meam</strong></span> <span class='ocrx_word' id='word_1_288' title='bbox 783 2439 839 2478; x_wconf 86' lang='lat' dir='ltr'><strong>quae</strong></span> <span class='ocrx_word' id='word_1_289' title='bbox 849 2420 884 2469; x_wconf 81' lang='lat' dir='ltr'><strong>fu·</strong></span> <span class='ocrx_word' id='word_1_290' title='bbox 945 2473 946 2476; x_wconf 11' lang='grc' dir='ltr'><strong>Ἴ</strong></span> 
     </span>
     <span class='ocr_line' id='line_1_33' title="bbox 101 2492 885 2553; baseline 0.005 -14"><span class='ocrx_word' id='word_1_291' title='bbox 101 2503 148 2540; x_wconf 92' lang='lat' dir='ltr'><strong>tura</strong></span> <span class='ocrx_word' id='word_1_292' title='bbox 163 2492 283 2551; x_wconf 88' lang='lat' dir='ltr'><strong>prediceret</strong></span> <span class='ocrx_word' id='word_1_293' title='bbox 297 2493 387 2553; x_wconf 82' lang='lat' dir='ltr'><strong>elegisti,</strong></span> <span class='ocrx_word' id='word_1_294' title='bbox 402 2494 459 2543; x_wconf 89' lang='lat' dir='ltr'><strong>dabo</strong></span> <span class='ocrx_word' id='word_1_295' title='bbox 473 2494 576 2543; x_wconf 85' lang='lat' dir='ltr'><strong>Romanis</strong></span> <span class='ocrx_word' id='word_1_296' title='bbox 590 2506 667 2552; x_wconf 87' lang='lat' dir='ltr'><strong>sponte</strong></span> <span class='ocrx_word' id='word_1_297' title='bbox 681 2514 757 2542; x_wconf 91' lang='lat' dir='ltr'><strong>manus</strong></span> <span class='ocrx_word' id='word_1_298' title='bbox 772 2505 793 2542; x_wconf 90' lang='lat' dir='ltr'><strong>et</strong></span> <span class='ocrx_word' id='word_1_299' title='bbox 806 2493 885 2543; x_wconf 89' lang='lat' dir='ltr'><strong>vivam.</strong></span> 
     </span>
     <span class='ocr_line' id='line_1_34' title="bbox 103 2563 886 2626; baseline 0.004 -14"><span class='ocrx_word' id='word_1_300' title='bbox 103 2563 129 2611; x_wconf 89' lang='lat' dir='ltr'><strong>ld</strong></span> <span class='ocrx_word' id='word_1_301' title='bbox 144 2578 217 2614; x_wconf 87' lang='lat' dir='ltr'><strong>tamen</strong></span> <span class='ocrx_word' id='word_1_302' title='bbox 232 2579 307 2621; x_wconf 87' lang='lat' dir='ltr'><strong>testor,</strong></span> <span class='ocrx_word' id='word_1_303' title='bbox 324 2567 384 2626; x_wconf 90' lang='lat' dir='ltr'><strong>quod</strong></span> <span class='ocrx_word' id='word_1_304' title='bbox 400 2588 444 2616; x_wconf 90' lang='lat' dir='ltr'><strong>non</strong></span> <span class='ocrx_word' id='word_1_305' title='bbox 460 2567 558 2626; x_wconf 84' lang='lat' dir='ltr'><strong>proditor</strong></span> <span class='ocrx_word' id='word_1_306' title='bbox 574 2567 612 2615; x_wconf 87' lang='lat' dir='ltr'><strong>sed</strong></span> <span class='ocrx_word' id='word_1_307' title='bbox 627 2579 677 2615; x_wconf 87' lang='lat' dir='ltr'><strong>tuus</strong></span> <span class='ocrx_word' id='word_1_308' title='bbox 694 2566 791 2619; x_wconf 88' lang='lat' dir='ltr'><strong>minister</strong></span> <span class='ocrx_word' id='word_1_309' title='bbox 805 2566 834 2615; x_wconf 90' lang='lat' dir='ltr'><strong>ad</strong></span> <span class='ocrx_word' id='word_1_310' title='bbox 849 2587 886 2615; x_wconf 90' lang='lat' dir='ltr'><strong>eos</strong></span> 
     </span>
    </p>

    <p class='ocr_par' dir='ltr' id='par_1_11' title="bbox 88 2636 886 2696">
     <span class='ocr_line' id='line_1_35' title="bbox 88 2636 886 2696; baseline 0.005 -14"><span class='ocrx_word' id='word_1_311' title='bbox 88 2636 145 2685; x_wconf 73' lang='lat' dir='ltr'><strong>vibo.</strong></span> <span class='ocrx_word' id='word_1_312' title='bbox 156 2655 165 2678; x_wconf 65' lang='lat' dir='ltr'><strong>r)</strong></span> <span class='ocrx_word' id='word_1_313' title='bbox 181 2639 221 2686; x_wconf 91' lang='lat' dir='ltr'><strong>His</strong></span> <span class='ocrx_word' id='word_1_314' title='bbox 236 2653 310 2687; x_wconf 87' lang='lat' dir='ltr'><strong>autem</strong></span> <span class='ocrx_word' id='word_1_315' title='bbox 325 2641 388 2687; x_wconf 92' lang='lat' dir='ltr'><strong>dictis</strong></span> <span class='ocrx_word' id='word_1_316' title='bbox 403 2640 521 2692; x_wconf 86' lang='lat' dir='ltr'><strong>Nichanori</strong></span> <span class='ocrx_word' id='word_1_317' title='bbox 536 2641 654 2687; x_wconf 87' lang='lat' dir='ltr'><strong>assentiens</strong></span> <span class='ocrx_word' id='word_1_318' title='bbox 669 2639 797 2696; x_wconf 89' lang='lat' dir='ltr'><strong>disponebat</strong></span> <span class='ocrx_word' id='word_1_319' title='bbox 811 2660 886 2694; x_wconf 87' lang='lat' dir='ltr'><strong>ascen·</strong></span> 
     </span>
    </p>
   </div>
   <div class='ocr_carea' id='block_1_5' title="bbox 63 2732 204 2745">
    <p class='ocr_par' dir='ltr' id='par_1_12' title="bbox 63 2732 204 2745">
     <span class='ocr_line' id='line_1_36' title="bbox 63 2732 204 2745; baseline 0 0"><span class='ocrx_word' id='word_1_320' title='bbox 63 2732 204 2745; x_wconf 39' lang='grc' dir='ltr'>Ἢ</span> 
     </span>
    </p>
   </div>
   <div class='ocr_carea' id='block_1_6' title="bbox 97 2771 408 2817">
    <p class='ocr_par' dir='ltr' id='par_1_13' title="bbox 97 2771 408 2817">
     <span class='ocr_line' id='line_1_37' title="bbox 97 2771 408 2817; baseline 0.023 -10"><span class='ocrx_word' id='word_1_321' title='bbox 97 2771 124 2807; x_wconf 82' lang='grc'><strong>29.</strong></span> <span class='ocrx_word' id='word_1_322' title='bbox 138 2772 201 2817; x_wconf 83' lang='lat' dir='ltr'><strong>loseph.</strong></span> <span class='ocrx_word' id='word_1_323' title='bbox 215 2776 256 2814; x_wconf 65' lang='lat' dir='ltr'><strong>eeu.</strong></span> <span class='ocrx_word' id='word_1_324' title='bbox 269 2776 306 2815; x_wconf 81' lang='lat' dir='ltr'><strong>Iud.</strong></span> <span class='ocrx_word' id='word_1_325' title='bbox 319 2774 348 2813; x_wconf 87' lang='lat'><strong>111.</strong></span> <span class='ocrx_word' id='word_1_326' title='bbox 361 2775 378 2812; x_wconf 89' lang='lat'><strong>8.</strong></span> <span class='ocrx_word' id='word_1_327' title='bbox 392 2775 408 2814; x_wconf 80' lang='lat'><strong>3.</strong></span> 
     </span>
    </p>
   </div>
   <div class='ocr_carea' id='block_1_7' title="bbox 62 2851 202 2864">
    <p class='ocr_par' dir='ltr' id='par_1_14' title="bbox 62 2851 202 2864">
     <span class='ocr_line' id='line_1_38' title="bbox 62 2851 202 2864; baseline 0 0"><span class='ocrx_word' id='word_1_328' title='bbox 62 2851 202 2864; x_wconf 30' lang='grc' dir='ltr'><strong>κῃ</strong></span> 
     </span>
    </p>
   </div>
   <div class='ocr_carea' id='block_1_8' title="bbox 103 2890 662 2946">
    <p class='ocr_par' dir='ltr' id='par_1_15' title="bbox 103 2890 662 2946">
     <span class='ocr_line' id='line_1_39' title="bbox 103 2890 662 2946; baseline 0.005 -14"><span class='ocrx_word' id='word_1_329' title='bbox 103 2890 132 2932; x_wconf 80' lang='grc'><strong>12.</strong></span> <span class='ocrx_word' id='word_1_330' title='bbox 148 2891 214 2935; x_wconf 89' lang='lat' dir='ltr'><strong>multis</strong></span> <span class='ocrx_word' id='word_1_331' title='bbox 228 2911 274 2935; x_wconf 81' lang='lat' dir='ltr'><strong>sscr.</strong></span> <span class='ocrx_word' id='word_1_332' title='bbox 329 2892 362 2935; x_wconf 82' lang='lat'><strong>20.</strong></span> <span class='ocrx_word' id='word_1_333' title='bbox 375 2891 415 2945; x_wconf 87' lang='lat' dir='ltr'><strong>a(c)</strong></span> <span class='ocrx_word' id='word_1_334' title='bbox 430 2910 453 2936; x_wconf 85' lang='lat' dir='ltr'><strong>ex</strong></span> <span class='ocrx_word' id='word_1_335' title='bbox 467 2892 518 2946; x_wconf 72' lang='lat' dir='ltr'><strong>e(t.³)</strong></span> <span class='ocrx_word' id='word_1_336' title='bbox 532 2898 600 2935; x_wconf 81' lang='lat' dir='ltr'><strong>statim</strong></span> <span class='ocrx_word' id='word_1_337' title='bbox 614 2909 662 2935; x_wconf 84' lang='lat' dir='ltr'><strong>corr.</strong></span> 
     </span>
    </p>
   </div>
   <div class='ocr_carea' id='block_1_9' title="bbox 0 0 1067 3253">
    <p class='ocr_par' dir='ltr' id='par_1_16' title="bbox 0 0 1067 3253">
     <span class='ocr_line' id='line_1_40' title="bbox 0 0 1067 3253; baseline 0 0"><span class='ocrx_word' id='word_1_338' title='bbox 0 0 1067 3253; x_wconf 95' lang='lat' dir='ltr'><strong> </strong></span> 
     </span>
    </p>
   </div>
  </div>
 </body>
</html>
