2093 3253
111 536 218 587 Siccoms
236 536 367 585 Potuuronr
388 535 458 585 Liar-:x
478 535 625 584 Scaurorum
648 534 787 583 Ituusmiun
836 564 838 566 ·

112 611 212 660 Ltumu
231 610 345 658 smeuaa
368 609 410 658 XV
437 608 543 658 Exxuerr
568 624 594 657 m
620 607 709 655 lucian
733 598 786 655 XVI

297 695 327 728 m
344 679 487 727 Potxnonun
505 678 590 727 Fruuu

121 916 232 966 Ciceronis
246 913 363 976 imaginem
383 916 463 976 posteri
484 916 512 964 ad
531 916 681 965 testimonium
702 915 812 975 dignitatis
833 914 863 962 ob

78 1011 112 1039 res
124 1010 212 1049 magnas
223 991 246 1038 in
258 1009 281 1037 re
292 989 379 1048 publica
390 1002 460 1048 gestas
471 1002 531 1037 veste
542 1008 651 1048 purpurea
662 988 813 1047 consulatique
825 988 862 1035 ha

78 1063 126 1110 bitu
140 1074 206 1120 atque
222 1062 246 1109 in
263 1063 333 1120 capite
350 1061 445 1110 lauream
462 1061 598 1119 epinxerunt.
617 1062 675 1109 Nam
693 1073 714 1109 et
731 1061 820 1114 Romae,
838 1072 863 1108 ut

79 1130 253 1189 memoravimus,
267 1134 344 1183 consul
362 1154 374 1182 e
390 1133 489 1183 manibus
505 1133 611 1182 Catilinae
626 1133 704 1200 urbem
713 1153 738 1182 ac
749 1151 795 1182 rem
805 1133 863 1191 pub-

52 1209 65 1259 5
81 1207 145 1257 licam
158 1206 257 1257 liberavit
271 1219 292 1256 et
311 1206 334 1264 in
356 1205 432 1256 Cilicia
445 1204 562 1265 proconsul
579 1218 649 1256 tantas
669 1203 702 1255 ies
721 1205 779 1256 bello
791 1205 864 1264 'gessit

78 1280 139 1340 quod
154 1278 256 1338 singulari
270 1299 310 1339 pro
323 1279 411 1329 bonore
418 1280 571 1338 imperatorem
584 1279 657 1339 ipsum
670 1279 775 1339 exercitus
788 1278 863 1345 appel<

79 1355 139 1407 laret;
160 1373 200 1401 nec
214 1352 342 1401 deluturum
359 1364 404 1400 erat
422 1365 447 1400 ut
463 1352 607 1410 triumpharet
625 1352 712 1400 decreto
730 1364 824 1405 senatus,
841 1346 863 1397 ni

80 1425 146 1474 modo
160 1445 216 1484 quae
229 1437 283 1474 tunc
291 1423 347 1473 lorte
356 1424 480 1473 oriebantur
489 1423 545 1472 bella
553 1423 623 1473 civilia
632 1423 780 1483 impedissent.
790 1423 864 1483 Atque

79 1496 134 1548 illud
148 1511 240 1553 constat,
252 1498 313 1557 quod
324 1517 370 1547 rem
381 1498 492 1556 publicam
502 1497 563 1547 civili
570 1510 665 1557 utroque
676 1497 734 1547 bello
744 1510 831 1556 togatus
842 1510 864 1545 et

41 1573 67 1620 l0
81 1572 170 1619 inermis
184 1571 288 1629 sapientia
301 1584 323 1618 et
338 1570 428 1618 consilio
441 1591 481 1619 suo
495 1591 522 1618 ne
536 1583 607 1619 rueret
621 1591 688 1629 quam
701 1570 772 1629 potuit
782 1570 864 1618 diutius

80 1643 202 1693 retardavit.
218 1643 278 1691 Haec
287 1643 377 1702 quidem
385 1656 451 1702 atque
459 1643 500 1692 alia
509 1663 565 1703 quae
574 1644 596 1692 in
606 1662 629 1692 re
638 1641 725 1702 publica
733 1654 785 1692 sunt
793 1642 821 1692 ab
830 1662 864 1697 eo,

79 1729 104 1765 ut
112 1716 220 1771 diximus,
235 1716 308 1765 animo
322 1715 373 1765 lorti
388 1729 409 1765 et
423 1718 530 1775 sapienter
544 1729 603 1775 gesta
613 1717 733 1776 plurimum
742 1717 865 1775 augendam

79 1790 108 1837 ad
122 1789 250 1848 dignitatem
263 1788 384 1837 valuerunt.
555 1786 556 1790 ¹

123 1861 168 1911 Sed
181 1861 266 1911 virtutis
281 1881 332 1911 suae
344 1881 369 1910 ac
381 1861 474 1911 nominis
487 1860 567 1912 lamam
579 1874 707 1923 perpetuam
719 1874 740 1911 et
752 1861 865 1911 immorta-

41 1937 67 1986 15
81 1937 125 1985 lem
140 1936 266 1985 memoriam
278 1935 396 1985 ellecerunt
408 1937 486 1995 scripta
499 1955 544 1991 sua,
557 1956 612 1996 quae
624 1937 678 1986 adeo
690 1935 759 1985 multa
770 1948 821 1986 sunt
832 1948 865 1984 at-

80 2031 123 2068 que
137 2009 232 2067 illustria
241 2010 302 2068 quod
314 2010 410 2067 extingui
424 2010 470 2057 eius
483 2010 586 2068 splendor
599 2022 706 2057 vetustate
719 2009 778 2057 nulla
791 2003 864 2057 videass

80 2084 116 2130 tur
129 2101 199 2141 posse.
214 2081 297 2129 Habuit
310 2081 375 2136 enim,
389 2094 414 2129 ut
427 2082 490 2129 docte
503 2101 528 2129 ac
541 2080 642 2130 facillime
668 2081 777 2136 scriberet,
792 2081 866 2129 omnia

80 2175 136 2215 quae
150 2167 239 2203 naturae
254 2173 350 2209 munere,
359 2174 415 2213 quae
422 2167 474 2209 arte,
484 2174 540 2213 quae
548 2155 699 2203 exercitatione
708 2155 779 2203 virum
787 2175 865 2213 quem-

80 2249 147 2285 quam
162 2240 268 2284 oratorem
283 2227 422 2274 excellentem
435 2247 460 2274 ac
474 2228 684 2283 praestantissimum
697 2227 784 2275 faciant.
798 2227 865 2280 Nam,

39 2299 68 2347 20
82 2299 143 2357 quod
157 2300 179 2347 in
194 2299 255 2347 omni
274 2317 300 2347 re
314 2298 452 2356 adipiscenda
470 2298 589 2356 plurimum
606 2296 692 2357 semper
709 2299 765 2348 valet
782 2311 804 2348 et
821 2299 866 2348 vim

81 2371 197 2421 maximam
211 2370 280 2425 affert,
294 2370 405 2429 ingenium
418 2384 506 2421 naturae
519 2372 577 2421 dono
590 2371 666 2422 habuit
679 2373 787 2432 optimum
799 2371 865 2421 adeo-

80 2465 124 2503 que
138 2444 244 2493 excellens
265 2457 286 2492 et
307 2457 434 2502 promptum
454 2457 478 2492 ut
499 2444 565 2493 facile
577 2465 721 2505 quaecunque
736 2445 800 2495 vellet
815 2465 866 2504 per-

81 2518 168 2576 ciperet,
185 2517 272 2572 diceret,
288 2516 398 2571 scriberet,
414 2530 521 2576 natusque
536 2518 624 2567 adeam
640 2537 727 2566 remae
743 2519 791 2577 ipso
800 2538 813 2566 a
823 2518 865 2566 deo

82 2589 160 2638 missus
175 2602 196 2638 et
211 2589 322 2637 institutus
334 2589 363 2637 ad
374 2588 471 2638 fructum
482 2602 504 2638 et
515 2589 589 2638 lumen
602 2590 737 2650 eloquentiae
748 2590 865 2640 videretur.

40 2660 68 2710 25
83 2662 135 2711 Νοη
150 2674 182 2711 est
202 2681 257 2721 opus
273 2680 399 2710 memorare·
408 2674 515 2721 quantum
530 2663 589 2718 artis,
602 2661 722 2718 taculutis,'
733 2662 812 2722 gratiae
828 2662 866 2711 lra-

81 2735 142 2791 beret
156 2735 209 2795 ipse,
225 2734 263 2794 qui
281 2735 333 2785 artis
351 2735 453 2795 princeps
470 2756 496 2785 ac
514 2756 613 2785 summus
632 2735 733 2795 magister
751 2736 867 2785 haberetur

80 2828 105 2855 ac
120 2821 183 2857 esset.
201 2807 276 2867 lpsum
293 2808 383 2867 quidem
400 2808 535 2867 eloquentiae
553 2809 642 2857 Latinae
659 2809 782 2867 principem
798 2808 868 2858 luisse

46 2903 183 2914 --—.—.

80 2953 99 2997 8.
113 2963 162 2999 tunc
171 2960 184 2999 ι’.
199 2970 222 3004 a:
237 2961 280 2998 erat
293 2963 344 2998 tum.
399 2953 431 3000 26.
447 2954 615 3013 habereturaci.
629 2974 654 3012 m.
669 2955 715 3001 edd.
