2093 3253
250 132 380 163 scnnronun
395 132 520 163 ntusmruu
533 143 546 149 -
560 132 618 162 rrum
632 132 676 163 xm.
833 116 871 163 355

83 311 84 314 Ἴ
101 272 104 275 ·
133 246 216 305 Populo
231 246 303 305 itaque
315 245 587 295 Romanoadconcionem
598 266 624 306 ex
635 245 710 294 ordine
720 265 745 294 ac
756 246 802 294 sine
815 260 874 296 metu

90 333 166 370 vocato
176 332 200 368 ut
211 340 266 379 quae
277 331 363 367 senatus
377 318 499 368 decreverat
512 319 648 379 approbaret,
659 332 709 368 ante
719 317 771 368 alios
781 319 805 369 P.
817 320 874 370 Len-

90 394 148 441 tulus
163 392 239 439 consul
249 392 300 449 egit3
310 404 360 449 post
370 412 421 439 eum
431 392 485 447 dixit
496 391 542 440 Gn.
551 386 667 450 Pompeius
678 412 718 439 nec
728 406 871 450 seauctorem

91 465 156 514 modo
171 481 247 517 verum
261 464 326 512 etiam
337 462 457 522 supplicem
468 463 549 522 populo
560 464 658 513 Romano
669 463 697 512 ad
707 464 799 529 salutem
810 464 872 515 Cice-

65 541 77 589 5
93 538 151 586 ronis
166 538 270 586 exhibuit.
279 538 383 596 Pompeio
395 538 485 596 quidem
497 559 541 585 non
553 538 641 596 gerendi
654 538 720 587 modo
730 538 781 587 belli
792 540 830 588 sed
842 540 876 588 di-

92 613 154 660 cendi
170 605 257 676 quoque
272 632 296 659 ac
311 611 416 659 suadendi
431 612 613 670 dissuadendique
627 625 696 660 artem
706 611 773 660 fuisse
783 625 875 662 constat.

92 686 130 732 Vir
145 705 231 743 nanque
245 682 287 733 luit
302 685 418 742 Pompeius
428 685 456 732 ad
466 684 538 732 omnia
548 704 632 733 summa
642 698 712 739 natus,
724 705 763 733 nec
774 685 873 748 dubium,

74 817 76 820 .
92 759 109 803 si
125 777 199 804 causas
214 775 276 814 agere
289 757 321 804 uti
334 756 390 803 bella
402 775 475 814 gerere
488 758 612 811 studuisset,
626 778 670 804 non
684 758 791 818 minorem
803 770 875 806 orator

93 830 115 877 in
130 828 178 878 loro
193 829 390 889 quamimperator
403 828 426 876 in
440 827 497 876 bello
511 828 601 887 gloriam
615 828 731 877 habuisset.
748 829 823 889 lpsum
836 850 876 877 au-

55 905 80 953 lO
94 916 139 950 tem
154 915 178 950 ut
193 915 328 950 revocaretur
340 901 417 949 Cicero
428 902 592 950 concionantem
612 902 736 963 principum
748 903 840 961 quisque
851 923 877 950 ac

94 975 150 1022 cives
166 974 217 1021 boni
232 974 326 1021 universi
343 974 366 1021 in
382 973 473 1021 eandem
489 974 618 1035 sententiam
634 974 702 1022 secuti
718 987 776 1022 sunt.
793 973 875 1023 Placuit

91 1047 152 1095 enim
167 1046 278 1094 Ciceronis
292 1046 367 1094 amicis
382 1046 409 1094 de
424 1046 495 1094 reditu
509 1046 555 1094 eius
569 1046 603 1105 agi
618 1067 669 1094 cum
683 1046 772 1106 populo,
787 1059 835 1095 tum
849 1041 878 1094 ne

48 1173 49 1176 Ἴ
94 1120 204 1178 popularis
218 1121 241 1168 in
256 1140 307 1168 eum
315 1119 432 1178 aliquando
450 1120 531 1187 invidia
540 1114 631 1168 oriretur
640 1132 661 1167 et
670 1132 717 1168 orta
725 1121 748 1168 in
757 1119 877 1178 periculum

93 1194 187 1241 traheret
203 1193 282 1251 ipsum,
299 1193 316 1239 si
333 1193 445 1240 restitutus
461 1193 507 1240 sine
523 1193 597 1250 populi
614 1197 727 1248 consensu,
744 1193 877 1257 auctoritate,

56 1267 80 1315 15
95 1264 176 1313 iudicio
190 1264 306 1319 videretur,
317 1278 365 1313 tum
378 1264 425 1312 uta
436 1264 516 1322 quibus
526 1265 628 1323 centuriis
639 1263 709 1312 fuerat
720 1256 798 1313 consul
806 1264 877 1322 desig-

95 1350 165 1392 natus,
180 1337 208 1386 ab
222 1337 361 1386 eisdemacta
371 1338 495 1387 consulatus
506 1339 552 1387 eius
562 1337 739 1397 approbarentur.

137 1410 219 1458 Civitas
233 1410 323 1469 quidem
340 1410 408 1458 Roma
425 1412 447 1459 in
465 1411 585 1459 revocando
601 1411 649 1469 ipso
665 1411 719 1460 adeo
736 1410 840 1459 laboravit
856 1423 879 1458 et

95 1502 199 1540 suspensa
213 1501 236 1529 re
246 1482 291 1530 ‘hac
306 1502 349 1530 una
361 1482 406 1530 luit
421 1495 446 1530 ut
462 1482 541 1531 multos
556 1483 584 1530 ad
600 1483 645 1531 dies
661 1495 726 1547 atque
741 1482 813 1541 quoad
827 1494 879 1530 sunt

95 1574 151 1612 quae
166 1554 248 1602 narravi
266 1553 361 1612 perlecta
379 1568 465 1604 senatus
483 1553 537 1603 nihil
554 1555 645 1609 civibus.
664 1554 717 1603 nihil
736 1550 806 1609 sociis,
825 1553 878 1603 nihil

55 1628 82 1675 20
97 1627 183 1685 regibus
199 1627 345 1686 responderet,
360 1627 414 1676 nihil
428 1628 510 1677 iudices
524 1627 642 1683 sententiis,
658 1627 711 1676 nihil
725 1626 819 1686 populus
833 1626 878 1677 sul-

95 1698 168 1759 fragiis
183 1699 306 1756 declararet,
327 1699 381 1750 nihil
401 1701 495 1761 denique
515 1700 603 1760 publici,
624 1699 678 1751 nihil
698 1700 775 1761 privati
796 1700 878 1760 negocii

96 1773 212 1831 quisquam
220 1773 347 1821 intenderet.
357 1774 406 1821 Hoc
417 1794 504 1832 nanque
512 1794 581 1822 unum
592 1775 615 1821 in
627 1774 737 1822 mentibus
749 1773 847 1822 omnium
858 1786 879 1821 et

96 1847 169 1896 studio
184 1847 314 1897 versabatur.
327 1848 507 1907 Populusautem
519 1861 579 1897 tanto
591 1869 642 1897 cum
654 1848 746 1904 silentio,
758 1861 817 1897 tanta
829 1867 880 1896 curn

96 1919 251 1979 approbatione
266 1920 304 1979 qui
319 1920 346 1969 de
361 1920 482 1969 revocando
496 1941 521 1969 ac
535 1920 659 1979 exornando
674 1919 779 1970 Cicerone
792 1920 879 1969 concio·
894 1934 896 1936 ·
919 1961 920 1965 ,

56 1991 83 2038 25
99 1986 201 2040 narentur
214 1993 297 2041 audivit
311 2006 336 2043 ut
352 1992 405 2041 nihil
421 1994 501 2052 gratius
516 1993 625 2042 videretur
639 1993 736 2042 accidere
746 1992 881 2042 audiendum

97 2065 141 2112 suis
155 2065 244 2114 auribus
255 2066 358 2124 potuisse.
371 2066 473 2124 Denique
484 2066 544 2124 quod
555 2079 641 2115 senatus
654 2066 775 2115 decreverat
786 2066 881 2114 inimicis

97 2137 243 2196 nequicquam
254 2138 418 2187 adversantibus
429 2139 556 2197 approbavit
569 2138 662 2198 populus
675 2158 781 2187 consensu
794 2158 879 2198 magno.
906 2165 908 2167 ·

98 2209 141 2265 Qui
155 2228 206 2258 vero
221 2211 309 2259 aderant
322 2224 371 2259 octo
383 2212 499 2260 e-tribunis
511 2232 536 2260 ac
548 2225 632 2270 septem
643 2225 768 2271 praetorum
779 2231 791 2259 e
803 2230 881 2259 nume*

97 2300 122 2329 ro
136 2282 307 2349 promulgarunt.
320 2283 396 2342 Populi
408 2296 482 2332 autern
494 2284 535 2332 hoc
547 2284 582 2332 die
594 2303 711 2333 concursus
723 2283 777 2332 adeo
789 2303 881 2342 magnus

56 2351 84 2400 30
98 2353 196 2414 adeoque
211 2354 314 2404 mirabilis
325 2353 367 2405 luit
378 2369 402 2405 ut
413 2355 511 2406 videatur
521 2370 619 2406 constare
630 2355 694 2406 nullis
705 2377 803 2417 unquam
813 2356 881 2406 eomi-

96 2427 134 2475 ciis
149 2449 252 2494 eampum
266 2428 372 2478 Martium
386 2442 445 2478 tanta
459 2429 588 2486 celebritate,
603 2442 662 2479 tanta
676 2429 804 2490 frequentia,
818 2441 881 2479 tanto

96 2501 211 2557 splendore
226 2504 297 2550 omnis
312 2504 395 2559 generis
411 2504 532 2557 hominum,
547 2515 649 2558 aetatum,
661 2504 763 2551 ordinum
773 2503 879 2551 floruisse.

138 2574 212 2634 Atque
226 2573 280 2624 illud
295 2587 326 2623 est
342 2574 487 2630 memorabile,
497 2576 557 2635 quod
565 2575 686 2625 rediturum
693 2576 722 2625 ad
729 2575 807 2624 urbem
817 2574 881 2624 Cice-

98 2664 174 2696 ronem
188 2648 233 2697 duo
247 2649 312 2697 etiam
327 2648 410 2697 somnia
425 2649 585 2707 praedixerunt.
601 2648 684 2706 Quinto
699 2649 758 2698 enim
773 2648 880 2702 Ciceroni,

57 2714 85 2764 35
100 2719 154 2767 dum
168 2719 284 2777 proconsul
297 2720 372 2767 Asiam
382 2720 496 2778 obtineret,
508 2720 590 2768 Romae
600 2733 673 2768 autem
683 2733 756 2768 noster
767 2720 843 2768 Cicero
854 2740 882 2773 ne

56 2837 198 2848 Ἣ

92 2905 119 2942 33.
132 2906 168 2944 Cic.
182 2910 219 2945 Diu.
233 2908 245 2943 Ι.
259 2908 319 2944 5869.
