2093 3253
271 226 403 259 scalmorum
418 226 546 259 rccusrmun
559 238 573 243 -
586 227 646 259 ciam
659 227 717 258 xvm.
862 208 902 259 507

118 339 178 397 quod
190 339 218 386 sit
229 337 363 396 elegantibus
375 339 438 387 dictis
451 339 551 397 plenum)
562 340 611 388 libri
624 351 727 398 quattuor
739 352 796 388 sunt.
812 339 847 387 De
859 339 905 387 Au-

119 430 155 461 reo
170 410 238 461 Asino
251 411 470 471 Methamorphoseos
482 411 548 460 libros
561 411 638 460 decem
649 410 708 460 lecit.

161 485 282 535 Memoriae
297 505 356 534 nunc
370 487 476 535 succurrit
499 486 642 545 agriculturae
666 486 774 545 magister,
798 484 905 535 Palladius

119 557 213 608 Rutilius
227 558 314 608 Taurus
329 559 463 608 Aemilianus
475 560 603 619 appellatus.
619 560 680 607 Libri
693 561 739 608 eius
752 560 780 608 de
793 559 825 608 Re
837 559 906 618 Agra-

90 631 104 680 5
119 632 150 680 ria
164 643 207 680 tres
222 650 287 689 supra
302 632 378 680 decem
392 644 443 681 sunt
458 652 483 681 ea
497 633 571 691 scripti
586 633 668 681 ratione
683 644 707 681 ut
722 632 760 691 qui
774 632 858 691 primus
873 644 906 681 est

118 702 179 758 liber,
191 704 208 751 is
220 704 350 752 documenta
361 704 466 762 generalia
477 704 561 758 habeat,
573 704 610 763 qui
622 723 673 752 vero
683 717 805 762 sequuntur
814 706 844 752 ita
854 716 906 753 sunt

118 775 228 824 distributi
243 788 268 823 ut
283 796 348 824 suum
361 776 454 835 quisque
467 776 522 825 liber
536 778 645 825 contineat
659 797 756 825 mensem
770 790 791 824 et
805 777 859 835 quid
882 778 905 824 in

118 869 143 897 eo
159 849 281 897 curandum
295 849 323 896 sit
337 868 364 897 ex
378 849 454 898 ordine
468 850 551 899 doceat.

159 922 270 980 Tempore
283 934 357 970 autem
369 943 414 970 urio
425 924 465 971 viri
477 937 520 971 tres
534 923 600 971 habiti
613 945 653 972 suo
665 924 688 971 in
700 943 778 981 genere
787 923 840 970 vclari
853 935 904 970 sunt

78 996 104 1044 10
119 994 227 1048 Donatus,
242 993 337 1049 Servius,
353 1007 374 1043 et
388 994 519 1044 Victorinus.
537 996 659 1053 Imperabat
673 1008 726 1043 tunc
742 994 837 1044 lulianus
852 1014 905 1052 apo-

117 1081 179 1116 stata.
192 1066 237 1115 Sed
249 1068 272 1115 in
286 1067 402 1115 Maronem
415 1067 517 1116 Donatus
528 1081 549 1115 et
562 1068 657 1121 Servius,
671 1067 732 1126 quod
744 1080 800 1115 esset
812 1079 903 1124 uterque

117 1139 269 1198 grammaticus
288 1139 365 1188 doctus
383 1152 404 1187 et
419 1140 575 1198 interpretandi
586 1132 662 1199 poetae
672 1138 798 1188 facultatem
808 1139 903 1193 haberet,

117 1211 241 1261 Victorinus
252 1224 332 1266 autem,
345 1212 383 1270 qui
395 1211 468 1260 rhetor
479 1223 541 1267 esset,
555 1213 577 1261 in
589 1211 718 1262 Ciceronem
730 1212 822 1270 scripsit.
835 1212 903 1260 Servii

117 1288 206 1344 quoque
221 1285 381 1334 Centimetrum
396 1297 460 1334 extat.
476 1286 513 1334 Sic
527 1286 586 1334 enim
600 1285 697 1344 appellat
709 1284 808 1334 libellum
821 1286 845 1333 in
859 1307 903 1344 quo

78 1358 103 1408 15
118 1377 196 1417 genera
210 1369 328 1406 metrorum
341 1369 421 1416 quanta
434 1358 506 1416 potuit
518 1358 623 1406 brevitate
636 1358 731 1416 digessit.
745 1357 905 1415 Hieronymum

117 1450 168 1479 vero
183 1431 283 1480 Donatus
298 1431 467 1489 grammaticam,
482 1430 607 1479 Victorinus
621 1431 751 1487 rhetoricam
765 1431 847 1479 docuit.

160 1503 236 1552 Postea
250 1522 301 1552 vero
314 1503 400 1552 Flavius
413 1503 515 1561 Vegetius
528 1504 623 1552 Renatus
636 1503 713 1551 illustri
726 1524 738 1551 e
749 1503 831 1552 familia
844 1504 904 1551 Con-

118 1575 258 1633 stantinopoli
268 1576 373 1623 oriundus
382 1594 428 1624 rem
438 1575 511 1623 docuit
521 1575 643 1624 militarem.
653 1576 692 1624 Vir
706 1596 792 1635 nanque
807 1576 842 1624 hic
851 1578 903 1624 doc-

116 1662 151 1698 tus
166 1648 189 1696 in
204 1648 280 1696 litteris
293 1645 335 1696 luit
348 1662 369 1697 et
381 1647 448 1697 libros
462 1647 489 1696 de
502 1647 534 1696 Re
547 1648 638 1697 lVlilitari
652 1661 754 1707 quattuor
766 1649 798 1698 ad.
807 1648 903 1697 Valenti·

73 1723 104 1772 20
119 1722 215 1776 nianum,
226 1721 264 1780 qui
273 1733 326 1769 tunc
335 1721 457 1778 imperaret,
468 1721 560 1778 scripsit.
570 1720 646 1768 Artem
656 1721 746 1779 quidem
755 1720 805 1769 belli
815 1720 903 1778 gerendi

117 1808 138 1842 et
152 1795 209 1841 terra
223 1806 244 1841 et
259 1789 312 1840 mari
328 1793 497 1850 haudquaquam
510 1805 535 1840 ut
549 1793 666 1841 Frontinus
681 1794 784 1851 exemplis
799 1794 838 1841 secl
851 1813 900 1851 pre-

39 1891 41 1896 ’
117 1868 185 1926 ceptis
200 1880 220 1915 et
235 1866 317 1915 ratione
331 1865 398 1914 dedit.

133 1946 135 1950 ’
159 1940 263 1998 Sequitur
278 1940 336 1987 hunc
349 1938 459 1993 Sidonius,
472 1939 505 1987 vir
517 1958 620 1996 generosa
631 1961 643 1986 e
655 1938 736 1987 familia
747 1949 813 1997 atque
821 1959 847 1987 ex
858 1940 902 1997 pri-

117 2012 211 2063 matibus
223 2011 350 2062 Galliarum.
363 2009 477 2060 Uxorluit
488 2011 522 2060 isti
534 2010 577 2060 filia
587 2011 647 2060 Aviti
658 2011 715 2061 illius
726 2012 754 2060 ad
765 2031 831 2071 quem
842 2012 903 2060 Mar-

73 2087 103 2136 25
118 2088 177 2136 tiano
190 2088 319 2145 imperatore
331 2085 402 2133 occiso
414 2084 483 2134 fasces
496 2085 580 2145 imperii
593 2085 688 2144 populus
701 2086 819 2141 Romanus,
832 2099 857 2134 ut
869 2082 902 2135 re-

117 2160 215 2207 stitueret
232 2158 305 2206 ltaliae
319 2157 403 2215 imperii
427 2159 508 2212 sedem,
532 2159 598 2206 misit.
621 2157 709 2217 Quippe
732 2179 835 2216 magnum
858 2172 902 2207 erat

118 2231 202 2281 Sidonii
218 2253 305 2284 nomen,
321 2251 398 2288 magna
412 2252 461 2290 spes
477 2230 570 2279 habendi
585 2230 678 2289 imperii,
694 2231 711 2279 si
727 2230 821 2281 consiliis
837 2231 903 2281 modo

117 2296 204 2353 fortuna
215 2303 310 2352 lavisset.
333 2303 377 2351 Sed
389 2304 494 2352 ardebant
505 2305 578 2352 omnia
588 2303 658 2358 bellis,
671 2304 731 2362 quod
743 2305 826 2363 magnis
837 2304 902 2353 undi-

117 2384 160 2437 que
174 2377 242 2435 copiis
257 2376 358 2435 plurique
371 2376 488 2435 imperium
502 2376 522 2424 vi
536 2389 558 2424 et
570 2377 643 2430 armis,
657 2377 675 2424 si
689 2377 736 2425 iure
748 2397 793 2425 non
806 2390 902 2435 possent,

73 2451 104 2499 30
118 2451 355 2508 arripereconarentur
369 2462 434 2507 atquc
449 2468 487 2497 sua
501 2467 541 2507 pro
555 2449 641 2498 licentia
655 2469 678 2497 se
692 2448 793 2497 Caesares
807 2448 903 2507 appella-

116 2535 171 2571 rent.
187 2521 289 2581 Denique
302 2522 379 2572 Avitus
392 2542 444 2570 curn
456 2534 530 2570 tenere
543 2542 586 2570 non
600 2535 679 2580 posset,
694 2535 715 2570 et
727 2540 786 2570 arma
800 2534 821 2570 et
833 2520 902 2570 fasces

44 2623 45 2626 =
109 2595 203 2653 'imperii
225 2595 298 2654 posuit
314 2615 387 2654 seque,
403 2607 428 2642 ut
443 2595 524 2643 viveret
539 2595 615 2648 tutius,
631 2595 698 2642 creari
713 2594 863 2642 Placentinum
878 2615 901 2643 e·
937 2641 941 2649 ,

115 2668 231 2726 piscopum
246 2667 377 2726 impetravit.
393 2666 601 2725 Sidoniusquoque
616 2666 684 2714 soceri
700 2666 789 2724 vestigia
804 2666 901 2715 imitatus

116 2740 192 2789 datum
216 2741 257 2788 sibi
280 2740 412 2790 Arvenatem
435 2741 458 2788 in
482 2739 553 2789 Gallia
578 2738 725 2800 praesulatum
750 2739 850 2798 sumpsit.
876 2739 901 2788 ld

72 2814 102 2863 35
118 2813 177 2866 enim
190 2814 278 2871 utrique
299 2815 370 2863 visum
392 2826 424 2862 est
444 2826 517 2862 tutum
531 2834 578 2862 esse
595 2814 651 2861 vitae
665 2812 797 2876 praesidium
818 2834 858 2860 nec
877 2833 901 2861 re

114 2994 147 3040 22.
161 2993 215 3040 dedit
229 3001 242 3040 ι’.
257 3014 282 3046 r.;
297 3015 320 3040 ex
334 2993 433 3051 docuitll)
448 3001 515 3042 statim
528 3013 581 3041 corr.
