2093 3253
143 185 183 229 332
440 196 533 228 srccouis
548 196 665 228 souauroui
731 205 733 207 v

166 348 169 352 ‹
183 315 283 364 omniurn
297 335 351 374 quas
365 326 448 372 gereret
462 313 573 362 conscium
587 315 660 372 ipsum
673 334 698 362 ae
712 314 840 371 participem
854 312 934 361 laceret
948 326 971 361 et

183 390 215 437 uti
230 387 360 445 Pompeium
377 405 482 444 generum
499 405 564 434 suum
582 386 660 435 habere
678 387 785 446 promisit.
804 383 890 444 Nempe
908 403 969 435 suam
1040 401 1042 442 ζ

183 462 207 510 in
221 475 305 520 partem
319 459 404 508 trahere
413 459 486 518 ipsum
496 479 628 518 quocunque
638 460 709 518 potuit
720 471 741 507 et
752 458 823 506 officio
833 471 854 507 et
864 458 969 507 beneficio
1041 482 1043 502 1

183 534 272 589 curavit,
289 533 380 588 studuit,
395 532 491 591 vigilavit
506 532 591 587 Caesar,
607 532 646 581 sed
666 532 772 581 recusavit
792 532 865 581 omnia
885 531 968 588 Cicero,

157 612 170 659 5
185 619 234 658 tum
249 628 276 656 ne
291 626 331 669 suo
345 627 357 654 e
372 619 429 654 statu
443 606 566 661 declinaret,
581 606 642 664 quod
655 626 680 654 ea
694 626 734 654 nec
748 606 823 654 decere
837 605 917 664 ipsum,
932 606 970 664 qui

182 694 239 731 esset
253 680 286 730 vir
300 679 426 735 consularis,
443 698 483 728 nec
499 698 553 738 quas
569 691 663 737 gesserat
679 678 762 735 consul,
779 678 844 726 rebus
855 678 970 727 convenire
988 674 1004 712 s
1045 693 1047 704 ³

183 754 280 814 putabat,
295 766 343 801 tum
358 752 424 801 etiam
434 773 462 800 ne
475 751 598 811 displiceret
614 753 762 811 optimatibus,
774 752 854 810 quibus
870 765 969 809 suspecta
1043 748 1045 750 ’

183 848 230 876 esse
244 825 316 875 studia
331 825 429 874 Caesaris
443 824 515 874 omnia
528 825 660 874 viderentur*

226 898 348 948 Hominum
362 897 422 947 enim
433 897 471 958 qui
481 911 530 947 tum
540 907 675 948 uersarentur
686 899 709 946 in
719 916 742 947 re
753 897 840 956 publica
851 909 872 946 et
883 910 969 947 senten-

144 976 170 1024 10
184 974 225 1022 tias
240 973 336 1022 dicerent
348 990 425 1030 genera
437 984 500 1020 erant
510 971 561 1020 duo:
574 971 688 1030 optimates
700 972 790 1031 quidem
801 971 886 1026 alteros,
899 991 969 1029 popu-

183 1047 237 1094 lares
251 1046 329 1093 alteros
343 1043 488 1102 appellabant.
504 1042 616 1091 Nominati
631 1045 746 1101 optimates
760 1056 821 1091 erant
835 1044 873 1101 qui
888 1043 968 1091 nemini

182 1119 311 1169 assentirent
320 1117 438 1177 quicquam
446 1116 506 1176 quod
513 1129 551 1166 aut
559 1137 605 1166 esse
613 1129 719 1177 turpeaut
727 1137 739 1165 e
747 1135 770 1165 re
780 1116 867 1176 publica
872 1138 917 1166 non
923 1137 968 1166 esse

156 1217 157 1220 ¹
183 1192 288 1248 viderent;
300 1190 415 1250 populares
426 1210 477 1240 vero
487 1203 538 1239 sunt
549 1191 608 1245 dicti,
619 1212 663 1239 non
674 1191 764 1249 quidem
774 1203 799 1239 ut
809 1203 887 1249 putant
898 1191 967 1245 multi,

183 1266 282 1314 homines
295 1285 307 1312 e
321 1263 404 1322 populo
416 1284 441 1312 ac
453 1263 516 1322 plebe
528 1264 579 1318 nati,
592 1283 668 1312 verum
680 1264 725 1323 qui,
738 1276 763 1312 ut
779 1263 876 1313 favorem
892 1264 967 1322 populi

144 1340 169 1387 15
185 1350 288 1394 emerent,
303 1356 372 1396 aeque
385 1336 457 1395 turpia
469 1356 494 1385 ac
507 1337 597 1386 honesta
610 1337 734 1395 petentibus
748 1335 913 1398 complacerent.
928 1336 968 1384 Ni-

134 1463 135 1466 *
184 1410 213 1459 bil
228 1411 287 1459 enim
302 1409 324 1457 bi
336 1408 430 1468 amplius
442 1429 509 1468 quam
520 1409 604 1467 placere
616 1408 705 1468 populo,
718 1422 742 1458 ut
753 1403 826 1457 essent
838 1409 917 1468 magni,
930 1429 968 1458 cu·

183 1484 269 1538 rabant:
281 1483 396 1540 optimates
412 1495 485 1530 autem
502 1502 574 1540 gerere
596 1503 619 1530 se
640 1484 669 1531 ita
693 1483 809 1531 studebant
833 1495 857 1531 ut
881 1475 968 1531 consilia

182 1576 221 1605 sua
236 1557 258 1604 in
273 1554 398 1613 republica
418 1555 508 1602 honesta
528 1567 599 1602 essent
618 1568 639 1602 et
659 1555 768 1603 bonorum
783 1555 868 1603 'civium
888 1555 968 1603 iudicio

183 1628 333 1688 probarentur.

141 1705 170 1752 20
226 1700 338 1761 Popularis
354 1700 443 1760 quidem
455 1716 504 1750 tum
517 1716 538 1750 et
551 1702 690 1760 reputabatur
704 1717 725 1750 et
738 1716 782 1750 erat
796 1704 882 1758 Caesam
894 1716 968 1751 contra

182 1796 233 1824 vero
246 1775 323 1824 Cicero
336 1775 359 1823 in
372 1775 502 1833 optimatum
515 1793 606 1824 numero
618 1775 745 1824 habebatur.
758 1775 846 1834 Quippe
859 1796 903 1823 non
915 1775 967 1823 late-

182 1850 219 1897 bat
234 1849 342 1897 intuentes
357 1845 463 1902 futurum,
477 1848 499 1896 ni
512 1847 602 1897 obviam
611 1847 685 1902 iretur,
699 1848 759 1907 quod
771 1847 858 1898 foedera
871 1849 968 1898 Caesaris

182 1924 200 1969 si
215 1934 303 1975 starent,
320 1933 406 1969 senatus
422 1921 549 1980 dignitatem
564 1940 695 1979 magnopere
710 1922 839 1975 minuerent:
855 1922 873 1969 si
888 1922 967 1970 rescin-

182 1995 291 2049 derentur,
315 1992 433 2041 discordias
455 1993 557 2042 maximas
577 1994 600 2042 in
623 2014 646 2043 re
666 1993 753 2052 publica
772 1993 924 2057 tumultusque
943 2015 968 2043 ac

140 2068 168 2118 25
184 2067 240 2117 bella
254 2065 324 2117 civilia
331 2067 456 2115 excitarent.
463 2067 556 2116 Proinde
568 2067 644 2116 Cicero
661 2067 827 2117 commonefecit
839 2068 967 2127 Pompeium

182 2161 252 2200 saepe,
259 2139 496 2199 primumneaffinitate
503 2139 967 2200 autsocietateullaseconiungeretCaesari‚

182 2215 260 2262 deinde
275 2214 313 2263 ubi
328 2225 403 2276 spreto
414 2212 504 2261 consilio
514 2233 554 2262 suo
564 2215 691 2262 coniunctos
702 2213 750 2261 illos
760 2226 782 2263 et
792 2213 879 2263 loedere
889 2227 911 2263 et
921 2214 966 2263 affi-

181 2286 248 2335 nitate
256 2286 318 2341 vidit,
327 2284 442 2334 admonuit
450 2297 534 2334 curarat
545 2285 574 2335 ita
585 2306 663 2336 eocum
674 2286 746 2336 vivere
757 2287 817 2346 quod
828 2307 853 2335 ea
864 2286 967 2336 coniunc-

181 2360 212 2409 tio
226 2359 359 2419 perduraret.
979 2418 981 2420 q

141 2434 169 2480 30
226 2433 270 2480 Sed
285 2431 376 2480 Clodius
388 2432 469 2480 interea
481 2452 531 2479 cum
543 2445 619 2493 suapte
631 2433 718 2492 ingenio
729 2446 751 2482 et
763 2434 794 2482 ira
806 2454 844 2482 sua
855 2435 905 2483 tum
915 2432 968 2483 alio-

182 2524 230 2553 rum
245 2504 326 2553 invidia
340 2516 362 2552 et
377 2504 428 2551 odio
443 2504 550 2559 incitatus,
565 2504 624 2553 aliud
637 2504 692 2554 nibil
706 2505 759 2562 dies,
774 2505 833 2556 aliud
846 2505 901 2556 nihil
915 2526 966 2556 noc·

181 2592 213 2627 tes
221 2578 328 2636 cogitabat
341 2597 408 2635 quam
420 2577 508 2625 insidias
520 2582 602 2626 strirere
614 2578 694 2637 quibus
707 2578 842 2635 Ciceronem,
854 2579 967 2628 inimicum

181 2671 253 2705 suum,
267 2662 305 2698 aut
319 2648 341 2697 vi
355 2661 393 2697 aut
406 2648 483 2697 fraude
501 2650 642 2699 subverteret.
660 2650 686 2699 ld
703 2650 813 2700 facturum
826 2670 849 2699 se
862 2651 925 2701 facile
943 2671 967 2699 ac

182 2722 302 2772 indubitate
314 2720 399 2779 putavit
410 2721 428 2768 si
440 2734 545 2780 potestate
556 2722 628 2781 aliqua
639 2723 662 2772 in
673 2741 697 2772 re
707 2723 795 2782 publica
806 2725 967 2782 presertim-aut

139 2796 168 2844 35
183 2793 290 2844 consulari
301 2805 338 2842 aut
347 2792 463 2842 tribunicia
474 2794 586 2852 potiretur,
598 2796 658 2855 quod
668 2795 742 2845 ulcisci
752 2796 858 2855 privatam
868 2796 968 2852 iniuriam
1017 2854 1019 2858 λ

182 2973 198 3015 Ι.
212 2970 263 3023 Lege
276 2970 346 3013 facere.
402 2968 434 3013 27.
448 2970 478 3015 Ex
493 2969 590 3026 ledaea)
604 2977 672 3015 statim
686 2990 737 3017 corr.
