<?xml version="1.0" encoding="UTF-8"?>
<!DOCTYPE html PUBLIC "-//W3C//DTD XHTML 1.0 Transitional//EN"
    "http://www.w3.org/TR/xhtml1/DTD/xhtml1-transitional.dtd">
<html xmlns="http://www.w3.org/1999/xhtml" xml:lang="en" lang="en">
 <head>
  <title>
</title>
<meta http-equiv="Content-Type" content="text/html;charset=utf-8" />
  <meta name='ocr-system' content='tesseract 3.04.00' />
  <meta name='ocr-capabilities' content='ocr_page ocr_carea ocr_par ocr_line ocrx_word'/>
</head>
<body>
  <div class='ocr_page' id='page_1' title='image "MN40033ucmf_2_0273.png"; bbox 0 0 2093 3253; ppageno 0'>
   <div class='ocr_carea' id='block_1_1' title="bbox 267 193 891 263">
    <p class='ocr_par' dir='ltr' id='par_1_1' title="bbox 267 193 891 263">
     <span class='ocr_line' id='line_1_1' title="bbox 267 193 891 263; baseline 0 -27"><span class='ocrx_word' id='word_1_1' title='bbox 267 206 396 236; x_wconf 77' lang='lat' dir='ltr'>scurronum</span> <span class='ocrx_word' id='word_1_2' title='bbox 411 205 536 236; x_wconf 75' lang='lat' dir='ltr'>uuusuumu</span> <span class='ocrx_word' id='word_1_3' title='bbox 549 217 563 222; x_wconf 92' lang='lat'>—</span> <span class='ocrx_word' id='word_1_4' title='bbox 577 205 635 235; x_wconf 77' lang='grc' dir='ltr'>ιιιιιιι</span> <span class='ocrx_word' id='word_1_5' title='bbox 649 205 685 234; x_wconf 90' lang='lat' dir='ltr'>vu.</span> <span class='ocrx_word' id='word_1_6' title='bbox 851 193 891 263; x_wconf 62' lang='lat'>1329</span> 
     </span>
    </p>
   </div>
   <div class='ocr_carea' id='block_1_2' title="bbox 42 318 936 2561">
    <p class='ocr_par' dir='ltr' id='par_1_2' title="bbox 145 318 888 382">
     <span class='ocr_line' id='line_1_2' title="bbox 145 318 888 382; baseline -0.007 -10"><span class='ocrx_word' id='word_1_7' title='bbox 145 325 195 382; x_wconf 91' lang='lat' dir='ltr'>lpso</span> <span class='ocrx_word' id='word_1_8' title='bbox 207 333 280 371; x_wconf 89' lang='lat' dir='ltr'>autem</span> <span class='ocrx_word' id='word_1_9' title='bbox 293 321 315 368; x_wconf 91' lang='lat' dir='ltr'>in</span> <span class='ocrx_word' id='word_1_10' title='bbox 327 321 419 368; x_wconf 90' lang='lat' dir='ltr'>transitu</span> <span class='ocrx_word' id='word_1_11' title='bbox 430 318 527 377; x_wconf 78' lang='lat' dir='ltr'>Alpium,</span> <span class='ocrx_word' id='word_1_12' title='bbox 541 339 592 369; x_wconf 89' lang='lat' dir='ltr'>cum</span> <span class='ocrx_word' id='word_1_13' title='bbox 604 338 630 367; x_wconf 85' lang='lat' dir='ltr'>ex</span> <span class='ocrx_word' id='word_1_14' title='bbox 642 319 740 367; x_wconf 85' lang='lat' dir='ltr'>citeriore</span> <span class='ocrx_word' id='word_1_15' title='bbox 753 318 823 367; x_wconf 87' lang='lat' dir='ltr'>Gallia</span> <span class='ocrx_word' id='word_1_16' title='bbox 835 339 888 367; x_wconf 88' lang='lat' dir='ltr'>con-</span> 
     </span>
    </p>

    <p class='ocr_par' dir='ltr' id='par_1_3' title="bbox 42 390 891 596">
     <span class='ocr_line' id='line_1_3' title="bbox 42 390 891 460; baseline -0.009 -12"><span class='ocrx_word' id='word_1_17' title='bbox 42 451 43 454; x_wconf 54' lang='grc'>,</span> <span class='ocrx_word' id='word_1_18' title='bbox 102 397 202 448; x_wconf 87' lang='lat' dir='ltr'>ventibus</span> <span class='ocrx_word' id='word_1_19' title='bbox 217 392 309 454; x_wconf 79' lang='lat' dir='ltr'>peractis</span> <span class='ocrx_word' id='word_1_20' title='bbox 318 392 347 441; x_wconf 86' lang='lat' dir='ltr'>ad</span> <span class='ocrx_word' id='word_1_21' title='bbox 356 392 474 446; x_wconf 85' lang='lat' dir='ltr'>exercitum</span> <span class='ocrx_word' id='word_1_22' title='bbox 484 392 570 448; x_wconf 87' lang='lat' dir='ltr'>rediret,</span> <span class='ocrx_word' id='word_1_23' title='bbox 580 391 647 441; x_wconf 87' lang='lat' dir='ltr'>libros</span> <span class='ocrx_word' id='word_1_24' title='bbox 658 392 713 460; x_wconf 89' lang='lat' dir='ltr'>duos</span> <span class='ocrx_word' id='word_1_25' title='bbox 723 392 751 440; x_wconf 92' lang='lat' dir='ltr'>ad</span> <span class='ocrx_word' id='word_1_26' title='bbox 761 390 891 440; x_wconf 87' lang='lat' dir='ltr'>Ciceronem</span> 
     </span>
     <span class='ocr_line' id='line_1_4' title="bbox 103 463 890 523; baseline -0.01 -6"><span class='ocrx_word' id='word_1_27' title='bbox 103 471 130 517; x_wconf 91' lang='lat' dir='ltr'>de</span> <span class='ocrx_word' id='word_1_28' title='bbox 146 464 250 523; x_wconf 72' lang='lat' dir='ltr'>Analogia</span> <span class='ocrx_word' id='word_1_29' title='bbox 267 476 288 511; x_wconf 91' lang='lat' dir='ltr'>et</span> <span class='ocrx_word' id='word_1_30' title='bbox 306 464 388 511; x_wconf 88' lang='lat' dir='ltr'>ratione</span> <span class='ocrx_word' id='word_1_31' title='bbox 406 463 482 510; x_wconf 79' lang='lat' dir='ltr'>Latine</span> <span class='ocrx_word' id='word_1_32' title='bbox 499 463 603 522; x_wconf 89' lang='lat' dir='ltr'>loquendi</span> <span class='ocrx_word' id='word_1_33' title='bbox 619 464 779 511; x_wconf 80' lang='lat' dir='ltr'>accuratissime</span> <span class='ocrx_word' id='word_1_34' title='bbox 796 463 890 520; x_wconf 85' lang='lat' dir='ltr'>scripsit.</span> 
     </span>
     <span class='ocr_line' id='line_1_5' title="bbox 103 534 891 596; baseline -0.006 -8"><span class='ocrx_word' id='word_1_35' title='bbox 103 540 175 589; x_wconf 90' lang='lat' dir='ltr'>Primo</span> <span class='ocrx_word' id='word_1_36' title='bbox 183 555 270 596; x_wconf 87' lang='lat' dir='ltr'>nanque</span> <span class='ocrx_word' id='word_1_37' title='bbox 279 535 302 583; x_wconf 93' lang='lat' dir='ltr'>in</span> <span class='ocrx_word' id='word_1_38' title='bbox 311 534 367 583; x_wconf 89' lang='lat' dir='ltr'>libro</span> <span class='ocrx_word' id='word_1_39' title='bbox 376 534 428 584; x_wconf 90' lang='lat' dir='ltr'>dicit</span> <span class='ocrx_word' id='word_1_40' title='bbox 437 534 572 595; x_wconf 87' lang='lat' dir='ltr'>eloquentiae</span> <span class='ocrx_word' id='word_1_41' title='bbox 581 535 687 594; x_wconf 81' lang='lat' dir='ltr'>originem</span> <span class='ocrx_word' id='word_1_42' title='bbox 694 534 811 584; x_wconf 90' lang='lat' dir='ltr'>verborum</span> <span class='ocrx_word' id='word_1_43' title='bbox 820 534 891 583; x_wconf 89' lang='lat' dir='ltr'>delec-</span> 
     </span>
    </p>

    <p class='ocr_par' dir='ltr' id='par_1_4' title="bbox 77 607 892 957">
     <span class='ocr_line' id='line_1_6' title="bbox 77 607 892 668; baseline -0.005 -8"><span class='ocrx_word' id='word_1_44' title='bbox 77 616 90 665; x_wconf 85' lang='grc'>5</span> <span class='ocrx_word' id='word_1_45' title='bbox 105 628 152 661; x_wconf 90' lang='lat' dir='ltr'>tum</span> <span class='ocrx_word' id='word_1_46' title='bbox 165 627 211 659; x_wconf 88' lang='lat' dir='ltr'>esse</span> <span class='ocrx_word' id='word_1_47' title='bbox 223 607 433 668; x_wconf 76' lang='lat' dir='ltr'>commonefacitque</span> <span class='ocrx_word' id='word_1_48' title='bbox 445 608 537 657; x_wconf 90' lang='lat' dir='ltr'>verbum</span> <span class='ocrx_word' id='word_1_49' title='bbox 548 607 643 657; x_wconf 89' lang='lat' dir='ltr'>insolens</span> <span class='ocrx_word' id='word_1_50' title='bbox 655 629 694 657; x_wconf 88' lang='lat' dir='ltr'>seu</span> <span class='ocrx_word' id='word_1_51' title='bbox 705 607 831 668; x_wconf 81' lang='lat' dir='ltr'>infrequens</span> <span class='ocrx_word' id='word_1_52' title='bbox 844 630 892 656; x_wconf 87' lang='lat' dir='ltr'>esse</span> 
     </span>
     <span class='ocr_line' id='line_1_7' title="bbox 103 679 891 742; baseline -0.005 -9"><span class='ocrx_word' id='word_1_53' title='bbox 103 699 206 742; x_wconf 88' lang='lat' dir='ltr'>tanquam</span> <span class='ocrx_word' id='word_1_54' title='bbox 221 680 336 739; x_wconf 90' lang='lat' dir='ltr'>scopulum</span> <span class='ocrx_word' id='word_1_55' title='bbox 349 679 486 739; x_wconf 77' lang='lat' dir='ltr'>fugiendum.</span> <span class='ocrx_word' id='word_1_56' title='bbox 501 680 542 727; x_wconf 86' lang='lat' dir='ltr'>His</span> <span class='ocrx_word' id='word_1_57' title='bbox 556 698 607 729; x_wconf 92' lang='lat' dir='ltr'>vero</span> <span class='ocrx_word' id='word_1_58' title='bbox 621 681 643 728; x_wconf 94' lang='lat' dir='ltr'>in</span> <span class='ocrx_word' id='word_1_59' title='bbox 657 680 725 736; x_wconf 87' lang='lat' dir='ltr'>libris,</span> <span class='ocrx_word' id='word_1_60' title='bbox 740 681 783 739; x_wconf 85' lang='lat' dir='ltr'>qui</span> <span class='ocrx_word' id='word_1_61' title='bbox 793 693 851 735; x_wconf 92' lang='lat' dir='ltr'>sunt,</span> <span class='ocrx_word' id='word_1_62' title='bbox 866 694 891 729; x_wconf 92' lang='lat' dir='ltr'>ut</span> 
     </span>
     <span class='ocr_line' id='line_1_8' title="bbox 105 753 891 818; baseline -0.004 -14"><span class='ocrx_word' id='word_1_63' title='bbox 105 757 155 810; x_wconf 84' lang='lat' dir='ltr'>dixi,</span> <span class='ocrx_word' id='word_1_64' title='bbox 168 756 195 803; x_wconf 91' lang='lat' dir='ltr'>de</span> <span class='ocrx_word' id='word_1_65' title='bbox 207 753 311 811; x_wconf 74' lang='lat' dir='ltr'>Analogia</span> <span class='ocrx_word' id='word_1_66' title='bbox 322 753 350 801; x_wconf 92' lang='lat' dir='ltr'>ad</span> <span class='ocrx_word' id='word_1_67' title='bbox 362 753 491 818; x_wconf 85' lang='lat' dir='ltr'>Ciceronem</span> <span class='ocrx_word' id='word_1_68' title='bbox 502 753 607 811; x_wconf 89' lang='lat' dir='ltr'>inscripti,</span> <span class='ocrx_word' id='word_1_69' title='bbox 619 765 640 801; x_wconf 90' lang='lat' dir='ltr'>et</span> <span class='ocrx_word' id='word_1_70' title='bbox 652 753 762 811; x_wconf 90' lang='lat' dir='ltr'>quandam</span> <span class='ocrx_word' id='word_1_71' title='bbox 773 753 845 802; x_wconf 89' lang='lat' dir='ltr'>verbis</span> <span class='ocrx_word' id='word_1_72' title='bbox 858 773 891 801; x_wconf 84' lang='lat' dir='ltr'>ra·</span> 
     </span>
     <span class='ocr_line' id='line_1_9' title="bbox 104 826 892 886; baseline -0.004 -8"><span class='ocrx_word' id='word_1_73' title='bbox 104 832 186 878; x_wconf 88' lang='lat' dir='ltr'>tionem</span> <span class='ocrx_word' id='word_1_74' title='bbox 196 826 296 876; x_wconf 87' lang='lat' dir='ltr'>adhibuit</span> <span class='ocrx_word' id='word_1_75' title='bbox 307 840 328 874; x_wconf 91' lang='lat' dir='ltr'>et</span> <span class='ocrx_word' id='word_1_76' title='bbox 339 847 394 886; x_wconf 88' lang='lat' dir='ltr'>quae</span> <span class='ocrx_word' id='word_1_77' title='bbox 405 839 506 885; x_wconf 91' lang='lat' dir='ltr'>corrupta</span> <span class='ocrx_word' id='word_1_78' title='bbox 522 839 543 874; x_wconf 87' lang='lat' dir='ltr'>et</span> <span class='ocrx_word' id='word_1_79' title='bbox 560 827 636 875; x_wconf 91' lang='lat' dir='ltr'>vitiosa</span> <span class='ocrx_word' id='word_1_80' title='bbox 652 827 739 875; x_wconf 90' lang='lat' dir='ltr'>dicendi</span> <span class='ocrx_word' id='word_1_81' title='bbox 755 828 892 875; x_wconf 90' lang='lat' dir='ltr'>consuetudo</span> 
     </span>
     <span class='ocr_line' id='line_1_10' title="bbox 104 895 892 957; baseline -0.004 -7"><span class='ocrx_word' id='word_1_82' title='bbox 104 895 166 956; x_wconf 82' lang='lat' dir='ltr'>esset,</span> <span class='ocrx_word' id='word_1_83' title='bbox 183 921 230 949; x_wconf 90' lang='lat' dir='ltr'>eam</span> <span class='ocrx_word' id='word_1_84' title='bbox 246 918 300 957; x_wconf 90' lang='lat' dir='ltr'>pura</span> <span class='ocrx_word' id='word_1_85' title='bbox 315 899 473 957; x_wconf 85' lang='lat' dir='ltr'>emendataque</span> <span class='ocrx_word' id='word_1_86' title='bbox 488 898 534 957; x_wconf 80' lang='lat' dir='ltr'>lege</span> <span class='ocrx_word' id='word_1_87' title='bbox 550 899 648 947; x_wconf 83' lang='lat' dir='ltr'>correxit.</span> <span class='ocrx_word' id='word_1_88' title='bbox 665 898 765 948; x_wconf 87' lang='lat' dir='ltr'>Ciceroni</span> <span class='ocrx_word' id='word_1_89' title='bbox 780 912 853 947; x_wconf 89' lang='lat' dir='ltr'>autem</span> <span class='ocrx_word' id='word_1_90' title='bbox 869 901 892 947; x_wconf 90' lang='lat' dir='ltr'>id</span> 
     </span>
    </p>

    <p class='ocr_par' dir='ltr' id='par_1_5' title="bbox 65 970 904 1177">
     <span class='ocr_line' id='line_1_11' title="bbox 65 970 904 1055; baseline -0.002 -32"><span class='ocrx_word' id='word_1_91' title='bbox 65 977 91 1026; x_wconf 85' lang='grc'>10</span> <span class='ocrx_word' id='word_1_92' title='bbox 103 973 174 1055; x_wconf 59' lang='lat' dir='ltr'>,laudis</span> <span class='ocrx_word' id='word_1_93' title='bbox 181 971 286 1026; x_wconf 82' lang='lat' dir='ltr'>attribuit,</span> <span class='ocrx_word' id='word_1_94' title='bbox 294 971 354 1030; x_wconf 90' lang='lat' dir='ltr'>quod</span> <span class='ocrx_word' id='word_1_95' title='bbox 361 992 411 1020; x_wconf 93' lang='lat' dir='ltr'>eum</span> <span class='ocrx_word' id='word_1_96' title='bbox 418 992 462 1019; x_wconf 90' lang='lat' dir='ltr'>non</span> <span class='ocrx_word' id='word_1_97' title='bbox 470 970 541 1020; x_wconf 89' lang='lat' dir='ltr'>solum</span> <span class='ocrx_word' id='word_1_98' title='bbox 546 971 668 1030; x_wconf 86' lang='lat' dir='ltr'>principem</span> <span class='ocrx_word' id='word_1_99' title='bbox 680 985 745 1031; x_wconf 88' lang='lat' dir='ltr'>atque</span> <span class='ocrx_word' id='word_1_100' title='bbox 756 972 891 1021; x_wconf 87' lang='lat' dir='ltr'>inventorem</span> <span class='ocrx_word' id='word_1_101' title='bbox 902 1024 904 1026; x_wconf 70' lang='grc'><strong>,</strong></span> 
     </span>
     <span class='ocr_line' id='line_1_12' title="bbox 104 1043 891 1106; baseline 0 -11"><span class='ocrx_word' id='word_1_102' title='bbox 104 1046 178 1106; x_wconf 89' lang='lat' dir='ltr'>copiae</span> <span class='ocrx_word' id='word_1_103' title='bbox 193 1044 297 1100; x_wconf 90' lang='lat' dir='ltr'>nominet,</span> <span class='ocrx_word' id='word_1_104' title='bbox 310 1066 365 1104; x_wconf 89' lang='lat' dir='ltr'>quae</span> <span class='ocrx_word' id='word_1_105' title='bbox 376 1045 452 1104; x_wconf 90' lang='lat' dir='ltr'>utique</span> <span class='ocrx_word' id='word_1_106' title='bbox 463 1043 509 1093; x_wconf 87' lang='lat' dir='ltr'>laus</span> <span class='ocrx_word' id='word_1_107' title='bbox 520 1058 565 1093; x_wconf 91' lang='lat' dir='ltr'>erat</span> <span class='ocrx_word' id='word_1_108' title='bbox 576 1065 660 1103; x_wconf 84' lang='lat' dir='ltr'>magna,</span> <span class='ocrx_word' id='word_1_109' title='bbox 671 1064 748 1094; x_wconf 91' lang='lat' dir='ltr'>verum</span> <span class='ocrx_word' id='word_1_110' title='bbox 759 1045 824 1094; x_wconf 92' lang='lat' dir='ltr'>etiam</span> <span class='ocrx_word' id='word_1_111' title='bbox 834 1045 891 1095; x_wconf 88' lang='lat' dir='ltr'>bene</span> 
     </span>
     <span class='ocr_line' id='line_1_13' title="bbox 105 1116 764 1202; baseline -0.002 -35"><span class='ocrx_word' id='word_1_112' title='bbox 105 1120 206 1167; x_wconf 91' lang='lat' dir='ltr'>meritum</span> <span class='ocrx_word' id='word_1_113' title='bbox 215 1119 242 1167; x_wconf 90' lang='lat' dir='ltr'>de</span> <span class='ocrx_word' id='word_1_114' title='bbox 250 1117 326 1177; x_wconf 89' lang='lat' dir='ltr'>populi</span> <span class='ocrx_word' id='word_1_115' title='bbox 334 1118 427 1166; x_wconf 89' lang='lat' dir='ltr'>Romani</span> <span class='ocrx_word' id='word_1_116' title='bbox 436 1118 524 1166; x_wconf 92' lang='lat' dir='ltr'>nomine</span> <span class='ocrx_word' id='word_1_117' title='bbox 532 1138 556 1166; x_wconf 93' lang='lat' dir='ltr'>ac</span> <span class='ocrx_word' id='word_1_118' title='bbox 565 1117 669 1176; x_wconf 81' lang='lat' dir='ltr'>dignitate</span> <span class='ocrx_word' id='word_1_119' title='bbox 677 1116 764 1202; x_wconf 86' lang='lat' dir='ltr'>latetur.</span> 
     </span>
    </p>

    <p class='ocr_par' dir='ltr' id='par_1_6' title="bbox 105 1174 892 1322">
     <span class='ocr_line' id='line_1_14' title="bbox 147 1174 892 1273; baseline 0 -34"><span class='ocrx_word' id='word_1_120' title='bbox 147 1190 253 1273; x_wconf 82' lang='lat' dir='ltr'>Epistolas</span> <span class='ocrx_word' id='word_1_121' title='bbox 268 1209 319 1239; x_wconf 90' lang='lat' dir='ltr'>vero</span> <span class='ocrx_word' id='word_1_122' title='bbox 333 1189 448 1238; x_wconf 81' lang='lat' dir='ltr'>familiares</span> <span class='ocrx_word' id='word_1_123' title='bbox 462 1202 484 1238; x_wconf 93' lang='lat' dir='ltr'>et</span> <span class='ocrx_word' id='word_1_124' title='bbox 498 1191 586 1248; x_wconf 89' lang='lat' dir='ltr'>privatis</span> <span class='ocrx_word' id='word_1_125' title='bbox 601 1190 628 1237; x_wconf 91' lang='lat' dir='ltr'>de</span> <span class='ocrx_word' id='word_1_126' title='bbox 642 1190 706 1238; x_wconf 90' lang='lat' dir='ltr'>rebus</span> <span class='ocrx_word' id='word_1_127' title='bbox 720 1174 750 1238; x_wconf 83' lang='lat' dir='ltr'>ad</span> <span class='ocrx_word' id='word_1_128' title='bbox 763 1190 892 1239; x_wconf 88' lang='lat' dir='ltr'>Ciceronem</span> 
     </span>
     <span class='ocr_line' id='line_1_15' title="bbox 105 1261 891 1322; baseline 0 -10"><span class='ocrx_word' id='word_1_129' title='bbox 105 1277 125 1312; x_wconf 90' lang='lat' dir='ltr'>et</span> <span class='ocrx_word' id='word_1_130' title='bbox 135 1264 215 1312; x_wconf 89' lang='lat' dir='ltr'>amicos</span> <span class='ocrx_word' id='word_1_131' title='bbox 226 1276 247 1311; x_wconf 87' lang='lat' dir='ltr'>et</span> <span class='ocrx_word' id='word_1_132' title='bbox 257 1263 285 1312; x_wconf 91' lang='lat' dir='ltr'>de</span> <span class='ocrx_word' id='word_1_133' title='bbox 294 1282 318 1311; x_wconf 86' lang='lat' dir='ltr'>re</span> <span class='ocrx_word' id='word_1_134' title='bbox 327 1262 414 1322; x_wconf 89' lang='lat' dir='ltr'>publica</span> <span class='ocrx_word' id='word_1_135' title='bbox 424 1262 452 1311; x_wconf 87' lang='lat' dir='ltr'>ad</span> <span class='ocrx_word' id='word_1_136' title='bbox 462 1275 561 1311; x_wconf 85' lang='lat' dir='ltr'>senatum</span> <span class='ocrx_word' id='word_1_137' title='bbox 572 1261 650 1311; x_wconf 89' lang='lat' dir='ltr'>multas</span> <span class='ocrx_word' id='word_1_138' title='bbox 661 1283 792 1322; x_wconf 81' lang='lat' dir='ltr'>magnasque</span> <span class='ocrx_word' id='word_1_139' title='bbox 802 1284 827 1312; x_wconf 90' lang='lat' dir='ltr'>ac</span> <span class='ocrx_word' id='word_1_140' title='bbox 837 1264 891 1312; x_wconf 90' lang='lat' dir='ltr'>deli</span> 
     </span>
    </p>

    <p class='ocr_par' dir='ltr' id='par_1_7' title="bbox 66 1334 891 1685">
     <span class='ocr_line' id='line_1_16' title="bbox 66 1334 891 1386; baseline -0.001 0"><span class='ocrx_word' id='word_1_141' title='bbox 66 1337 91 1386; x_wconf 81' lang='grc'>15</span> <span class='ocrx_word' id='word_1_142' title='bbox 107 1349 178 1384; x_wconf 87' lang='lat' dir='ltr'>matas</span> <span class='ocrx_word' id='word_1_143' title='bbox 188 1335 255 1385; x_wconf 86' lang='lat' dir='ltr'>dedit.</span> <span class='ocrx_word' id='word_1_144' title='bbox 267 1336 352 1384; x_wconf 85' lang='lat' dir='ltr'>Primus</span> <span class='ocrx_word' id='word_1_145' title='bbox 364 1336 423 1384; x_wconf 89' lang='lat' dir='ltr'>enim</span> <span class='ocrx_word' id='word_1_146' title='bbox 433 1336 462 1383; x_wconf 91' lang='lat' dir='ltr'>ad</span> <span class='ocrx_word' id='word_1_147' title='bbox 473 1349 572 1384; x_wconf 88' lang='lat' dir='ltr'>senatum</span> <span class='ocrx_word' id='word_1_148' title='bbox 583 1356 634 1383; x_wconf 91' lang='lat' dir='ltr'>cum</span> <span class='ocrx_word' id='word_1_149' title='bbox 646 1336 748 1384; x_wconf 88' lang='lat' dir='ltr'>scriberet</span> <span class='ocrx_word' id='word_1_150' title='bbox 759 1336 787 1384; x_wconf 91' lang='lat' dir='ltr'>ad</span> <span class='ocrx_word' id='word_1_151' title='bbox 798 1334 891 1385; x_wconf 76' lang='lat' dir='ltr'>formam</span> 
     </span>
     <span class='ocr_line' id='line_1_17' title="bbox 106 1405 891 1467; baseline 0.001 -11"><span class='ocrx_word' id='word_1_152' title='bbox 106 1408 234 1456; x_wconf 86' lang='lat' dir='ltr'>memorialis</span> <span class='ocrx_word' id='word_1_153' title='bbox 250 1407 317 1456; x_wconf 86' lang='lat' dir='ltr'>libelli</span> <span class='ocrx_word' id='word_1_154' title='bbox 333 1407 433 1467; x_wconf 90' lang='lat' dir='ltr'>epistolas</span> <span class='ocrx_word' id='word_1_155' title='bbox 450 1405 533 1456; x_wconf 91' lang='lat' dir='ltr'>misisse</span> <span class='ocrx_word' id='word_1_156' title='bbox 549 1407 624 1462; x_wconf 76' lang='lat' dir='ltr'>fertur,</span> <span class='ocrx_word' id='word_1_157' title='bbox 641 1428 692 1455; x_wconf 90' lang='lat' dir='ltr'>cum</span> <span class='ocrx_word' id='word_1_158' title='bbox 707 1409 819 1467; x_wconf 66' lang='lat' dir='ltr'>prius&#39;qui</span> <span class='ocrx_word' id='word_1_159' title='bbox 838 1430 891 1457; x_wconf 86' lang='lat' dir='ltr'>con-</span> 
     </span>
     <span class='ocr_line' id='line_1_18' title="bbox 106 1480 891 1540; baseline 0.003 -12"><span class='ocrx_word' id='word_1_160' title='bbox 106 1481 161 1528; x_wconf 90' lang='lat' dir='ltr'>sules</span> <span class='ocrx_word' id='word_1_161' title='bbox 171 1482 236 1539; x_wconf 90' lang='lat' dir='ltr'>quive</span> <span class='ocrx_word' id='word_1_162' title='bbox 245 1480 290 1528; x_wconf 88' lang='lat' dir='ltr'>ullo</span> <span class='ocrx_word' id='word_1_163' title='bbox 299 1481 321 1528; x_wconf 90' lang='lat' dir='ltr'>in</span> <span class='ocrx_word' id='word_1_164' title='bbox 331 1481 456 1539; x_wconf 81' lang='lat' dir='ltr'>magistratu</span> <span class='ocrx_word' id='word_1_165' title='bbox 464 1481 493 1528; x_wconf 89' lang='lat' dir='ltr'>ad</span> <span class='ocrx_word' id='word_1_166' title='bbox 501 1494 601 1529; x_wconf 90' lang='lat' dir='ltr'>senatum</span> <span class='ocrx_word' id='word_1_167' title='bbox 609 1481 728 1539; x_wconf 88' lang='lat' dir='ltr'>quicquam</span> <span class='ocrx_word' id='word_1_168' title='bbox 737 1482 764 1529; x_wconf 89' lang='lat' dir='ltr'>de</span> <span class='ocrx_word' id='word_1_169' title='bbox 773 1499 795 1529; x_wconf 90' lang='lat' dir='ltr'>re</span> <span class='ocrx_word' id='word_1_170' title='bbox 804 1482 891 1540; x_wconf 84' lang='lat' dir='ltr'>publica</span> 
     </span>
     <span class='ocr_line' id='line_1_19' title="bbox 106 1553 891 1613; baseline 0.004 -12"><span class='ocrx_word' id='word_1_171' title='bbox 106 1554 223 1603; x_wconf 90' lang='lat' dir='ltr'>scriberent</span> <span class='ocrx_word' id='word_1_172' title='bbox 238 1553 297 1603; x_wconf 88' lang='lat' dir='ltr'>haud</span> <span class='ocrx_word' id='word_1_173' title='bbox 311 1553 404 1613; x_wconf 90' lang='lat' dir='ltr'>amplius</span> <span class='ocrx_word' id='word_1_174' title='bbox 420 1553 513 1602; x_wconf 90' lang='lat' dir='ltr'>scribere</span> <span class='ocrx_word' id='word_1_175' title='bbox 529 1574 595 1613; x_wconf 87' lang='lat' dir='ltr'>quam</span> <span class='ocrx_word' id='word_1_176' title='bbox 610 1566 730 1603; x_wconf 87' lang='lat' dir='ltr'>transversa</span> <span class='ocrx_word' id='word_1_177' title='bbox 746 1555 820 1603; x_wconf 89' lang='lat' dir='ltr'>charta</span> <span class='ocrx_word' id='word_1_178' title='bbox 835 1555 891 1604; x_wconf 88' lang='lat' dir='ltr'>sole</span> 
     </span>
     <span class='ocr_line' id='line_1_20' title="bbox 105 1626 891 1685; baseline 0.003 -11"><span class='ocrx_word' id='word_1_179' title='bbox 105 1640 159 1675; x_wconf 90' lang='lat' dir='ltr'>rent.</span> <span class='ocrx_word' id='word_1_180' title='bbox 175 1628 277 1676; x_wconf 86' lang='lat' dir='ltr'>Primus</span> <span class='ocrx_word' id='word_1_181' title='bbox 271 1641 324 1675; x_wconf 84' lang='lat' dir='ltr'>rtem</span> <span class='ocrx_word' id='word_1_182' title='bbox 335 1628 427 1676; x_wconf 89' lang='lat' dir='ltr'>traditur</span> <span class='ocrx_word' id='word_1_183' title='bbox 438 1626 505 1675; x_wconf 77' lang='lat' dir='ltr'>luisse</span> <span class='ocrx_word' id='word_1_184' title='bbox 516 1648 553 1685; x_wconf 88' lang='lat' dir='ltr'>qur</span> <span class='ocrx_word' id='word_1_185' title='bbox 548 1627 593 1675; x_wconf 89' lang='lat' dir='ltr'>ad</span> <span class='ocrx_word' id='word_1_186' title='bbox 604 1646 638 1674; x_wconf 91' lang='lat' dir='ltr'>res</span> <span class='ocrx_word' id='word_1_187' title='bbox 650 1627 773 1675; x_wconf 87' lang='lat' dir='ltr'>scribendas</span> <span class='ocrx_word' id='word_1_188' title='bbox 785 1628 891 1676; x_wconf 90' lang='lat' dir='ltr'>occultius</span> 
     </span>
    </p>

    <p class='ocr_par' dir='ltr' id='par_1_8' title="bbox 64 1698 638 1754">
     <span class='ocr_line' id='line_1_21' title="bbox 64 1698 638 1754; baseline 0.004 -9"><span class='ocrx_word' id='word_1_189' title='bbox 64 1698 92 1745; x_wconf 84' lang='lat'>20</span> <span class='ocrx_word' id='word_1_190' title='bbox 107 1699 212 1754; x_wconf 79' lang='lat' dir='ltr'>situatis,</span> <span class='ocrx_word' id='word_1_191' title='bbox 228 1698 268 1748; x_wconf 83' lang='lat' dir='ltr'>hoc</span> <span class='ocrx_word' id='word_1_192' title='bbox 283 1712 315 1748; x_wconf 89' lang='lat' dir='ltr'>est</span> <span class='ocrx_word' id='word_1_193' title='bbox 329 1698 353 1748; x_wconf 91' lang='lat' dir='ltr'>lit</span> <span class='ocrx_word' id='word_1_194' title='bbox 344 1700 404 1748; x_wconf 90' lang='lat' dir='ltr'>tteris</span> <span class='ocrx_word' id='word_1_195' title='bbox 419 1699 563 1754; x_wconf 82' lang='lat' dir='ltr'>commutatis,</span> <span class='ocrx_word' id='word_1_196' title='bbox 578 1718 638 1748; x_wconf 91' lang='lat' dir='ltr'>usus</span> 
     </span>
    </p>

    <p class='ocr_par' dir='ltr' id='par_1_9' title="bbox 104 1759 891 2050">
     <span class='ocr_line' id='line_1_22' title="bbox 146 1759 890 1837; baseline 0.003 -17"><span class='ocrx_word' id='word_1_197' title='bbox 146 1772 261 1821; x_wconf 90' lang='lat' dir='ltr'>Orationes</span> <span class='ocrx_word' id='word_1_198' title='bbox 274 1786 348 1821; x_wconf 88' lang='lat' dir='ltr'>autem</span> <span class='ocrx_word' id='word_1_199' title='bbox 359 1786 380 1821; x_wconf 90' lang='lat' dir='ltr'>et</span> <span class='ocrx_word' id='word_1_200' title='bbox 392 1774 414 1820; x_wconf 94' lang='lat' dir='ltr'>in</span> <span class='ocrx_word' id='word_1_201' title='bbox 425 1770 473 1820; x_wconf 80' lang='lat' dir='ltr'>loro</span> <span class='ocrx_word' id='word_1_202' title='bbox 484 1772 605 1837; x_wconf 85' lang='lat' dir='ltr'>adiudices</span> <span class='ocrx_word' id='word_1_203' title='bbox 616 1785 637 1820; x_wconf 90' lang='lat' dir='ltr'>et</span> <span class='ocrx_word' id='word_1_204' title='bbox 649 1773 671 1820; x_wconf 92' lang='lat' dir='ltr'>in</span> <span class='ocrx_word' id='word_1_205' title='bbox 683 1774 742 1821; x_wconf 88' lang='lat' dir='ltr'>curia</span> <span class='ocrx_word' id='word_1_206' title='bbox 752 1774 780 1821; x_wconf 90' lang='lat' dir='ltr'>ad</span> <span class='ocrx_word' id='word_1_207' title='bbox 791 1759 890 1822; x_wconf 85' lang='lat' dir='ltr'>senatum</span> 
     </span>
     <span class='ocr_line' id='line_1_23' title="bbox 105 1844 890 1907; baseline 0.003 -15"><span class='ocrx_word' id='word_1_208' title='bbox 105 1845 161 1907; x_wconf 83' lang='lat' dir='ltr'>etin</span> <span class='ocrx_word' id='word_1_209' title='bbox 174 1866 251 1904; x_wconf 92' lang='lat' dir='ltr'>campo</span> <span class='ocrx_word' id='word_1_210' title='bbox 263 1845 291 1893; x_wconf 88' lang='lat' dir='ltr'>ad</span> <span class='ocrx_word' id='word_1_211' title='bbox 309 1844 416 1905; x_wconf 89' lang='lat' dir='ltr'>populum</span> <span class='ocrx_word' id='word_1_212' title='bbox 433 1858 454 1892; x_wconf 86' lang='lat' dir='ltr'>et</span> <span class='ocrx_word' id='word_1_213' title='bbox 472 1845 495 1893; x_wconf 90' lang='lat' dir='ltr'>in</span> <span class='ocrx_word' id='word_1_214' title='bbox 508 1845 581 1893; x_wconf 88' lang='lat' dir='ltr'>castris</span> <span class='ocrx_word' id='word_1_215' title='bbox 600 1844 628 1892; x_wconf 93' lang='lat' dir='ltr'>ad</span> <span class='ocrx_word' id='word_1_216' title='bbox 641 1844 719 1893; x_wconf 89' lang='lat' dir='ltr'>milites</span> <span class='ocrx_word' id='word_1_217' title='bbox 732 1845 807 1894; x_wconf 88' lang='lat' dir='ltr'>habuit</span> <span class='ocrx_word' id='word_1_218' title='bbox 823 1848 890 1905; x_wconf 80' lang='lat' dir='ltr'>scrip-</span> 
     </span>
     <span class='ocr_line' id='line_1_24' title="bbox 104 1918 890 1977; baseline 0.006 -15"><span class='ocrx_word' id='word_1_219' title='bbox 104 1918 276 1975; x_wconf 85' lang='lat' dir='ltr'>tasquealiquas</span> <span class='ocrx_word' id='word_1_220' title='bbox 291 1936 366 1965; x_wconf 91' lang='lat' dir='ltr'>earum</span> <span class='ocrx_word' id='word_1_221' title='bbox 380 1919 408 1965; x_wconf 92' lang='lat' dir='ltr'>ad</span> <span class='ocrx_word' id='word_1_222' title='bbox 423 1918 572 1965; x_wconf 90' lang='lat' dir='ltr'>testimonium</span> <span class='ocrx_word' id='word_1_223' title='bbox 587 1918 680 1971; x_wconf 88' lang='lat' dir='ltr'>virtutis,</span> <span class='ocrx_word' id='word_1_224' title='bbox 701 1932 726 1965; x_wconf 88' lang='lat' dir='ltr'>ut</span> <span class='ocrx_word' id='word_1_225' title='bbox 744 1919 837 1966; x_wconf 90' lang='lat' dir='ltr'>solerent</span> <span class='ocrx_word' id='word_1_226' title='bbox 853 1921 890 1977; x_wconf 90' lang='lat' dir='ltr'>qui</span> 
     </span>
     <span class='ocr_line' id='line_1_25' title="bbox 105 1989 891 2050; baseline 0.006 -14"><span class='ocrx_word' id='word_1_227' title='bbox 105 1990 182 2048; x_wconf 79' lang='lat' dir='ltr'>egregii</span> <span class='ocrx_word' id='word_1_228' title='bbox 197 2004 290 2039; x_wconf 87' lang='lat' dir='ltr'>oratores</span> <span class='ocrx_word' id='word_1_229' title='bbox 305 2004 382 2045; x_wconf 89' lang='lat' dir='ltr'>essent,</span> <span class='ocrx_word' id='word_1_230' title='bbox 398 1989 491 2049; x_wconf 88' lang='lat' dir='ltr'>reliquit.</span> <span class='ocrx_word' id='word_1_231' title='bbox 506 1990 584 2049; x_wconf 88' lang='lat' dir='ltr'>Neque</span> <span class='ocrx_word' id='word_1_232' title='bbox 598 2009 648 2038; x_wconf 88' lang='lat' dir='ltr'>vero</span> <span class='ocrx_word' id='word_1_233' title='bbox 662 1991 685 2038; x_wconf 92' lang='lat' dir='ltr'>in</span> <span class='ocrx_word' id='word_1_234' title='bbox 699 1991 824 2050; x_wconf 89' lang='lat' dir='ltr'>perorandis</span> <span class='ocrx_word' id='word_1_235' title='bbox 843 2012 891 2041; x_wconf 83' lang='lat' dir='ltr'>ora-</span> 
     </span>
    </p>

    <p class='ocr_par' dir='ltr' id='par_1_10' title="bbox 64 2062 936 2415">
     <span class='ocr_line' id='line_1_26' title="bbox 64 2062 891 2124; baseline 0.007 -15"><span class='ocrx_word' id='word_1_236' title='bbox 64 2062 91 2109; x_wconf 81' lang='grc'>25</span> <span class='ocrx_word' id='word_1_237' title='bbox 106 2063 201 2113; x_wconf 88' lang='lat' dir='ltr'>tionibus</span> <span class='ocrx_word' id='word_1_238' title='bbox 220 2082 297 2123; x_wconf 90' lang='lat' dir='ltr'>parum</span> <span class='ocrx_word' id='word_1_239' title='bbox 315 2064 403 2112; x_wconf 88' lang='lat' dir='ltr'>honoris</span> <span class='ocrx_word' id='word_1_240' title='bbox 422 2076 443 2111; x_wconf 93' lang='lat' dir='ltr'>et</span> <span class='ocrx_word' id='word_1_241' title='bbox 461 2064 540 2122; x_wconf 84' lang='lat' dir='ltr'>gratiae</span> <span class='ocrx_word' id='word_1_242' title='bbox 558 2064 697 2122; x_wconf 83' lang='lat' dir='ltr'>comparavit.</span> <span class='ocrx_word' id='word_1_243' title='bbox 716 2064 808 2124; x_wconf 85' lang='lat' dir='ltr'>Quippe</span> <span class='ocrx_word' id='word_1_244' title='bbox 822 2067 891 2115; x_wconf 85' lang='lat' dir='ltr'>oratio</span> 
     </span>
     <span class='ocr_line' id='line_1_27' title="bbox 105 2136 890 2197; baseline 0.005 -15"><span class='ocrx_word' id='word_1_245' title='bbox 105 2137 149 2183; x_wconf 86' lang='lat' dir='ltr'>eius</span> <span class='ocrx_word' id='word_1_246' title='bbox 164 2138 223 2195; x_wconf 90' lang='lat' dir='ltr'>apud</span> <span class='ocrx_word' id='word_1_247' title='bbox 238 2145 313 2184; x_wconf 91' lang='lat' dir='ltr'>omnes</span> <span class='ocrx_word' id='word_1_248' title='bbox 327 2137 508 2185; x_wconf 82' lang='lat' dir='ltr'>valuitmultum.</span> <span class='ocrx_word' id='word_1_249' title='bbox 523 2136 567 2184; x_wconf 80' lang='lat' dir='ltr'>Se&#39;d</span> <span class='ocrx_word' id='word_1_250' title='bbox 579 2137 663 2184; x_wconf 89' lang='lat' dir='ltr'>animos</span> <span class='ocrx_word' id='word_1_251' title='bbox 677 2137 772 2185; x_wconf 91' lang='lat' dir='ltr'>militum</span> <span class='ocrx_word' id='word_1_252' title='bbox 784 2158 890 2197; x_wconf 88' lang='lat' dir='ltr'>saepenu-</span> 
     </span>
     <span class='ocr_line' id='line_1_28' title="bbox 98 2209 889 2284; baseline 0.003 -28"><span class='ocrx_word' id='word_1_253' title='bbox 98 2227 164 2257; x_wconf 57' lang='lat' dir='ltr'>*mero</span> <span class='ocrx_word' id='word_1_254' title='bbox 179 2209 272 2258; x_wconf 91' lang='lat' dir='ltr'>dicendo</span> <span class='ocrx_word' id='word_1_255' title='bbox 280 2210 335 2258; x_wconf 91' lang='lat' dir='ltr'>adeo</span> <span class='ocrx_word' id='word_1_256' title='bbox 350 2210 456 2264; x_wconf 85' lang='lat' dir='ltr'>excitavit,</span> <span class='ocrx_word' id='word_1_257' title='bbox 466 2210 571 2265; x_wconf 88' lang='lat' dir='ltr'>accendit,</span> <span class='ocrx_word' id='word_1_258' title='bbox 581 2209 722 2259; x_wconf 85' lang='lat' dir='ltr'>inflammavit</span> <span class='ocrx_word' id='word_1_259' title='bbox 731 2211 791 2284; x_wconf 85' lang='lat' dir='ltr'>quod</span> <span class='ocrx_word' id='word_1_260' title='bbox 800 2212 889 2270; x_wconf 90' lang='lat' dir='ltr'>periculi</span> 
     </span>
     <span class='ocr_line' id='line_1_29' title="bbox 104 2282 936 2343; baseline 0.005 -14"><span class='ocrx_word' id='word_1_261' title='bbox 104 2282 174 2330; x_wconf 90' lang='lat' dir='ltr'>omnis</span> <span class='ocrx_word' id='word_1_262' title='bbox 184 2283 321 2331; x_wconf 88' lang='lat' dir='ltr'>immemores</span> <span class='ocrx_word' id='word_1_263' title='bbox 331 2283 434 2343; x_wconf 90' lang='lat' dir='ltr'>letique</span> <span class='ocrx_word' id='word_1_264' title='bbox 420 2304 445 2331; x_wconf 90' lang='lat' dir='ltr'>ac</span> <span class='ocrx_word' id='word_1_265' title='bbox 454 2283 588 2333; x_wconf 85' lang='lat' dir='ltr'>exultantes</span> <span class='ocrx_word' id='word_1_266' title='bbox 582 2304 605 2332; x_wconf 91' lang='lat' dir='ltr'>m</span> <span class='ocrx_word' id='word_1_267' title='bbox 614 2283 682 2332; x_wconf 91' lang='lat' dir='ltr'>aciem</span> <span class='ocrx_word' id='word_1_268' title='bbox 692 2296 712 2332; x_wconf 91' lang='lat' dir='ltr'>et</span> <span class='ocrx_word' id='word_1_269' title='bbox 721 2304 817 2343; x_wconf 83' lang='lat' dir='ltr'>pugnam</span> <span class='ocrx_word' id='word_1_270' title='bbox 826 2285 890 2335; x_wconf 80' lang='lat' dir='ltr'>irent</span> <span class='ocrx_word' id='word_1_271' title='bbox 933 2313 936 2315; x_wconf 75' lang='lat'>,</span> 
     </span>
     <span class='ocr_line' id='line_1_30' title="bbox 104 2354 890 2418; baseline 0.006 -17"><span class='ocrx_word' id='word_1_272' title='bbox 104 2354 204 2403; x_wconf 73' lang='lat' dir='ltr'>Armatos</span> <span class='ocrx_word' id='word_1_273' title='bbox 217 2377 305 2418; x_wconf 85' lang='lat' dir='ltr'>quoque</span> <span class='ocrx_word' id='word_1_274' title='bbox 317 2357 345 2404; x_wconf 91' lang='lat' dir='ltr'>ad</span> <span class='ocrx_word' id='word_1_275' title='bbox 357 2356 486 2405; x_wconf 89' lang='lat' dir='ltr'>seditionem</span> <span class='ocrx_word' id='word_1_276' title='bbox 498 2356 594 2405; x_wconf 91' lang='lat' dir='ltr'>milites</span> <span class='ocrx_word' id='word_1_277' title='bbox 588 2358 677 2405; x_wconf 91' lang='lat' dir='ltr'>mermis</span> <span class='ocrx_word' id='word_1_278' title='bbox 691 2358 738 2415; x_wconf 88' lang='lat' dir='ltr'>ipse</span> <span class='ocrx_word' id='word_1_279' title='bbox 753 2370 818 2415; x_wconf 89' lang='lat' dir='ltr'>atque</span> <span class='ocrx_word' id='word_1_280' title='bbox 834 2358 890 2406; x_wconf 86' lang='lat' dir='ltr'>inter</span> 
     </span>
    </p>

    <p class='ocr_par' dir='ltr' id='par_1_11' title="bbox 64 2416 890 2561">
     <span class='ocr_line' id='line_1_31' title="bbox 64 2416 890 2489; baseline 0.013 -20"><span class='ocrx_word' id='word_1_281' title='bbox 64 2423 92 2471; x_wconf 79' lang='lat'>30</span> <span class='ocrx_word' id='word_1_282' title='bbox 107 2416 186 2475; x_wconf 88' lang='lat' dir='ltr'>multos</span> <span class='ocrx_word' id='word_1_283' title='bbox 198 2427 256 2477; x_wconf 91' lang='lat' dir='ltr'>solus</span> <span class='ocrx_word' id='word_1_284' title='bbox 269 2427 378 2477; x_wconf 91' lang='lat' dir='ltr'>dicendo</span> <span class='ocrx_word' id='word_1_285' title='bbox 373 2442 402 2477; x_wconf 82' lang='lat' dir='ltr'>ita</span> <span class='ocrx_word' id='word_1_286' title='bbox 414 2429 541 2488; x_wconf 88' lang='lat' dir='ltr'>compressit</span> <span class='ocrx_word' id='word_1_287' title='bbox 554 2442 578 2478; x_wconf 90' lang='lat' dir='ltr'>ut</span> <span class='ocrx_word' id='word_1_288' title='bbox 590 2429 628 2488; x_wconf 88' lang='lat' dir='ltr'>qui</span> <span class='ocrx_word' id='word_1_289' title='bbox 641 2429 707 2488; x_wconf 82' lang='lat' dir='ltr'>magis</span> <span class='ocrx_word' id='word_1_290' title='bbox 719 2429 853 2489; x_wconf 83' lang='lat' dir='ltr'>tergiversari</span> <span class='ocrx_word' id='word_1_291' title='bbox 864 2451 890 2480; x_wconf 87' lang='lat' dir='ltr'>ac</span> 
     </span>
     <span class='ocr_line' id='line_1_32' title="bbox 104 2502 889 2561; baseline 0.008 -15"><span class='ocrx_word' id='word_1_292' title='bbox 104 2519 149 2547; x_wconf 86' lang='lat' dir='ltr'>esse</span> <span class='ocrx_word' id='word_1_293' title='bbox 158 2502 481 2557; x_wconf 87' lang='lat' dir='ltr'>contumacissimividerentur,</span> <span class='ocrx_word' id='word_1_294' title='bbox 491 2503 528 2550; x_wconf 88' lang='grc' dir='ltr'>1ιί</span> <span class='ocrx_word' id='word_1_295' title='bbox 522 2504 563 2561; x_wconf 83' lang='lat' dir='ltr'>ipsi</span> <span class='ocrx_word' id='word_1_296' title='bbox 573 2522 623 2551; x_wconf 86' lang='lat' dir='ltr'>mox</span> <span class='ocrx_word' id='word_1_297' title='bbox 632 2515 653 2550; x_wconf 92' lang='lat' dir='ltr'>et</span> <span class='ocrx_word' id='word_1_298' title='bbox 661 2516 711 2551; x_wconf 86' lang='lat' dir='ltr'>ante</span> <span class='ocrx_word' id='word_1_299' title='bbox 719 2504 775 2551; x_wconf 90' lang='lat' dir='ltr'>alios·</span> <span class='ocrx_word' id='word_1_300' title='bbox 780 2505 808 2551; x_wconf 92' lang='lat' dir='ltr'>ad</span> <span class='ocrx_word' id='word_1_301' title='bbox 817 2507 889 2553; x_wconf 91' lang='lat' dir='ltr'>omnia</span> 
     </span>
    </p>
   </div>
   <div class='ocr_carea' id='block_1_3' title="bbox 104 2572 977 2705">
    <p class='ocr_par' dir='ltr' id='par_1_12' title="bbox 104 2572 977 2705">
     <span class='ocr_line' id='line_1_33' title="bbox 104 2572 977 2648; baseline 0.008 -29"><span class='ocrx_word' id='word_1_302' title='bbox 104 2592 164 2629; x_wconf 89' lang='lat' dir='ltr'>quae</span> <span class='ocrx_word' id='word_1_303' title='bbox 169 2574 253 2621; x_wconf 83' lang='lat' dir='ltr'>iuberet</span> <span class='ocrx_word' id='word_1_304' title='bbox 264 2574 413 2622; x_wconf 88' lang='lat' dir='ltr'>mclmaus</span> <span class='ocrx_word' id='word_1_305' title='bbox 378 2595 456 2623; x_wconf 81' lang='lat' dir='ltr'>animis</span> <span class='ocrx_word' id='word_1_306' title='bbox 468 2575 587 2648; x_wconf 81' lang='lat' dir='ltr'>obedirent.</span> <span class='ocrx_word' id='word_1_307' title='bbox 599 2572 751 2624; x_wconf 85' lang='lat' dir='ltr'>Pronunciavit</span> <span class='ocrx_word' id='word_1_308' title='bbox 759 2596 812 2623; x_wconf 92' lang='lat' dir='ltr'>voce</span> <span class='ocrx_word' id='word_1_309' title='bbox 819 2591 889 2631; x_wconf 90' lang='lat' dir='ltr'>acuta</span> <span class='ocrx_word' id='word_1_310' title='bbox 948 2586 950 2589; x_wconf 81' lang='grc'><strong>’</strong></span> <span class='ocrx_word' id='word_1_311' title='bbox 975 2635 977 2640; x_wconf 27' lang='grc' dir='ltr'>Ι</span> 
     </span>
     <span class='ocr_line' id='line_1_34' title="bbox 104 2643 940 2705; baseline 0.007 -14"><span class='ocrx_word' id='word_1_312' title='bbox 104 2645 187 2693; x_wconf 82' lang='lat' dir='ltr'>ardenti</span> <span class='ocrx_word' id='word_1_313' title='bbox 201 2643 269 2700; x_wconf 80' lang='lat' dir='ltr'>motu,</span> <span class='ocrx_word' id='word_1_314' title='bbox 283 2659 344 2704; x_wconf 78' lang='lat' dir='ltr'>gestu</span> <span class='ocrx_word' id='word_1_315' title='bbox 357 2660 430 2695; x_wconf 86' lang='lat' dir='ltr'>autem</span> <span class='ocrx_word' id='word_1_316' title='bbox 443 2668 487 2694; x_wconf 91' lang='lat' dir='ltr'>non</span> <span class='ocrx_word' id='word_1_317' title='bbox 501 2643 547 2694; x_wconf 85' lang='lat' dir='ltr'>sine</span> <span class='ocrx_word' id='word_1_318' title='bbox 559 2660 685 2695; x_wconf 91' lang='lat' dir='ltr'>venustate.</span> <span class='ocrx_word' id='word_1_319' title='bbox 692 2647 826 2705; x_wconf 84' lang='lat' dir='ltr'>Elegantiam</span> <span class='ocrx_word' id='word_1_320' title='bbox 838 2669 890 2697; x_wconf 91' lang='lat' dir='ltr'>vero</span> <span class='ocrx_word' id='word_1_321' title='bbox 939 2661 940 2664; x_wconf 77' lang='grc'>’</span> 
     </span>
    </p>
   </div>
   <div class='ocr_carea' id='block_1_4' title="bbox 103 2708 889 2800">
    <p class='ocr_par' dir='ltr' id='par_1_13' title="bbox 103 2708 889 2800">
     <span class='ocr_line' id='line_1_35' title="bbox 103 2708 889 2800; baseline 0.009 -36.009"><span class='ocrx_word' id='word_1_322' title='bbox 103 2717 158 2779; x_wconf 87' lang='lat' dir='ltr'>adeo</span> <span class='ocrx_word' id='word_1_323' title='bbox 173 2712 310 2800; x_wconf 83' lang='lat' dir='ltr'>splendidam</span> <span class='ocrx_word' id='word_1_324' title='bbox 322 2733 388 2779; x_wconf 90' lang='lat' dir='ltr'>atque</span> <span class='ocrx_word' id='word_1_325' title='bbox 402 2708 538 2778; x_wconf 78' lang='lat' dir='ltr'>magnificam</span> <span class='ocrx_word' id='word_1_326' title='bbox 551 2734 572 2769; x_wconf 89' lang='lat' dir='ltr'>et</span> <span class='ocrx_word' id='word_1_327' title='bbox 585 2741 711 2792; x_wconf 81' lang='lat' dir='ltr'>generosam</span> <span class='ocrx_word' id='word_1_328' title='bbox 724 2721 811 2795; x_wconf 87' lang='lat' dir='ltr'>dicendi</span> <span class='ocrx_word' id='word_1_329' title='bbox 824 2723 889 2772; x_wconf 85' lang='lat' dir='ltr'>ratio-</span> 
     </span>
    </p>
   </div>
   <div class='ocr_carea' id='block_1_5' title="bbox 65 2811 206 2825">
    <p class='ocr_par' dir='ltr' id='par_1_14' title="bbox 65 2811 206 2825">
     <span class='ocr_line' id='line_1_36' title="bbox 65 2811 206 2825; baseline 0.007 -1"><span class='ocrx_word' id='word_1_330' title='bbox 65 2811 206 2825; x_wconf 26' lang='lat' dir='ltr'>k</span> 
     </span>
    </p>
   </div>
   <div class='ocr_carea' id='block_1_6' title="bbox 99 2849 409 2893">
    <p class='ocr_par' dir='ltr' id='par_1_15' title="bbox 99 2849 409 2893">
     <span class='ocr_line' id='line_1_37' title="bbox 99 2849 409 2893; baseline 0.019 -8"><span class='ocrx_word' id='word_1_331' title='bbox 99 2849 115 2886; x_wconf 76' lang='grc'>4,</span> <span class='ocrx_word' id='word_1_332' title='bbox 127 2851 163 2889; x_wconf 91' lang='lat' dir='ltr'>Cic.</span> <span class='ocrx_word' id='word_1_333' title='bbox 176 2856 222 2892; x_wconf 84' lang='lat' dir='ltr'>Brar.</span> <span class='ocrx_word' id='word_1_334' title='bbox 236 2854 276 2893; x_wconf 78' lang='lat'>253.</span> <span class='ocrx_word' id='word_1_335' title='bbox 329 2855 355 2891; x_wconf 91' lang='grc'>10.</span> <span class='ocrx_word' id='word_1_336' title='bbox 368 2850 409 2892; x_wconf 79' lang='lat' dir='ltr'>lbid,</span> 
     </span>
    </p>
   </div>
   <div class='ocr_carea' id='block_1_7' title="bbox 65 2927 205 2940">
    <p class='ocr_par' dir='ltr' id='par_1_16' title="bbox 65 2927 205 2940">
     <span class='ocr_line' id='line_1_38' title="bbox 65 2927 205 2940; baseline 0.007 -1"><span class='ocrx_word' id='word_1_337' title='bbox 65 2927 205 2940; x_wconf 29' lang='grc' dir='ltr'>’κῃ</span> 
     </span>
    </p>
   </div>
   <div class='ocr_carea' id='block_1_8' title="bbox 106 2966 607 3022">
    <p class='ocr_par' dir='ltr' id='par_1_17' title="bbox 106 2966 607 3022">
     <span class='ocr_line' id='line_1_39' title="bbox 106 2966 607 3022; baseline 0.006 -11"><span class='ocrx_word' id='word_1_338' title='bbox 106 2966 135 3011; x_wconf 85' lang='grc'>18.</span> <span class='ocrx_word' id='word_1_339' title='bbox 150 2967 217 3013; x_wconf 87' lang='lat' dir='ltr'>charta</span> <span class='ocrx_word' id='word_1_340' title='bbox 231 2975 244 3013; x_wconf 87' lang='grc' dir='ltr'>ι’.</span> <span class='ocrx_word' id='word_1_341' title='bbox 259 2987 281 3019; x_wconf 79' lang='lat' dir='ltr'>r.;</span> <span class='ocrx_word' id='word_1_342' title='bbox 296 2977 339 3013; x_wconf 86' lang='lat' dir='ltr'>arat</span> <span class='ocrx_word' id='word_1_343' title='bbox 353 2971 426 3015; x_wconf 88' lang='lat' dir='ltr'>cartha.</span> <span class='ocrx_word' id='word_1_344' title='bbox 481 2970 514 3015; x_wconf 76' lang='lat'>34.</span> <span class='ocrx_word' id='word_1_345' title='bbox 528 2980 548 3022; x_wconf 87' lang='lat' dir='ltr'>et</span> <span class='ocrx_word' id='word_1_346' title='bbox 561 2987 607 3015; x_wconf 86' lang='lat' dir='ltr'>sscr.</span> 
     </span>
    </p>
   </div>
   <div class='ocr_carea' id='block_1_9' title="bbox 0 0 1052 3253">
    <p class='ocr_par' dir='ltr' id='par_1_18' title="bbox 0 0 1052 3253">
     <span class='ocr_line' id='line_1_40' title="bbox 0 0 1052 3253; baseline 0 0"><span class='ocrx_word' id='word_1_347' title='bbox 0 0 1052 3253; x_wconf 95' lang='lat' dir='ltr'> </span> 
     </span>
    </p>
   </div>
  </div>
 </body>
</html>
