2093 3253
251 212 380 245 scnuronuu
394 211 519 245 ususmruu
531 223 546 230 -
560 212 618 243 uum
632 212 677 243 xm.
835 198 875 244 357

86 344 139 378 tum
151 340 210 376 tanta
222 327 336 376 hominum
349 327 466 377 multitudo
478 348 504 376 ex
516 328 576 385 urbe,
589 349 615 377 ex
627 328 689 386 agris,
703 349 729 376 ex
741 327 837 383 coloniis,
851 348 878 375 ex

93 401 152 450 omni
163 419 231 461 prope
244 398 304 449 ltalia
314 400 454 460 constitutam
464 400 492 449 ad
502 400 561 450 diem
570 413 651 451 armata
662 401 685 449 in
696 400 773 450 urbem
783 400 842 449 venit
852 413 878 449 ut

93 474 220 524 remansisse
235 473 294 522 domi
305 472 350 523 lere
361 473 471 523 neminem
481 474 548 523 videri
560 488 640 535 posset.
699 497 700 501 ¹

134 547 233 598 Primum
247 567 297 597 vero
308 548 337 597 ad
348 547 459 605 nuncium,
472 548 509 608 qui
521 570 588 599 novos
600 561 621 599 et
632 548 732 598 tribunos
744 561 765 597 et
777 547 877 598 consules

67 622 216 680 §designatos
228 641 310 670 esseae
322 642 361 670 suo
373 621 400 670 de
412 622 482 671 reditu
494 621 560 671 libere
572 643 646 672 omnes
658 622 718 681 loqui
730 620 825 677 referret,
838 620 877 670 Ci-

93 701 142 746 cero
156 693 179 744 in
194 714 256 754 spem
270 706 360 750 erectus,
376 692 436 744 nullo
450 707 536 745 senatus
551 707 666 762 expectato
678 694 771 751 decreto,
778 693 877 744 discessit

92 767 234 818 Thesalonica
243 779 308 826 atque
317 767 447 826 proximiore
457 780 481 817 ut
490 789 502 817 e
511 767 558 816 loco
568 769 646 818 certius
656 787 703 817 rem
711 767 795 817 audiret
805 766 876 826 Dyra-

93 840 167 890 chium
178 838 291 897 navigavit.
303 839 412 897 Dyrachio
422 852 496 889 autem
514 860 558 898 quo
576 841 611 889 die
623 839 655 898 (id
665 839 707 888 luit
718 840 789 899 pridie
800 839 875 888 Nonas

93 910 193 971 Sextiles)
201 923 233 959 est
242 909 323 960 Romae
334 910 368 960 lex
379 910 425 959 eius
437 911 464 960 de
475 910 546 960 reditu
557 911 605 968 lata,
617 911 694 960 eodem
706 912 758 972 ipse,
770 925 794 960 ut
806 911 877 960 Brun-

54 991 78 1039 tt]
94 986 183 1035 dusium
196 984 309 1040 traiiceret,
324 984 434 1043 profectus
445 998 484 1034 est.
495 985 612 1035 Brundusii
623 986 716 1040 obviam,
732 1006 798 1051 quam
812 987 876 1036 unice

92 1069 179 1112 amaret,
195 1056 262 1106 filiam
276 1056 351 1107 habuit
361 1057 486 1113 Tulliolam;
498 1078 522 1107 ea
532 1058 622 1117 quidem
632 1058 715 1107 visendi
726 1058 792 1117 patris
803 1059 876 1107 studio

93 1130 194 1181 omnibus
208 1129 304 1179 anteivit.
321 1129 406 1179 Certior
423 1151 511 1190 quoque
527 1151 553 1179 ex
569 1131 645 1179 litteris
663 1130 690 1192 Q
708 1130 779 1179 fratris
796 1144 828 1180 est
845 1131 875 1179 ibi

93 1204 170 1254 Cicero
183 1202 253 1262 legem
268 1201 358 1272 Romae
367 1203 463 1254 comiciis
480 1204 605 1254 centuriatis
623 1196 758 1263 amplissimo
776 1204 876 1255 omnium

92 1299 199 1328 consensu
213 1279 278 1328 latam
291 1293 316 1328 ut
332 1277 411 1326 rediret
427 1276 504 1327 lactus.
518 1277 582 1328 Tum
598 1298 649 1327 vero
665 1299 678 1326 a
694 1278 838 1327 Brundusinis
854 1291 875 1326 et

54 1353 79 1401 l5
95 1347 163 1399 multo
178 1372 229 1399 cum
243 1351 325 1399 honore
343 1362 444 1407 exceptus
463 1364 484 1398 et
502 1351 592 1399 decretis
611 1351 767 1398 honestissimis
787 1369 876 1399 exorna*

92 1437 127 1471 tus
143 1435 182 1471 est.

135 1497 189 1545 lude
204 1509 278 1545 autem
293 1496 439 1555 progredienti
455 1497 496 1545 sibi
514 1497 606 1545 Romam
622 1517 691 1555 usque
702 1497 818 1555 legationes
834 1517 875 1545 un-

93 1570 206 1627 dequaque
229 1569 339 1618 venientes
363 1568 455 1617 maxima
478 1590 530 1617 curn
553 1569 623 1618 leticia
646 1582 668 1617 et
691 1568 875 1627 congratulatione

92 1654 138 1689 toto
153 1641 229 1689 itinere
244 1641 330 1689 obviam
344 1640 419 1690 factae.
435 1639 501 1689 Nulla
516 1641 606 1701 quidem
621 1641 720 1691 omnium
736 1640 808 1690 ltaliae
823 1641 888 1690 civi-·

52 1716 79 1762 20
94 1727 126 1762 tas
143 1734 199 1773 pene
214 1713 256 1776 luit
273 1734 328 1773 quae
344 1727 365 1763 et
381 1713 452 1763 festos
465 1715 493 1762 ob
510 1715 555 1763 eius
572 1715 667 1764 reditum
683 1736 727 1763 non
743 1725 814 1772 ageret
831 1713 876 1762 dies

92 1799 113 1836 et
130 1787 168 1846 qui
185 1786 384 1846 congratularentur
401 1787 429 1837 ad
446 1808 497 1837 eum
513 1787 594 1846 legatos
611 1808 656 1837 non
674 1789 775 1837 mitteret
794 1785 876 1836 Romae

92 1871 165 1907 autem
180 1860 266 1908 obviam
282 1860 322 1908 sibi
339 1860 456 1908 multitudo
471 1860 603 1909 incredibilis
618 1881 643 1909 ac
658 1860 732 1909 civitas
748 1879 816 1919 prope
831 1872 876 1907 tota

92 1930 141 1980 luit.
155 1930 240 1981 Tantus
253 1932 312 1981 enim
325 1932 439 1981 hominum
452 1949 569 1981 concursus
583 1945 607 1981 ut
621 1932 692 1980 redire
706 1932 875 1991 haudquaquam
929 1954 930 1957 ¹

93 2004 170 2052 Cicero
183 2003 211 2052 ab
225 2001 289 2051 exilio
303 2002 341 2051 secl
355 2001 445 2061 quidam
459 2002 536 2062 perdiu
552 2015 638 2063 optatus
652 2015 689 2050 aut
704 2020 781 2061 parens
795 2001 876 2061 patriae

51 2069 78 2122 25
94 2076 200 2123 autdeus
217 2075 290 2122 venire
307 2095 319 2122 a
336 2075 419 2132 superis
436 2075 552 2128 videretur;
569 2075 714 2133 proficiscenti
731 2075 821 2132 quidem
831 2087 876 2121 erat

92 2147 128 2196 vix
144 2148 220 2197 datum
236 2147 290 2200 iter;
308 2166 439 2206 quocunque
455 2146 559 2195 transibat
575 2159 635 2195 tanta
651 2147 787 2205 cupientium
803 2146 876 2205 ipsum

93 2221 172 2275 videre,
194 2220 275 2274 audire,
297 2233 384 2278 tangere
406 2220 531 2278 impleverat
553 2220 670 2269 multitudo
691 2220 736 2268 vias
758 2220 819 2278 quod
839 2220 876 2268 vix

92 2294 192 2351 progredi
203 2293 279 2341 itinere
289 2293 339 2341 satis
350 2292 393 2341 lato
404 2306 483 2351 posset.
494 2292 537 2341 Alii
548 2313 636 2353 quoque
646 2293 779 2352 templorum
789 2293 875 2351 gradus

92 2364 127 2412 alii
148 2365 264 2414 domorum
282 2377 345 2420 tecta,
366 2364 401 2412 alii
421 2365 521 2420 finistras,
542 2364 577 2414 alii
597 2366 693 2424 porticus
714 2364 861 2414 continebant

51 2436 79 2484 30
136 2438 221 2487 Urbem
242 2437 319 2486 Cicero
341 2450 403 2496 porta
424 2437 512 2497 Capena
533 2439 641 2497 ingressus
664 2451 703 2487 est.
726 2436 877 2486 Gratulatione

92 2510 122 2557 ibi
135 2511 211 2570 populi
224 2510 316 2559 Romani
329 2531 354 2559 ac
367 2510 465 2559 omnium
477 2510 555 2569 plausu
568 2511 686 2569 significata
701 2529 789 2560 currum
802 2530 876 2560 aurea-

92 2596 140 2632 tum
153 2583 256 2633 ascendit.
272 2581 337 2632 Illum
350 2583 445 2641 insignes
459 2583 575 2633 ductarunt
588 2583 646 2643 equi.
661 2583 777 2633 Enimvero
788 2583 811 2632 P.
818 2584 876 2633 Len-

91 2654 131 2705 tuli
148 2655 254 2707 beneficio
269 2676 313 2705 non
330 2654 401 2705 solum
416 2655 439 2705 in
455 2655 547 2716 patriam
563 2670 595 2707 est
611 2656 712 2707 reductus
729 2656 767 2707 sed
787 2656 877 2717 insigni-

93 2728 134 2778 bus
151 2731 213 2790 equis
230 2743 251 2778 et
267 2749 333 2779 curru
348 2742 435 2779 aureato
453 2729 545 2779 maxima
561 2752 613 2780 cum
629 2729 753 2780 celebritate
770 2730 793 2780 in
810 2730 877 2791 Capi-

51 2798 79 2848 35
94 2801 172 2851 tolium
190 2822 216 2851 ac
235 2803 326 2851 domum
345 2798 397 2851 inde
416 2815 513 2853 revectus
533 2816 580 2858 est;
601 2804 692 2852 decretis
711 2816 785 2853 autem
803 2804 877 2863 ipsum

92 2876 157 2923 tantis
179 2889 272 2930 senatus,
295 2876 389 2935 populus
411 2875 529 2931 Romanus,
552 2889 652 2935 equester
673 2877 734 2932 ordo,
757 2876 877 2925 scribarum

93 2947 215 3004 collegium,
238 2949 349 2996 societates
372 2949 439 3003 urbis,
463 2949 580 3006 municipia
605 2949 677 2997 ltaliae
700 2962 830 2997 exornarunt
853 2962 876 2997 ut
905 3014 909 3025 ἢ
