2093 3253
458 223 549 254 SICCONIS
563 223 679 255 POLENTONI

199 337 281 384 tionem
295 358 341 385 esse
356 336 437 384 nullam
451 336 571 395 intelligant
585 358 642 396 quae
656 337 782 396 pontificem
797 339 922 393 maximum,
937 342 981 400 qui,
1045 394 1047 398 ,

199 411 230 458 uti
247 431 331 459 summa
347 412 369 458 in
386 409 489 467 dignitate
506 409 594 458 honoris
609 424 631 459 et
647 411 714 469 gradu
730 412 860 460 constitutus
876 425 938 467 esset,
955 415 983 464 ita

199 483 300 541 singulari
311 482 432 541 prudentia,
443 483 540 536 consilio,
551 485 654 540 gravitate
664 479 786 541 praestaret,
797 485 819 531 in
830 505 881 532 eum
890 504 983 536 errorem
1045 478 1047 530 i

198 567 263 613 atque
274 555 406 605 dementiam
416 554 541 603 adduxisset
551 567 576 603 ut
587 576 623 605 eos
634 555 700 604 libros
711 555 814 605 delendos
825 576 872 605 esse
882 569 982 610 statueret

172 629 184 679 5
201 630 238 688 qui
248 629 301 678 nihil
312 629 460 679 Christianum
470 630 492 678 in
502 649 589 683 nomen,
600 628 653 678 nihil
664 628 808 679 Christianam
818 630 840 678 in
850 629 981 689 religionem,
1044 650 1046 676 z

198 702 252 749 nihil
265 702 294 750 ad
308 703 442 758 voluptatem
456 715 477 749 et
491 702 549 755 vitia,
565 701 618 749 nihil
632 702 699 750 ullam
713 702 741 749 ad
755 704 810 750 vitae
825 700 982 760 turpitudinem

199 774 244 828 sed,
257 786 281 822 ut
295 775 346 830 dixi,
361 774 470 822 Romanae
483 774 567 822 virtutis
582 787 721 822 monumenta
732 775 760 823 ad
768 775 925 824 documentum
932 798 982 835 pos·

199 849 289 898 teritatis
308 862 417 898 aeternam
434 848 463 898 ad
477 848 603 897 memoriam
616 848 757 898 continerent.
770 848 863 900 Atvero
877 850 914 908 qui
927 872 981 909 pon·

199 922 251 969 tifici
259 918 347 969 summo
358 921 398 968 hoc
407 921 488 968 crimen
496 921 618 968 attribuunt
631 921 696 968 velim
709 922 821 978 interogati
831 923 981 978 respondeant,

160 995 185 1043 l0
200 996 223 1056 si
231 994 305 1043 veleb
313 993 454 1054 'splendidam
467 993 600 1052 lacteamque
612 1014 637 1044 ac
649 1004 737 1042 suavem
750 993 895 1053 eloquentiam
907 995 940 1044 vel
953 996 981 1044 ob

199 1067 370 1124 magnitudinem
384 1086 422 1114 seu
438 1066 596 1125 turpitudinem
610 1084 683 1114 rerum
697 1086 751 1123 opus
766 1066 790 1115 id
805 1067 884 1124 pastori
899 1067 981 1125 optimo
1043 1069 1045 1118 f

198 1139 276 1193 delere,
286 1153 310 1188 ut
320 1132 387 1193 aiunt,
398 1141 484 1196 penitus
494 1138 581 1197 placuit,
587 1158 625 1187 cur
633 1139 705 1196 potius
714 1158 768 1196 quae
777 1139 883 1187 habentur
891 1140 981 1188 decades

184 1233 186 1237 ’
198 1212 245 1260 illae
256 1214 322 1261 modo
333 1226 375 1261 tres
386 1232 453 1270 quam
462 1212 515 1261 aliae
525 1225 668 1266 conservatae,
679 1230 718 1260 cur
728 1213 800 1269 potius
811 1212 906 1262 secunda
916 1234 982 1271 quam

197 1287 267 1344 prima
279 1300 300 1335 et
312 1286 375 1335 tertia
387 1285 471 1341 laniata,
485 1305 536 1334 cum
548 1286 570 1333 in
583 1285 685 1334 omnibus
697 1284 756 1333 idem
768 1298 789 1334 et
802 1304 875 1334 rerum
887 1298 948 1335 tenor
960 1301 981 1336 et
1042 1311 1045 1352 3

159 1358 184 1408 15
200 1358 316 1407 verborum
328 1357 430 1418 splendor
442 1379 467 1407 ac
479 1379 564 1407 summa
576 1357 698 1417 eloquentia
710 1357 832 1407 haberetur.
845 1356 931 1418 Nempe
943 1361 980 1419 qui

198 1432 250 1480 haec
258 1431 321 1489 plane
328 1431 465 1479 considerant
473 1431 547 1479 vident
555 1430 609 1478 nihil
617 1449 655 1479 cur
663 1451 707 1478 non
714 1449 770 1478 vano
778 1450 803 1478 ac
811 1430 851 1479 levi
859 1430 887 1478 ab
894 1435 981 1480 auctore

197 1504 317 1563 prolectam
327 1504 450 1553 existiment
460 1523 508 1553 eam
518 1502 598 1553 lamam
609 1523 664 1562 quae
672 1523 727 1562 opus
735 1504 758 1553 id
766 1505 978 1562 summoapontifice

197 1577 293 1625 deletum
305 1589 367 1635 putet
378 1577 401 1624 in
413 1596 457 1634 quo
469 1576 522 1624 nihil
534 1588 590 1624 esset
601 1577 703 1630 criminis,
715 1577 772 1625 nihil
784 1573 925 1634 turpitudinis
937 1598 980 1636 quo
1041 1566 1045 1642 Ξ

197 1649 263 1698 deleri
276 1649 350 1708 aliquo
363 1649 409 1697 iure
424 1661 503 1706 posset.

156 1724 185 1773 20
243 1722 299 1773 Illud
311 1735 385 1772 autem
396 1734 428 1770 est
441 1740 492 1771 vero
504 1720 595 1770 similius
608 1720 636 1770 T.
650 1720 705 1770 Livii
718 1721 808 1770 decades
821 1721 870 1769 ideo
882 1722 980 1771 vanuisse
997 1767 999 1770 Α
1042 1741 1047 1778 ².

197 1810 262 1855 atque
270 1796 350 1845 deletas
358 1815 411 1849 esse,
420 1795 479 1853 quod
487 1807 542 1843 esset
550 1815 605 1852 opus
614 1814 717 1853 magnum
724 1807 746 1843 et
752 1795 806 1843 tanti
814 1807 914 1853 sumptus
922 1796 981 1854 quod
1044 1787 1047 1830 Ῐ

198 1887 269 1918 emere
284 1869 357 1928 ipsum
372 1887 442 1927 neque
457 1867 548 1916 studiosi
564 1885 669 1926 pauperes
684 1880 772 1925 possent
787 1887 827 1916 nec
842 1868 918 1917 divites
934 1868 980 1927 (pa-

197 1943 272 1991 tientia
284 1942 324 1991 hoc
337 1942 384 1991 loco
396 1953 444 1990 utar
456 1940 503 1999 sua)
515 1941 572 1990 avari
584 1940 671 1991 vellent.
684 1939 754 1990 Facile
766 1941 855 2000 quidem
866 1960 890 1990 ea
902 1942 980 2001 scripta

197 2017 322 2074 depereunt,
339 2015 437 2074 quamvis
453 2015 534 2073 optima
550 2015 593 2062 sint
608 2027 673 2073 atque
689 2014 781 2063 illustria.
792 2005 911 2070 videantur,
926 2034 980 2072 quae

145 2079 146 2082 ,
156 2088 183 2136 25
200 2088 273 2135 haberi
283 2089 356 2144 precio
366 2087 388 2134 ni
399 2106 477 2144 magno
488 2100 578 2143 queunt,
589 2086 702 2143 presertim
711 2106 762 2134 cum
772 2107 798 2134 ex
808 2079 859 2143 ipsis
870 2107 914 2135 non
924 2099 980 2150 certa
1045 2104 1046 2107 ’

197 2180 245 2218 spes
260 2159 313 2207 lucri
329 2158 367 2208 sed
381 2156 460 2205 nobilis
475 2157 542 2205 animi
557 2156 671 2205 oblectatio
686 2157 792 2215 quaedam
806 2177 831 2205 ac
846 2157 900 2206 vitae
915 2157 980 2206 modo
1045 2174 1047 2178 ·

196 2233 309 2282 instructio
324 2230 434 2281 habeatur.
1043 2296 1045 2298 V

239 2304 318 2363 Neque
332 2323 382 2354 vero
396 2303 424 2352 ab
437 2304 479 2352 illis
493 2304 582 2351 omnino
593 2303 766 2351 dissentiendum
779 2304 877 2351 existimo
888 2305 926 2363 qui
940 2325 980 2363 pu·
1041 2299 1047 2358 Ξ

196 2390 243 2426 tant
258 2377 299 2426 hoc
313 2377 342 2426 T.
361 2376 417 2424 Livii
428 2396 483 2435 opus
499 2395 610 2434 quoquam
625 2376 647 2422 in
662 2375 710 2422 loco
725 2375 793 2423 iacere
807 2388 872 2434 atque
883 2375 980 2424 futurum
1044 2386 1047 2424 Ῑ

155 2453 184 2501 30
198 2452 314 2511 aliquando
330 2462 417 2510 sperant
432 2450 546 2498 inventum
556 2448 671 2497 reducatur
687 2449 709 2496 in
720 2448 790 2497 lucem
801 2449 943 2509 omniumque
953 2448 980 2497 ad

196 2525 343 2582 cognitionem
353 2535 374 2571 et
385 2542 450 2571 usum
460 2522 573 2580 publicum
584 2516 708 2570 revertatur.
721 2521 768 2570 Nec
779 2522 836 2570 favet
844 2540 922 2580 parum
930 2523 980 2570 huie
1041 2527 1046 2569 l

197 2596 242 2654 spei
258 2597 317 2654 quod
332 2593 445 2643 manifesto
460 2606 543 2642 constet
557 2592 623 2641 libros
637 2592 759 2651 complures
773 2594 869 2651 egregios
883 2607 905 2642 et
918 2594 979 2643 claris
1041 2614 1046 2666 Ξ

196 2667 224 2716 ab
238 2667 362 2716 auctoribus
377 2666 475 2723 scriptos,
490 2685 541 2713 cum
555 2665 668 2713 latuissent
682 2664 759 2723 perdiu
773 2685 798 2713 ae
812 2685 920 2724 nusquam
934 2685 979 2714 esse
1041 2667 1045 2725 ἓ

196 2741 273 2800 integri
284 2753 418 2800 putarentur,
429 2739 491 2788 annis
503 2738 606 2797 proximis
617 2739 715 2787 inventos
726 2759 780 2788 esse.
792 2737 879 2798 Quippe
890 2740 912 2789 in
924 2752 978 2788 terra
1040 2757 1044 2791 ς

154 2815 182 2862 35
200 2813 260 2862 ltalia
273 2814 332 2872 apud
345 2813 433 2870 Papiam
447 2812 563 2860 Ciceronis
572 2810 620 2860 libri
635 2812 672 2869 qui
687 2811 794 2860 habentur
807 2812 834 2860 de
848 2811 939 2861 Oratore
952 2811 979 2860 ad

197 2885 225 2943 Q.
240 2883 328 2934 fratrem
342 2884 424 2933 inventi
434 2896 492 2932 sunt.
503 2883 528 2932 ln
539 2881 656 2931 Germania
666 2881 753 2941 quoque
761 2883 822 2942 apud
831 2882 980 2934 Constantiam

196 2960 311 3014 civitatem,
329 2978 380 3008 cum
396 2956 555 3006 reformandam
572 2955 602 3005 ibi
619 2956 647 3006 ad
663 2955 775 3006 ecclesiam
791 2957 910 3008 universale
927 2979 978 3007 eon·
