2093 3253
404 197 406 199 ·
420 197 423 201 ’
436 187 528 218 Siccoiris
542 186 656 217 rotumum
671 194 674 206 ³
704 194 707 201 ⁴

178 301 217 360 Sp.
232 301 348 350 Lucreci-us
363 294 513 359 Tricipitinus,
532 300 647 349 Luereciae
665 314 731 358 pater,
749 302 873 348 centuriatis
891 302 959 348 comi-

178 375 213 423 tiis
228 396 254 424 ex
268 373 427 435 commentariis
442 372 511 422 Servii
525 372 585 422 Tulli
600 374 685 423 creavit.
700 372 762 422 Nihil
776 374 821 421 istis
836 376 905 432 regiae
919 394 959 433 po·

178 450 259 498 testatis
274 461 388 497 mutatum.
398 447 493 496 Omnem
503 446 570 496 lerme
580 447 682 497 consules
688 447 709 496 hi
720 448 784 506 primi
798 448 878 505 regiam
887 461 961 504 potes·
1022 445 1043 490 l·

179 535 252 576 tatem‚
267 541 356 569 omnem
373 522 457 578 regium
475 520 580 574 habiturn,
598 521 671 567 omnia
688 521 745 580 regia
767 520 865 579 insignia,
887 534 960 579 togam
1023 516 1047 593 {r

153 596 166 645 5
181 609 319 653 praetextam,
334 594 408 647 sellam
422 593 537 648 currulem,
552 594 636 642 lictores
651 615 701 642 curn
715 593 821 649 fascibus,v
830 594 961 645 habuerunt.

180 667 246 728 Regia
260 668 350 728 quidem
365 668 438 729 omnia
454 667 528 717 munia
544 666 633 716 obibant
649 668 748 716 consules
764 668 835 726 primi.
854 667 879 715 ld
895 668 961 716 modo
1026 685 1047 729 ¹j

180 754 275 795 cautum,
290 741 351 798 quod
366 740 502 798 magistratus
518 741 552 787 liic
567 739 691 794 consularis,
708 741 745 798 qui
761 760 851 797 magnus
867 753 922 788 esset
937 761 962 787 ac
1025 736 1039 789 l?

181 833 286 867 summus,
299 812 471 871 ,haudquaquam
480 824 605 871 perpetuus,
615 813 647 862 uti
656 813 760 872 superiori
769 825 867 871 tempore
876 812 962 871 regibus

181 887 256 941 luerat,
272 887 311 935 sed
325 907 410 941 annuus
425 886 491 934 modo
506 899 568 941 esset,
592 887 676 952 lictores
700 907 787 945 quoque
810 887 881 935 solum
903 889 962 945 apud

143 964 169 1011 ll)
183 980 252 1010 unum
267 973 344 1015 essent,
357 979 390 1014 ne,
407 960 424 1007 si
437 972 528 1017 uterque
544 958 638 1014 liaberet,
650 974 754 1008 terrorem
766 961 847 1018 populo
859 981 963 1010 numerus

183 1032 305 1091 duplicatus
317 1044 410 1090 augeret,
424 1031 483 1090 quod
495 1031 540 1080 duo
551 1052 597 1080 esse
609 1034 673 1080 creati
685 1051 725 1091 pro
736 1053 781 1081 uno
798 1034 887 1082 domino
903 1035 963 1083 vide-

182 1119 263 1155 rentur.
279 1105 375 1155 Lictores
390 1105 463 1163 itaque
477 1105 558 1153 Brutus
573 1106 705 1153 concedente
718 1105 799 1164 collega
813 1107 897 1164 primus
912 1128 964 1156 con-

183 1178 254 1228 sulum
269 1177 350 1227 habuit.

225 1251 286 1306 Brevi
301 1264 373 1307 tamen
392 1272 415 1298 ea
432 1264 525 1307 potestas
543 1251 657 1298 imminuta
675 1264 714 1298 est.
732 1250 820 1307 Quippe
830 1252 965 1299 consularem

146 1325 169 1373 l5
186 1325 333 1381 magistratum
341 1320 459 1371 tollendam
467 1322 495 1371 acl
504 1323 649 1381 suspicionem
657 1321 749 1372 affectati
759 1325 818 1381 regni
827 1324 851 1373 P,
860 1324 965 1379 Valerius,

184 1399 223 1456 qui
238 1410 321 1446 creatus
333 1397 409 1446 consul
422 1396 522 1445 Calatino
535 1409 664 1445 successerat
676 1411 741 1455 atque
754 1398 816 1445 istam
829 1397 858 1445 ob
870 1417 917 1445 rem
928 1419 965 1446 co-

185 1483 301 1528 gnomento
312 1483 343 1518 est
353 1469 463 1517 Publicola
472 1469 598 1528 appellatus,
608 1469 689 1527 populo
699 1470 728 1516 ita
737 1469 838 1517 submisit
847 1471 907 1527 quod
915 1490 966 1528 pro-

149 1583 151 1586 .
185 1561 260 1590 vocare
274 1562 287 1589 a
302 1541 391 1590 consule
405 1541 433 1590 ad
448 1541 555 1600 populum
570 1541 649 1600 cuique
664 1541 737 1589 liceret
752 1543 856 1589 ea'maior
869 1563 966 1601 essepoa

185 1628 250 1663 testas
258 1615 333 1674 populi
342 1636 409 1675 quarn
418 1614 513 1663 consulis
518 1614 634 1663 videretur.
645 1614 696 1663 Nlos
707 1623 799 1663 autema
810 1616 895 1673 regi-bus
904 1616 967 1665 datus

144 1690 173 1737 20
188 1690 272 1743 mansit,
288 1702 312 1737 ut
329 1687 515 1747 quemadmodum
532 1688 609 1736 soleret
626 1687 688 1746 regis,
706 1689 735 1735 ita
753 1689 867 1736 consulum
887 1709 967 1737 nornen

187 1760 278 1819 publicis
293 1762 316 1809 in
331 1760 409 1810 tabulis
424 1782 449 1809 ac
463 1761 610 1808 monumentis
624 1760 652 1808 ad
666 1759 777 1815 honorem,
791 1762 820 1808 ad
834 1763 968 1817 memoriam,

187 1835 214 1881 ad
242 1834 369 1891 dignitatem
389 1832 538 1886 inscriberent,
559 1834 669 1880 numisma
693 1853 781 1891 quoque
811 1834 841 1880 ita
860 1834 969 1891 signarent

178 1906 247 1965 'quod
262 1905 311 1953 binc
328 1906 398 1959 unius,
415 1905 466 1954 inde
481 1905 567 1953 alterius
583 1905 677 1953 consulis
693 1906 846 1963 superscriptio
861 1919 883 1953 et
897 1907 969 1963 imago

187 1992 249 2027 esset.
266 1978 355 2026 Honore
377 1979 413 2025 isti
435 1979 544 2036 principes
566 1991 659 2032 senatus,
682 1978 765 2036 populi,
787 1980 886 2027 civitatis
899 1992 969 2027 erant.

147 2052 174 2101 25
190 2050 299 2101 Omnibus
314 2052 402 2110 quidem
413 2051 436 2103 in
447 2070 470 2099 re
481 2051 567 2110 publica
578 2049 681 2099 iaciendis
692 2064 803 2109 praeerant
814 2053 920 2105 consules,
932 2052 971 2099 sed

189 2126 217 2179 ita
232 2135 343 2181 praeerant
355 2123 414 2181 quod
425 2122 479 2170 nibil
491 2122 578 2170 arbitrio
590 2135 611 2170 et
622 2135 727 2180 potestate
738 2143 777 2170 sua
788 2132 865 2171 ‘verum
875 2136 899 2171 ut
910 2136 970 2172 erant

188 2209 225 2244 aut
240 2210 326 2244 senatus
340 2195 443 2245 consulto·
452 2210 490 2244 aut
502 2195 615 2254 plebiscito
628 2197 680 2244 iussi
694 2209 715 2243 et
729 2196 788 2244 domi
802 2215 848 2244 rem
861 2195 971 2255 publicam

189 2268 333 2325 gubernarent
350 2282 371 2315 et
388 2267 440 2315 loris
458 2267 513 2316 bella
530 2268 602 2316 datam
619 2260 659 2315 sibi
677 2268 699 2315 in
717 2269 849 2325 provinciam
866 2281 972 2324 gererent.

231 2341 319 2401 Patrum
335 2361 385 2388 vero
402 2340 508 2394 ordinem
526 2340 586 2398 quod
603 2353 658 2387 esset
676 2341 768 2398 proximi
786 2341 840 2398 regis
857 2338 971 2399 Tarquinii

149 2414 178 2462 30
193 2413 266 2462 sevitia
281 2414 407 2467 diminutus,
423 2412 510 2466 Brutus,
524 2426 548 2460 ut
560 2425 643 2461 creatus
657 2426 689 2461 est
702 2412 784 2467 consul,
798 2434 842 2471 quo
855 2427 910 2461 esset
923 2413 977 2472 plus.

191 2487 270 2543 virium
285 2487 307 2534 in
322 2499 404 2543 senatu,
420 2498 566 2533 trecentorum
580 2485 608 2533 ad
621 2505 736 2533 numerum
749 2487 814 2532 auxit.
828 2485 870 2532 Eos
883 2485 973 2543 quidem

191 2579 203 2605 e
218 2558 349 2615 primoribus
364 2557 446 2606 ordinis
461 2558 566 2615 equestris
586 2557 644 2615 legit.
663 2556 743 2605 Ortum
762 2576 813 2606 vero
832 2557 882 2605 inde
901 2555 974 2606 lerunt

192 2644 215 2679 ut
230 2631 273 2680 sint
287 2644 358 2695 patres
373 2631 488 2688 conscripti
498 2632 520 2678 in
529 2643 604 2678 senatu
613 2630 672 2685 dicti,
681 2630 741 2689 quod
749 2651 787 2678 eos
794 2644 894 2679 vocarent
902 2644 974 2689 patres

192 2704 230 2762 qui
250 2726 261 2751 e
281 2704 389 2753 veteribus
411 2716 554 2762 superessent,
573 2704 706 2761 conscriptos
724 2715 798 2750 autern
816 2703 854 2760 qui
873 2716 944 2751 essent
962 2724 975 2749 a

153 2777 180 2824 35
196 2776 335 2824 Brutoelecti
350 2776 434 2824 noviter
448 2774 587 2834 appellarent.
706 2768 708 2771 ‚

235 2847 339 2897 Divinam
353 2868 441 2908 quoque
455 2848 483 2896 ad
497 2868 550 2903 rem,
565 2861 589 2915 ut
603 2863 659 2897 esset
673 2849 710 2907 qui
725 2869 749 2897 ea
763 2847 833 2902 obiret
847 2867 906 2896 sacra
920 2867 976 2907 quae

194 2939 230 2969 rex
244 2923 289 2980 ipse
300 2922 384 2976 soleret,
393 2934 463 2979 patres
470 2920 577 2988 referente
585 2921 652 2970 Bruto
660 2921 793 2970 sacerdotem
801 2935 880 2970 creant.
894 2921 976 2980 Regem
