2093 3253
158 228 195 273 198
458 243 549 273 SICCONIS
564 243 679 273 POLENTONI
742 262 747 273 .

198 361 261 409 cisset
273 360 296 408 id
308 379 362 418 opus
375 358 460 413 Caesar,
473 359 533 417 quod
545 360 567 407 in
580 378 606 407 eo
618 358 693 407 luisset
705 371 726 407 et
738 377 823 409 summa
836 357 924 408 facultas
937 360 978 409 ele·
1040 355 1044 394 l

199 433 313 490 gantiaque
324 431 432 481 scribendi
443 445 465 480 et
476 451 549 480 rerum
560 450 649 480 suarum
660 431 770 481 verissima
780 452 805 479 ac
816 444 873 479 certa
885 430 978 483 scientia.
1023 443 1025 446 ⁴
1040 434 1046 495 l

199 505 260 560 Quae
273 506 313 552 etsi
327 521 435 552 veraesse
449 516 473 551 ut
487 504 567 551 diceret
581 503 665 551 Hirtius
679 504 756 551 caeteri
770 503 895 557 faterentur,
909 503 979 554 dicere
1045 552 1047 555 ,

198 590 270 626 tamen
283 577 370 626 auditus
383 588 415 624 est
428 575 516 624 Asinius
530 575 605 632 Pollio,
619 576 651 625 vir
664 575 793 624 clarissimus
801 595 826 623 ac
834 575 926 635 scriptor
937 575 979 625 his-

172 650 303 699 5toriarum
323 650 428 710 egregius,
449 670 504 708 quos
524 649 620 697 ediderat
640 649 805 697 commentarios
831 648 910 697 Caesar
935 671 980 699 esse

199 743 276 781 parum
294 723 407 781 diligenter
423 741 543 780 parumque
560 723 643 780 integra
657 723 748 771 veritate
765 722 903 783 compositos,
921 725 980 780 quod

200 795 278 844 Caesar
290 796 361 854 aliqua
374 807 395 843 et
408 806 463 853 quae
476 814 514 854 per
526 794 579 843 alios
592 808 651 852 gesta
663 794 861 864 essentcrediderit
873 793 948 843 leviter
960 809 980 845 et

200 889 254 927 quae
268 887 307 927 per
320 889 349 924 se,
364 868 397 916 vel
411 868 510 916 consulto
523 868 557 916 vel
571 869 686 916 memoriae
700 868 768 926 lapsu,
782 866 836 915 falso
846 866 945 916 ediderit.
956 868 980 917 ld

164 941 166 953 “
200 963 287 999 quoque
302 940 384 994 solebat
398 942 519 989 existimare
529 940 602 996 Pollio
616 940 723 995 futurum,
738 941 799 999 quod
813 940 891 989 Caesar
906 940 979 996 multa,

161 1015 186 1064 l0
201 1015 219 1065 si
231 1014 317 1063 vixisset
329 1013 418 1068 diutius,
430 1013 572 1063 emendasset.
585 1010 661 1063 Cicero
673 1027 746 1063 autem
757 1034 797 1062 suo
809 1013 831 1061 in
844 1012 918 1068 Bruto,
931 1033 980 1063 cum

168 1089 170 1091 ’
200 1101 293 1137 oratores
308 1100 412 1136 memorat
426 1087 494 1136 claros
507 1100 573 1146 atque
586 1087 642 1138 inter
656 1108 692 1137 eos
707 1086 821 1137 Caesarem
834 1086 938 1141 nominat,
953 1087 980 1136 ita

200 1161 227 1209 de
244 1161 276 1209 his
294 1161 353 1209 libris
370 1160 454 1209 locutus
472 1174 510 1209 est:
536 1160 725 1210 «Commentarios
735 1178 744 1201 u
766 1161 837 1219 inquit
859 1159 981 1218 «quosdam

200 1234 285 1294 scripsit
295 1244 367 1280 rerum
376 1250 464 1280 suarum
473 1233 535 1281 valde
545 1234 635 1292 quidem
644 1234 774 1291 probandos.
785 1233 846 1280 Nudi
852 1233 915 1280 'enim
923 1245 980 1286 sunt,

167 1316 168 1319 ’
201 1306 252 1354 recti
267 1320 288 1354 et
302 1305 394 1359 venusti,
409 1305 468 1353 omni
483 1320 559 1354 ornatu
574 1307 676 1355 orationis
690 1320 794 1365 tanquam
808 1319 867 1354 veste
881 1306 980 1355 detracta.
1015 1314 1017 1318 ’
1039 1307 1047 1346 s

161 1379 186 1428 15
202 1379 246 1427 Sed
261 1380 314 1427 dum
328 1377 396 1427 voluit
409 1378 462 1427 alios
477 1379 555 1427 habere
569 1393 641 1437 parata
656 1380 714 1428 unde
728 1392 838 1427 sumerent
852 1378 889 1437 qui
904 1378 981 1427 vellent

200 1451 293 1499 scribere
308 1451 426 1505 historiam,
441 1451 519 1509 ineptis
535 1464 620 1509 gratum
635 1451 724 1499 fortasse
738 1451 790 1499 fecit
804 1452 842 1510 qui
857 1451 892 1499 illa
907 1451 981 1499 volunt

200 1524 325 1571 calamistris
334 1525 425 1577 inurere,
437 1543 499 1571 sanos
510 1524 604 1582 quidem
611 1524 730 1572 hominesa
741 1524 855 1576 scribendo
867 1523 966 1572 deteruit.
973 1540 981 1563 u

189 1595 260 1664 *Haec
275 1596 351 1645 Cicero
368 1596 396 1645 ad
410 1596 502 1645 verbum
516 1597 544 1646 de
558 1597 725 1646 Commentariis
743 1596 847 1646 Caesaris.

243 1670 320 1718 Libros
336 1691 423 1728 quoque
438 1670 491 1718 alios
500 1670 540 1718 'vel
555 1672 654 1718 maximis
669 1672 692 1718 in
708 1670 885 1729 occupationibus
900 1684 922 1718 et
937 1670 981 1718 bel·
1020 1704 1021 1707 =

158 1741 186 1791 20
201 1741 272 1791 lorum
278 1754 299 1790 et
305 1741 389 1800 imperii
396 1742 481 1800 scripsit
488 1741 573 1792 Caesar.
579 1742 615 1792 Ad
622 1741 750 1808 Ciceronem
756 1742 852 1802 quidem,
864 1742 902 1801 qui
909 1754 987 1791 exacto?

200 1816 257 1864 civili
270 1816 326 1864 bello
340 1815 446 1865 Catonem
459 1816 585 1865 Uticensem
598 1818 652 1866 libro
665 1838 709 1866 uno
722 1818 795 1866 multis
808 1817 981 1866 laudibusextu·

166 1890 168 1894 ⁴
200 1888 266 1943 lisset,
279 1888 347 1937 edidit
360 1888 426 1937 libros
439 1888 502 1938 duos.
516 1889 545 1937 Hi
558 1903 609 1938 sunt
621 1890 760 1939 Anticatones
773 1891 870 1949 inscripti
883 1903 905 1939 et
916 1889 944 1939 ab
957 1909 981 1937 eo

201 1961 242 2007 sub
257 1974 354 2018 tempore
374 1961 510 2009 Mundensis,
524 1963 593 2019 prelii,
613 1983 664 2009 cum
682 1963 740 2018 orbis
760 1964 851 2021 imperio
870 1963 981 2021 potiretur,

201 2032 259 2082 lacti.
274 2033 303 2082 ‘ln
320 2033 353 2082 his
370 2033 459 2092 quidem
475 2034 612 2094 exprobravit
628 2056 694 2095 quam
711 2037 803 2084 maxime
819 2036 870 2084 vitia
887 2034 981 2084 Catonis.

159 2106 187 2155 25
204 2105 331 2155 Ciceronem
346 2125 397 2155 vero
412 2106 506 2175 laudavit
522 2108 660 2167 amplissime:
672 2110 757 2167 negavit
767 2100 826 2158 enim
836 2108 933 2158 militaris
944 2108 981 2156 hoa

201 2179 265 2226 minis
279 2180 425 2239 eloquentiam
439 2201 489 2229 cum
503 2183 622 2239 gravissimi
636 2183 675 2231 viri
689 2183 775 2241 ingenio
789 2195 810 2230 et
824 2183 846 2230 in
860 2203 884 2230 ea
898 2201 921 2231 re
934 2181 982 2240 plu·
996 2186 997 2190 ’

200 2253 281 2300 rimum
294 2254 370 2301 versati
382 2253 546 2313 adaequandam
558 2276 612 2303 esse.
625 2255 704 2304 Poema
715 2257 775 2311 item,
788 2256 848 2315 quod
860 2255 982 2304 inscribitur

202 2327 251 2381 lter,
265 2326 318 2375 dum
330 2326 358 2375 ab
370 2326 424 2376 urbe
437 2328 459 2377 in
472 2327 600 2387 Hispaniam
615 2329 739 2379 ulteriorem
752 2334 856 2389 pergeret,
873 2343 949 2389 quarto
962 2340 982 2376 et
1039 2323 1046 2337 ⁵

201 2400 305 2457 vigesimo
317 2401 352 2448 die
363 2400 460 2457 perfecit.
473 2401 581 2450 Feruntur
591 2405 656 2451 etiam
667 2404 695 2451 ab
706 2411 731 2451 eo
743 2424 794 2451 cum
805 2404 932 2461 pubesceret
941 2403 982 2450 alia

158 2471 187 2520 30
202 2471 308 2530 quaedam
326 2485 425 2531 poemata
438 2475 522 2532 scripta
540 2494 593 2530 esse,
612 2488 637 2525 ut
655 2475 729 2540 laudes
748 2476 855 2532 Herculis,
874 2476 982 2535 tragoedia

167 2545 168 2549 ’
201 2544 321 2603 oedippus,
332 2546 389 2594 dicta
399 2547 534 2603 collectanea,
545 2568 600 2607 quae
610 2569 637 2597 ne
647 2550 809 2608 publicarentur
818 2551 846 2598 ad
855 2551 983 2609 Pompeium

201 2617 309 2672 Macrum,
318 2619 357 2677 qui
365 2633 473 2676 praeesset
482 2620 617 2675 bibliotecae,
625 2617 737 2680 Augustus
745 2641 784 2681 per
792 2623 905 2681 epistolam
910 2623 982 2671 vetuit.
1038 2672 1043 2688 5

199 2689 257 2737 Anni
273 2710 360 2748 quoque
375 2691 441 2739 totius
452 2692 550 2740 ordinem
566 2713 591 2740 ac
602 2694 678 2742 bisexti
690 2696 794 2742 rationem
799 2705 826 2743 et
837 2695 941 2754 quicquid
952 2705 982 2741 est
1022 2718 1040 2761 ιι

200 2762 227 2811 de
237 2784 336 2812 mensura
345 2785 398 2819 aevi,
385 2764 468 2823 quod
476 2767 627 2816 vetustioribus
642 2767 703 2816 illum
717 2768 745 2817 ad
754 2769 812 2817 diem
821 2768 854 2817 vel
869 2765 983 2842 confusum

158 2836 187 2884 35
202 2825 255 2884 vel'
249 2838 382 2894 incognitum
399 2837 474 2893 luerat,
492 2834 563 2887 studio
581 2861 666 2889 summo
683 2842 852 2929 digessit..
898 2890 900 2893 f
1006 2843 1008 2845 ¹
1038 2837 1041 2849 ἱ

192 2965 374 3009 transeam
388 2967 416 3004 56.
470 2968 874 3030 10.cic.3ra1.262(apudsuet1ul536.)
900 2975 930 3013 20.
939 2975 983 3013 sua.

156 3025 188 3064 Iul
202 3025 230 3068 56:
243 3025 278 3065 Cic
291 3026 326 3068 Au
340 3026 419 3066 X11.40.
436 3031 449 3068 1.
499 3030 667 3071 32,Suetlu1.56.
1039 3032 1043 3045 s
