2093 3253
164 217 205 263 232
466 233 557 264 sicconis
571 231 686 264 Potamon
710 207 731 252 s

193 383 195 386 ψ
206 347 267 405 quod
281 347 383 395 deliciens
391 360 451 395 aestu
459 348 527 394 nimio
535 348 636 395 maturari
645 367 720 395 necem
728 348 826 395 oraverit.
835 346 909 404 Nepos
917 361 988 399 autem

175 455 177 457 -
206 420 325 470 concidisse
336 420 468 470 avunculum
479 421 535 469 inter
545 438 745 482 servorummanus
756 440 780 469 ac
796 420 902 479 expirasse
918 420 987 480 relert,
1040 476 1042 479 ,

205 494 266 551 quod
280 485 381 552 spiritum
395 494 526 543 obstruxerit
541 494 610 553 caligo
625 482 697 543 clauso
713 494 832 548 stomacho.
848 494 886 551 qui
902 507 989 545 naturae
1046 543 1047 547 ,

205 566 258 614 vitio
270 566 377 615 invalidus
388 565 430 614 sibi
441 579 463 614 et
473 579 578 625 angustus
589 579 653 615 esset.

179 640 191 689 5
249 638 360 699 Nepotem
372 658 422 689 vero
435 638 555 690 avunculus
569 640 612 689 iam
624 639 695 689 lilium
707 639 834 699 adoptatum
847 661 872 688 ac
884 640 989 700 scriptum
1045 637 1047 682 i

205 726 335 762 testamento
351 714 453 762 heredem
468 714 592 763 traduxerat
608 716 631 763 in
647 713 751 763 familiam
767 714 926 764 Secundorum.
942 715 988 765 Nec
1046 731 1047 735 ’

206 786 296 843 quidem
310 800 398 845 patema
412 787 452 834 iste
467 786 505 834 sed
518 786 620 835 avunculi
631 807 643 834 e
653 786 734 835 familia
745 786 771 835 C.
783 786 865 836 Plinius
875 786 989 839 Secundus

205 859 326 918 appellatus
341 873 380 908 est.
396 858 462 908 Hunc
483 860 542 908 enim
563 861 623 918 apud
644 879 710 919 quern
731 860 840 908 nominavi
862 860 988 910 Messenum

205 933 381 989 promuntorium
401 952 451 980 cum
471 931 538 981 classe
559 945 679 981 morantem
699 931 742 981 lata
762 932 851 981 meliora
870 948 988 983 servarunt.

167 1005 193 1051 10
208 1003 296 1062 Quippe
309 1025 384 1054 secum
398 1018 496 1062 pergeret
510 1005 547 1059 ire,
562 1005 635 1052 videre
649 1024 695 1052 rem
709 1026 788 1053 novam
806 1018 828 1053 et
841 1005 989 1054 admirabilem

206 1076 265 1124 haud
279 1095 356 1136 pamm
371 1076 484 1127 solicitavit
501 1076 628 1126 avunculus.
648 1077 697 1136 lpse
713 1089 792 1126 autem,
803 1077 862 1126 dorni
885 1097 907 1126 se
924 1079 988 1127 studii

196 1170 270 1199 causa
286 1150 400 1200 continuit.
419 1150 497 1210 Neque
514 1171 565 1199 vero
583 1151 679 1199 Messeni
696 1150 811 1209 trepidatio
828 1151 909 1200 interea
926 1171 989 1212 parva

206 1222 254 1272 luit.
270 1223 321 1272 Erat
334 1241 422 1281 quoque
435 1223 465 1270 ibi
479 1236 542 1270 nocte
556 1223 668 1271 obscurior
680 1241 723 1277 aer,
736 1224 842 1271 tremebat
855 1236 918 1277 terra,
933 1232 989 1271 mare

206 1295 270 1354 longe
280 1295 397 1344 maioribus
407 1315 473 1355 quam
483 1294 560 1344 soleret
570 1294 672 1344 fluctibus
682 1294 801 1345 intonabat.
812 1294 859 1345 Nec
869 1296 915 1355 ipse
925 1296 989 1345 modo

167 1371 192 1419 15
208 1392 283 1430 nepos,
298 1371 336 1430 qui
351 1371 422 1418 iunior
433 1383 489 1418 esset
500 1370 576 1429 (annos
589 1369 647 1419 haud
657 1368 730 1428 plures
741 1370 827 1419 duobus
838 1390 863 1419 ac
873 1369 917 1418 XX
928 1384 990 1419 natus

206 1443 267 1500 erat),
283 1445 321 1491 sed
331 1443 408 1491 maturi
418 1455 487 1490 aetate
495 1442 594 1490 homines
604 1441 750 1500 militaresque
758 1463 783 1491 ac
792 1444 883 1501 remiges
893 1443 990 1491 maximis

152 1517 154 1519 ’
206 1517 271 1564 etiam
286 1514 386 1574 periculis
399 1514 481 1562 assueti
492 1513 560 1564 multo
573 1534 597 1563 ac
610 1514 678 1564 nimio
690 1528 771 1564 terrore
783 1527 948 1564 contremerent.

246 1588 317 1637 Natus
326 1602 358 1641 est
366 1587 448 1636 Plinius
459 1587 499 1635 iste
510 1607 560 1636 cum
571 1588 687 1646 imperaret
694 1588 761 1636 Nero.
770 1588 827 1636 Patri
838 1596 917 1636 nomen
928 1588 988 1641 lulio,

206 1660 268 1708 uxori
286 1658 410 1708 Callurniae
426 1658 475 1708 luit.
493 1659 552 1708 Haec
569 1659 673 1708 Pisonum
689 1681 701 1708 e
718 1658 798 1708 familia
815 1659 894 1709 nobilis
911 1659 990 1710 lemiua

165 1733 194 1780 20
208 1733 278 1783 filium
292 1733 333 1782 sibi
344 1744 365 1781 et
375 1733 474 1790 concepit
484 1745 505 1781 et
515 1733 605 1791 peperit.
616 1732 712 1780 Nomine
721 1733 761 1780 iste
770 1732 871 1782 avunculi
881 1754 893 1781 e
902 1733 990 1791 vestigio

206 1804 232 1854 C.
249 1805 332 1855 Plinius
347 1804 461 1855 Secundus
474 1804 594 1865 appellatus
607 1818 647 1854 est.
662 1804 766 1855 Crescens
779 1819 852 1855 autem
864 1807 887 1855 in
899 1819 990 1855 aetatem

207 1879 342 1939 eloquentiae
353 1878 444 1928 studuit.
456 1879 564 1928 Nostrum
575 1891 648 1928 autem
655 1879 757 1935 Plinium,
766 1880 811 1939 qui,
823 1892 848 1928 ut
860 1880 911 1935 dixi,
923 1901 990 1929 avun-
1020 1890 1022 1892 ’

206 1952 250 2000 culi
257 1952 315 2000 filius
322 1953 437 2009 adoptatus
445 1972 470 1999 ac
478 1952 539 2000 heres
547 1950 596 2005 luit,
604 1970 660 2000 uxor
667 1952 774 2000 adamavit
782 1954 843 2001 mire.
854 1952 926 2010 Ipsam
934 1953 991 2001 enim

207 2024 284 2074 marito
297 2045 348 2074 cum
360 2036 397 2073 aut
410 2022 489 2082 legeret
502 2037 539 2074 aut
557 2023 659 2073 scriberet
677 2025 773 2073 tenuisse
790 2024 944 2074 candelabrum
957 2024 990 2073 Sin

165 2099 193 2152 25
208 2099 287 2147 donius
303 2099 326 2146 in
343 2096 439 2157 epistolis
456 2110 568 2152 memorat,
584 2097 676 2146 eandem
693 2118 780 2157 quoque
797 2098 890 2147 maritus
902 2098 991 2147 laudans

206 2170 281 2217 scribit
296 2190 344 2217 eam
358 2169 427 2216 solere
439 2189 494 2228 quos
507 2168 610 2216 edidisset
623 2168 705 2218 Plinius
718 2170 765 2228 ipse
777 2169 844 2219 libros
857 2170 919 2219 avide
931 2168 991 2218 lecti·

206 2257 258 2298 tare,
274 2262 329 2302 quos
342 2241 428 2305 lecisset
440 2260 515 2301 versus
528 2242 627 2302 suaviter
635 2242 755 2298 decantare,
769 2263 820 2292 cum
832 2256 904 2303 ageret
918 2263 991 2293 causas

206 2317 289 2365 solicite
302 2316 430 2375 investigare
443 2336 487 2373 quo
500 2336 552 2364 cum
564 2314 638 2363 lavore
650 2315 738 2364 auditus
751 2329 814 2365 esset.
827 2316 889 2365 Adeo
903 2317 991 2376 quidem

206 2391 276 2447 ipsam
290 2389 393 2448 cupidam
410 2388 479 2437 laudis
497 2401 518 2437 et
536 2388 615 2447 gloriae
632 2386 699 2437 luisse
717 2389 788 2438 mariti
805 2388 871 2437 refert
888 2389 955 2448 quod,
974 2389 991 2435 si

164 2463 193 2511 30
208 2481 271 2511 causa
282 2461 381 2519 proximo
392 2461 415 2509 in
425 2461 473 2509 loco
484 2473 589 2519 ageretur,
601 2482 626 2509 ea
637 2461 729 2509 discreto
740 2461 788 2510 velo
799 2462 876 2510 sedens
888 2463 944 2511 inter
955 2482 992 2510 au-

206 2535 290 2583 dientes
300 2534 330 2582 rei
341 2546 444 2584 eventum
453 2535 516 2583 tacita
526 2546 654 2592 expectaret.

247 2607 329 2655 Plinius
343 2619 418 2655 autem
440 2606 545 2655 rationem
567 2608 629 2655 metri
651 2605 745 2656 faciendi
766 2627 791 2656 ac
813 2608 915 2667 poetandi
937 2608 992 2656 inter

205 2681 275 2739 prima
290 2679 362 2728 studia
374 2680 534 2728 accuratissime
547 2679 630 2728 didicit.
643 2679 720 2728 Annos
733 2699 784 2730 vero
799 2680 845 2729 llll
859 2693 880 2729 et
893 2680 915 2729 X
927 2699 992 2739 agens

218 2827 234 2863 2.
247 2826 290 2865 rin.
301 2827 332 2872 n.
344 2826 373 2865 u,
389 2814 444 2864 ran.
500 2826 516 2864 a.
528 2826 570 2865 rra.
581 2826 612 2871 n.
625 2826 653 2865 vr.
666 2826 695 2865 κο.
756 2827 785 2867 24.
797 2826 855 2866 saon.
866 2829 897 2873 n.
907 2828 929 2867 11.
948 2825 990 2865 105.

163 2887 288 2933 26,Ρ1ῐη.Ερ.
301 2886 331 2925 lV.
347 2887 385 2925 192
397 2901 433 2932 sqq.
482 2888 511 2926 29.
523 2887 565 2926 thid.

217 3010 249 3053 33.
265 3010 284 3054 X
299 3015 312 3052 ι’.
323 3028 344 3059 r.;
355 3018 398 3053 erar
412 3009 459 3054 XX.
