2093 3253
165 260 206 308 450
462 272 557 305 siccorus
571 271 689 303 rotsurour

170 431 172 436 ,
209 389 236 437 ab
247 387 310 436 exilio
322 398 433 434 revocatus
445 385 494 442 egit,
504 384 526 432 in
537 383 662 441 Aruspices,
674 384 702 431 de
712 383 830 432 Provinciis
840 383 999 434 Consularibus

210 459 313 519 singulae.

205 566 214 573 υ
251 533 363 582 Postremo
385 530 413 580 ad
427 530 518 580 rlulium
540 529 656 580 Caesarem
677 530 806 579 dictatorem
827 531 934 580 orationes
958 549 999 590 pro

210 607 244 657 M.
260 605 372 661 Marcello,
387 624 428 663 pro
439 604 467 661 Q.
480 604 573 663 Ligario,
585 622 625 663 pro
637 604 741 654 Deiotaro
752 623 801 663 rege
812 604 912 663 scriptae.

174 682 196 730 ,5
253 679 313 727 Haec
328 678 355 727 de
370 678 503 727 orationibus
517 677 598 736 placuit
612 695 738 725 memorare.
754 677 799 727 lsto
812 677 870 726 enim
884 677 906 725 in
919 670 1000 736 genere

211 751 277 803 studii
290 751 410 811 plurimum
422 771 447 799 ac
460 770 545 799 summa
557 770 609 799 cum
622 750 686 799 laude
698 762 795 799 versatus
808 763 840 799 est
853 749 938 799 Cicero.
953 749 1000 799 lllis

210 840 284 877 autem
298 825 423 885 proximum
441 845 509 884 genus
528 823 669 883 epistolarum
687 837 727 874 est.
746 823 888 873 Orationibus
907 824 1000 885 quidem

211 898 313 959 epistolae
329 899 358 946 ita
375 898 516 947 similitudine
532 909 583 946 sunt
599 898 728 946 coniunctae
744 898 804 955 quod
820 917 867 945 esse
882 897 957 945 affines
972 916 999 944 ac

211 972 304 1021 sororiae
319 970 439 1025 videantur,
454 969 483 1018 ita
498 982 549 1018 sunt
561 969 679 1018 ¹dissimiles
694 969 797 1029 omnique
811 968 882 1022 lorm'a
896 982 917 1017 et
931 969 1000 1017 artifiae

173 1047 198 1095 ll]
213 1046 247 1094 cio
261 1042 365 1093 differunt
385 1055 410 1091 ut
430 1041 479 1092 illae
500 1043 624 1098 ornatiores,
646 1043 745 1098 maiores,
766 1041 924 1102 locupletiores,
946 1042 1001 1099 istae

212 1116 343 1177 quotidianis
358 1136 426 1174 prope
437 1116 509 1165 verbis
520 1128 634 1165 contentae
645 1136 670 1165 ac
681 1116 745 1174 longe
761 1117 870 1165 breviores
887 1116 938 1170 sint3
949 1115 998 1163 illae

212 1203 307 1249 preterea
321 1189 350 1237 ad
364 1202 474 1247 presentes
483 1189 646 1247 audientesque,
656 1189 710 1237 istae
719 1189 747 1237 ad
756 1210 793 1238 eos
803 1189 869 1237 modo
879 1190 917 1247 qui
927 1188 999 1237 absint

211 1263 271 1311 fiant.
286 1261 393 1320 Epistolas
408 1261 497 1321 quidem
512 1261 591 1310 multas
604 1281 629 1310 ac
643 1261 738 1311 infinitas
753 1262 884 1321 easdemque
897 1260 999 1320 pulcher-

212 1339 276 1386 rimas
291 1336 314 1384 in
325 1356 351 1384 eo
361 1335 460 1384 familiari
473 1348 495 1384 et
507 1336 627 1385 domestico
640 1335 749 1384 scribendi
762 1330 942 1396 genere‘scriptas
953 1348 999 1384 esse

173 1412 198 1460 15
213 1432 226 1459 a
241 1409 352 1463 Cicerone,
360 1409 401 1468 'qui
410 1408 497 1467 longam
506 1409 529 1457 in
537 1422 630 1458 aetatem
638 1408 698 1465 vixit,
708 1409 746 1468 qui
755 1429 789 1458 res
799 1409 902 1459 maximas
911 1422 933 1459 et
943 1408 1000 1459 mul-

212 1497 244 1531 tas
259 1481 334 1537 obivit,
343 1483 382 1540 qui
391 1482 529 1531 doctissimus
537 1481 586 1536 tuit,
596 1483 633 1540 qui
643 1482 729 1530 dicendi
738 1482 761 1530 in
769 1483 847 1531 studiis
856 1502 922 1541 quam
931 1482 1000 1530 maxi-

213 1570 248 1616 me
262 1569 389 1611 versaretur,
402 1555 509 1605 dubitare
519 1568 591 1615 potest
601 1577 673 1606 nemo.
684 1555 743 1605 Mihi
754 1550 947 1617 'enimpersuaderi
957 1554 1001 1604 hoc

212 1626 275 1676 facile
289 1628 365 1685 patiar.
377 1627 422 1675 Sed
433 1627 512 1676 desunt
524 1628 612 1676 multae.
624 1627 732 1676 Omnium
742 1641 816 1676 autem
828 1648 883 1686 quae
894 1628 938 1675 sint
949 1640 999 1675 ante

212 1699 349 1750 consulatum
371 1700 462 1760 scriptae
486 1700 565 1749 vidisse
588 1699 655 1749 ullam
678 1701 795 1749 memoriae
817 1720 862 1750 non
885 1700 1001 1749 succurrit,

170 1777 199 1826 20
214 1775 293 1833 Neque
306 1792 358 1823 vero
372 1791 421 1833 pars
434 1773 494 1823 deest
506 1792 571 1833 parva
583 1793 657 1823 earum
669 1775 765 1834 ipsarum
777 1795 830 1834 quas
842 1776 865 1824 in
877 1773 1009 1828 consulatu,-

213 1866 266 1906 quas
281 1859 331 1904 post
345 1847 482 1896 consulatum
497 1848 589 1905 scripsit.
604 1847 646 1896 Eas
660 1847 728 1896 luisse
741 1846 860 1906 permultas
874 1847 1001 1897 testimonio

194 1954 197 1958 ,
213 1920 333 1979 peritorum
342 1918 418 1979 liquet.
431 1917 519 1969 lllarum
529 1939 580 1970 vero
590 1941 646 1980 quae
656 1940 722 1970 suum
731 1918 760 1969 ad
769 1918 898 1971 familiarem
908 1919 999 1971 Cornel-

212 1992 267 2042 lium
280 1991 399 2051 Nepotem,
415 1996 473 2051 quae
486 2013 552 2041 suum
566 1993 595 2041 ad
609 1994 680 2042 filiurn
696 1993 805 2048 Marcum,
821 2013 876 2054 quae
891 1994 999 2043 iuniorem

212 2067 240 2115 ad
255 2065 376 2122 Caesarem,
388 2086 444 2125 quae
454 2066 483 2115 ad
493 2066 592 2115 eonsules
603 2066 695 2116 Pansam
706 2080 728 2116 et
739 2065 840 2117 Hircium
851 2067 943 2126 scriptae
954 2088 1002 2126 me7

171 2140 199 2189 25
215 2150 326 2188 morantur
345 2151 417 2197 preter
442 2139 561 2189 admodum
581 2140 686 2199 quasdam
706 2141 837 2199 easdemque
856 2160 935 2200 paucas
955 2140 1003 2189 vidi

188 2245 189 2249 =
213 2209 302 2262 nullam.
317 2209 466 2271 Epistolarum-
474 2212 541 2261 libros
552 2212 580 2262 ad
597 2212 697 2263 Hircium
714 2214 812 2274 quinque
822 2213 850 2263 ad
861 2232 917 2275 quos
929 2213 999 2261 nomi·

213 2284 262 2335 navi
282 2285 362 2334 amicos
383 2284 499 2346 pluresque
519 2285 572 2334 alios
592 2285 685 2336 illustres
706 2288 763 2336 viros
784 2301 805 2337 et
825 2299 924 2347 potentes
943 2287 1002 2336 viros

213 2358 305 2414 scripsit.

113 2496 115 2498 v
255 2428 334 2480 Extant
349 2430 439 2489 quidem
456 2451 468 2480 e
485 2430 559 2481 multis
576 2452 629 2491 quas
647 2431 735 2492 reliquit
752 2432 842 2492 scriptas
860 2430 1003 2492 epistolarum

172 2506 200 2554 30
215 2503 264 2553 libri
273 2503 302 2552 ad
312 2503 346 2553 M.
356 2503 449 2554 Brutum
458 2525 522 2559 unus,
532 2504 561 2552 ad
570 2504 598 2561 Q
608 2503 697 2555 fratrem
706 2518 757 2561 tres,
767 2506 795 2555 ad
805 2506 920 2555 Caesarem
929 2505 1003 2554 iunio·-

214 2595 260 2623 rem
274 2595 338 2630 unus,
351 2576 380 2624 ad
392 2574 538 2633 Pomponium
550 2575 648 2625 Atticum
660 2577 722 2633 XVl;
735 2578 763 2626 ad
775 2579 832 2627 viros
846 2599 934 2638 quoque
946 2578 999 2627 alios

213 2659 264 2696 sunt
279 2646 420 2705 epistolarum
436 2647 547 2697 Ciceronis
563 2648 613 2698 libri
628 2649 690 2699 XVI.
706 2649 778 2708 Vulgo
793 2651 828 2700 isti
838 2649 1000 2704 Familiarium,

172 2764 310 2773 ,——-.-—-

211 2833 231 2879 4.
245 2834 276 2879 Ex
290 2834 393 2888 Deyotaro
407 2853 456 2881 corr.
471 2835 537 2889 (eriam
552 2842 571 2882 r‘n
585 2838 664 2893 indice).
719 2840 738 2883 9.
752 2840 866 2895 omni(que)
882 2846 895 2886 ι’.
909 2858 934 2893 r.;
943 2859 968 2886 eac
981 2850 1003 2883 et

170 2900 286 2954 artlificiol)
304 2908 373 2947 statim
390 2920 441 2948 corr.
499 2904 529 2949 l7.
548 2903 640 2951 dubitare
658 2917 724 2959 potest
742 2924 802 2951 nemo
821 2914 835 2952 ι’.
854 2927 880 2953 m.
898 2907 935 2961 inf.
953 2905 1000 2952 odd.

171 2966 204 3019 31.
220 2968 246 3015 ad
259 2969 333 3015 viros...
348 2971 450 3017 Ciceronis
464 2978 510 3032 1',«r.;
525 2991 549 3017 ex
563 2971 617 3017 hunc
629 2973 684 3018 enim
697 2992 722 3019 ex
736 2974 831 3020 omnibus
840 2993 905 3019 unum
914 2974 1003 3020 amicum.

171 3044 239 3089 statim
253 3056 303 3082 corr,
344 3038 390 3084 ·32.
404 3038 436 3085 Ex
449 3038 554 3085 familiares
568 3059 618 3087 corr.
949 3045 950 3048 ¹
