2093 3253
252 182 386 213 scurrrouuu
400 182 527 215 niusnuum
540 194 555 199 -
568 183 626 214 traua
641 184 673 214 ur.
849 170 877 215 89

94 309 141 346 tum
156 294 218 346 esset.
234 295 315 350 Rerum
322 307 397 349 ,autem
405 315 494 351 suarum
504 314 553 355 erga
563 315 638 350 omnes
648 297 877 360 liberalis'fuit.'Dice·

94 370 131 419 bat
145 370 204 419 enim
214 369 323 428 Euripidis
334 364 462 422 esententia
473 370 547 418 omnia
557 371 677 418 amicorum
688 390 735 418 esse
746 372 877 421 eommunia.

93 443 187 494 Proinde
197 442 289 500 Neapoli
300 462 363 500 saepe
373 442 489 491 obversans
499 443 638 497 Parthemias,
651 443 692 490 hoc
702 456 735 491 est
744 444 789 491 vita
798 442 877 500 proba·

94 529 136 571 tus,
145 514 292 574 appellabatur
301 513 373 574 vulgo.
383 511 473 564 Nolanis
482 524 555 564 autem
564 515 729 564 subinimicatus
739 527 771 563 est
780 515 877 574 paulum,

68 591 81 641 5
96 588 156 649 quod
170 588 251 648 petenti
268 588 309 637 sibi
325 582 405 648 aquam
421 608 486 637 suum
502 589 530 637 ad
546 589 680 647 irrigandum
696 589 810 647 praedium
822 589 877 638 dare

93 662 223 721 pertinacius
236 659 376 710 recusassent}
382 661 453 723 *Hanc
464 680 515 712 vero
527 662 556 711 ob
569 681 615 711 rem
628 662 688 721 quasi
702 682 780 720 magna
792 661 877 711 lacessi-

44 768 45 771 =
93 747 128 783 tus
148 733 226 782 iniuria
248 731 316 781 Nolae
348 753 435 787 nomen,
460 734 526 792 quod¹
544 732 703 791 Georgicorum
727 734 824 783 secundo
847 736 877 783 ita

94 807 207 865 scripserat
218 805 273 854 libro
284 823 293 847 r<
301 805 378 854 Talem
386 805 448 854 dives
459 817 504 854 arat
515 805 591 863 Capua
601 818 623 854 et
633 806 703 855 vicina
713 805 797 855 Vesevo
807 807 877 856 Nolae

94 881 151 937 iugo,
161 895 171 921 ³>
185 880 264 928 abrasit
278 897 373 937 prorsus.
390 879 466 936 Ipsum
480 892 557 927 autem>
567 879 597 927 ita
611 878 736 928 reformavit
751 899 838 928 versum
852 893 877 928 ut

57 955 82 1001 10
96 970 105 992 <t
113 971 151 999 ora
159 968 168 992 >t
176 971 215 1009 pro
223 968 232 992 t<
240 950 297 999 Nola
306 964 455 1000 »commutato
462 953 550 999 nomine
557 951 681 999 habeamus.
711 984 713 987 v

135 1023 221 1076 Statura
235 1022 337 1081 Virgilius
352 1042 443 1080 magnus
457 1022 506 1072 fuit.
521 1021 619 1081 Corpore
633 1024 720 1080 grandis
734 1021 783 1073 tuit.
798 1022 877 1072 Colore

64 1140 66 1143 .
93 1097 196 1156 subniger
209 1095 257 1147 luit.
272 1096 358 1146 Faciem
371 1115 422 1146 vero
435 1096 511 1145 habuit
524 1098 662 1146 rusticanam.
676 1096 801 1151 Versabatur
814 1118 877 1157 saepe

93 1171 211 1233 valitudine
219 1172 283 1220 varia.
294 1171 435 1219 Stomachum
444 1170 535 1229 quidem
543 1170 660 1226 interdum,
671 1169 743 1219 lauces
753 1170 876 1230 aliquando,

93 1256 158 1301 caput
171 1243 340 1301 saepedolebat.
354 1243 469 1300 Sanguinis
482 1244 547 1290 etiam
559 1241 667 1291 uomitum
678 1263 757 1301 passus
770 1256 810 1292 est.
827 1243 876 1292 Cibi

56 1318 80 1365 15
89 1327 168 1365 ἱειιιῒεῑηι
176 1316 250 1365 etvini
258 1315 363 1370 modicus,
373 1314 432 1364 omni
441 1314 534 1373 denique
542 1314 585 1364 vita
594 1314 705 1371 modestus
713 1335 738 1365 ac
745 1327 877 1379 temperatus

69 1444 71 1447 Α
94 1389 142 1438 luit.
157 1389 282 1438 Plusculum
295 1388 361 1437 modo
373 1388 524 1447 quamliceret
537 1389 627 1447 pronior
639 1389 662 1436 in
675 1388 789 1437 libidinem
797 1387 877 1454 fertur.

94 1461 126 1510 Ex
140 1452 250 1510 famulicio
265 1461 339 1509 dilexit
348 1474 398 1509 ante
407 1461 459 1508 alios
470 1460 575 1508 Cebetem
584 1474 605 1508 et
615 1461 771 1510 Alexandrum.
786 1461 877 1510 Amasse

92 1534 145 1582 istos
161 1534 250 1593 quidam
265 1546 352 1591 turpem
367 1532 531 1587 oblibidinem,
547 1532 614 1591 aliqui
631 1533 712 1580 bonam
728 1532 757 1581 ob
772 1533 876 1588 indolem,

93 1608 125 1657 uti
139 1607 274 1657 Alcibiadem
283 1607 362 1656 amavit
372 1607 477 1661 Socrates,
488 1606 570 1665 opinati
580 1618 638 1654 sunt.
649 1604 736 1665 Nempe
745 1605 822 1655 doctus
832 1619 877 1655 erat

53 1682 80 1728 20
95 1693 193 1739 uterque.
208 1680 378 1728 Grammaticam
387 1680 449 1726 enim
461 1679 588 1732 Alexander,
602 1679 772 1736 poeticamvero
789 1679 877 1737 profite-

93 1753 156 1802 batur
171 1753 249 1801 Cebes.
262 1752 409 1801 Alexandrum
421 1751 480 1798 enim
493 1751 533 1798 sibi
547 1751 677 1798 donatuma
689 1750 786 1799 Pollione
803 1750 877 1809 egloga

92 1827 186 1878 secunda
200 1827 286 1875 Alexim
300 1838 369 1874 vocat.

137 1901 162 1947 In
177 1900 254 1947 studiis
268 1899 357 1956 quidem
371 1911 445 1955 poetas
459 1898 554 1945 nominis
569 1897 708 1945 latiniadeo
719 1897 802 1945 excellit
813 1897 877 1956 Maro

93 1973 153 2032 quod
167 1971 204 2021 illo
218 1972 240 2020 in
256 1971 331 2020 ordine
339 1970 473 2029 principetur
481 1969 564 2017 cunctis
573 1981 639 2028 atque
648 1968 779 2027 singularem
788 1981 809 2017 et
817 1989 877 2018 sum-

53 2047 79 2095 25
95 2065 154 2108 mam
168 2046 197 2093 ob
212 2044 365 2098 excellentiam,
380 2043 412 2091 uti
429 2042 457 2091 de
473 2042 588 2092 Aristotele
605 2043 643 2101 qui
660 2041 822 2101 philosophum,
839 2055 878 2091 aut

93 2120 121 2167 de
135 2118 240 2167 Cicerone
254 2117 292 2176 qui
307 2129 420 2171 oratorem,
434 2115 463 2164 ita
477 2115 504 2164 de
518 2114 607 2173 Virgilio
621 2114 681 2173 loqui
691 2116 729 2174 qui
740 2128 827 2173 poetam
836 2136 875 2164 no=

94 2192 161 2240 minet
175 2191 279 2239 videatur.
298 2188 351 2237 Eius
364 2201 437 2237 tamen
451 2188 479 2236 ad
492 2186 572 2236 lamam
587 2187 745 2239 obscurandam
758 2201 806 2236 tum
820 2202 877 2242 ante,

71 2296 72 2299 =
93 2276 141 2314 tum
155 2276 296 2323 posteaquam
309 2262 389 2316 obisset
401 2261 460 2309 diem
472 2261 566 2318 impetus
580 2259 642 2308 multi
655 2259 713 2308 lacti.
732 2259 819 2318 Quippe
832 2281 886 2308 non.

93 2336 163 2387 deluit
177 2357 232 2396 quae
246 2337 268 2385 in
288 2355 339 2384 eum
358 2334 443 2383 latraret
462 2333 544 2393 ubique
560 2330 655 2391 'gliscens
673 2333 761 2382 invidia.
780 2333 876 2392 Arguere
904 2338 906 2340 ’

52 2410 80 2458 30
95 2410 184 2469 quidam
199 2409 317 2462 historiam,
325 2407 391 2465 aliqui
399 2407 559 2464 grammaticam
570 2405 726 2463 reprehendere
737 2406 806 2453 conati
818 2420 877 2454 sunt.

93 2482 134 2531 His
149 2481 256 2536 Bucolica,
269 2480 310 2528 illis
324 2479 437 2537 Georgica,
450 2478 496 2527 aliis
510 2470 575 2526 Eneis
588 2477 695 2536 displicet.
710 2476 811 2538 Collegit
819 2477 876 2527 furta

83 2672 165 2743 'averia
178 2683 235 2742 Georg.
248 2694 269 2732 ll.v
282 2690 366 2735 2242225.

53 2813 195 2820 w

92 2893 110 2938 6.
126 2891 266 2947 (recususstet)
281 2896 294 2934 ἱ,
309 2907 331 2939 r.;
345 2897 387 2932 erut
404 2890 514 2932 recusaret?
571 2884 603 2931 2l.
622 2885 676 2931 enim
693 2903 738 2930 sscr.
794 2885 826 2931 21,
844 2886 878 2931 Ex-

51 2957 132 3004 donavit
145 2976 194 3002 corr.
248 2956 281 3001 21.Ἰ
295 2974 307 2999 a
320 2973 367 3004 sacr.
