2093 3253
168 210 208 256 434
465 224 560 256 sicconis
574 224 695 255 cocturam
743 217 746 220 ’

210 341 298 399 pliceret
319 339 418 397 sumpsit,
439 338 559 397 Pompilius
579 358 630 388 vero
649 351 674 387 ut
694 338 787 397 placeret
811 339 907 394 Antonio
932 341 996 393 etiam

170 451 172 457 ,
210 413 311 472 precibus
325 412 455 471 impetravit,
471 410 559 466 oblitus,
575 411 732 470 ingratissimus
748 411 821 467 homo,
837 433 860 461 se
875 413 906 462 ire
921 414 944 461 in
959 435 996 463 ne-

188 525 202 549 &
210 506 259 534 cem
269 484 309 533 viri
324 484 370 533 eius
385 484 423 542 qui
438 483 558 541 patrocinio
570 504 610 532 suo
621 496 646 532 ut
657 484 703 541 ipse
714 484 795 534 viveret
806 485 919 534 effecisset.
931 486 996 536 Hunc

212 558 270 608 enim
285 556 370 607 dudum
383 569 433 606 ante
448 568 523 615 rogatu
540 555 575 605 Μ.
591 554 667 611 Caelii,
682 554 793 607 lamiliaris
809 558 850 613 sui.
866 579 917 608 cum
933 559 995 610 rebus

186 630 346 681 §felicioribus
360 629 468 678 frueretur
486 628 571 684 Cicero,
588 642 713 678 accusatum
729 632 845 688 parricidio
853 632 951 689 liberavit
959 654 997 683 nec

213 703 292 752 deinde
306 700 440 750 illumlacto
451 701 496 750 ullo
508 701 594 750 dictove
605 701 703 750 offendit.
710 701 746 750 ‘Hi
757 722 844 762 nanque
856 703 950 753 militurn
961 725 997 753 co-

214 777 275 824 horte
289 787 376 834 accepta
389 792 481 833 propere
494 786 593 828 suntne
608 773 668 821 ltalia
681 773 801 830 decederet,
815 796 827 824 e
839 776 929 835 vestigio
942 776 998 825 inse·

214 850 266 898 cuti.
280 848 360 897 Villam
374 846 467 902 intrant,
483 847 556 895 omnia
570 846 745 905 perscrutantur.
768 848 821 897 Inde
841 862 952 898 currentes
971 853 997 900 ad

172 962 174 965 .
215 942 273 971 mare
288 920 344 970 forte
358 922 431 980 ipsum
445 920 468 967 in
483 921 566 974 itinere,
581 920 635 967 dum
648 920 717 974 letica,
732 932 757 968 ut
771 921 822 976 dixi,
837 934 959 980 portaretur
972 924 998 971 ad

177 998 203 1045 10
217 1014 301 1049 navem,
316 994 437 1043 inveniunt.
452 992 539 1041 Caietae
551 992 580 1041 ad
591 992 613 1040 X
626 991 684 1041 milia
697 1013 808 1051 passuum,
822 995 875 1042 mari
884 1007 961 1043 autem
972 997 1000 1044 ad

216 1069 260 1117 duo
275 1067 335 1116 milia
349 1086 404 1125 quae
419 1064 530 1114 Ciceronis
544 1065 659 1114 Formiano
672 1066 695 1113 in
707 1084 758 1124 agro
770 1078 818 1116 tum
831 1066 881 1116 villa
893 1080 938 1116 erat
950 1088 998 1126 pro-

216 1141 298 1199 pinque
318 1153 357 1188 est.
375 1139 423 1196 lpse
446 1158 505 1193 vero,
529 1151 553 1186 ut
576 1145 670 1187 armatos
693 1139 865 1199 cursitantesque
884 1141 998 1198 prospexit,

217 1234 274 1266 mox,
289 1213 321 1260 uti
336 1224 387 1266 erat,
400 1211 448 1259 illos
460 1211 489 1259 ad
501 1231 524 1258 se
536 1211 659 1259 necandum
671 1210 747 1259 missos
759 1231 784 1260 ae
796 1213 824 1260 de
836 1203 859 1260 se
870 1225 944 1260 actum
955 1234 1000 1261 esse

217 1283 325 1344 cognovit.
340 1282 428 1342 Deponi
445 1282 535 1342 quidem
553 1282 626 1332 subito
643 1281 728 1331 leticam
745 1304 787 1342 qua
804 1283 923 1333 vehebatur
940 1284 1000 1333 iussit

179 1359 204 1407 15
219 1357 309 1415 levaque
324 1376 390 1405 manu
404 1355 495 1404 barbam
509 1377 521 1404 e
536 1373 596 1404 more
614 1354 740 1404 demulcens
759 1356 885 1405 obedienter
903 1353 1000 1414 iugulum

218 1429 342 1488 petentibus
360 1428 453 1487 prebuit.
477 1428 529 1477 Non
547 1428 660 1486 gemitum,
679 1448 723 1476 non
741 1428 899 1482 lamentationis
915 1431 999 1488 signum

218 1502 279 1550 dedit
296 1501 372 1556 ullum,
388 1501 448 1559 quod
464 1500 537 1549 animo
552 1519 575 1548 se
590 1500 620 1548 ita
637 1492 794 1558 composuisset
807 1514 838 1556 ut,
849 1521 1001 1561 quemcunque

219 1575 305 1625 lortuna
320 1575 402 1625 exitum
416 1573 457 1623 sibi
474 1573 541 1629 daret,
557 1572 619 1624 illum
629 1572 695 1623 lerret
704 1573 817 1633 patienter,
828 1569 889 1635 quod
898 1596 921 1625 se
931 1594 971 1635 pro
981 1594 1003 1624 re

219 1648 306 1708 publica
320 1647 389 1697 occidi
404 1658 491 1705 putaret
507 1646 626 1705 gloriosum
637 1666 676 1695 nec
687 1658 781 1695 mortem
791 1646 851 1695 obire
862 1646 901 1695 secl
911 1646 970 1694 abire
980 1646 1000 1693 in

134 1729 136 1731 ’
178 1723 207 1770 20
221 1721 305 1769 caelum
320 1720 433 1768 beatorum
446 1720 475 1767 ad
489 1719 556 1767 vitam
569 1732 591 1767 et
604 1718 721 1766 concilium
735 1718 851 1767 videretur.
886 1742 888 1746 ³

273 1789 323 1841 Illos
338 1791 397 1840 enim
406 1790 481 1840 vivens
491 1790 619 1849 approbavit
632 1811 745 1849 nunquam
758 1790 796 1849 qui
809 1790 949 1839 morientium
958 1789 1003 1837 ani-

221 1886 268 1914 mos
282 1877 319 1914 aut
334 1863 398 1913 simul
411 1884 462 1913 cum
474 1882 564 1928 corpore
576 1863 663 1912 interire
675 1876 712 1931 aut
724 1875 774 1922 post
786 1863 882 1922 corporis
894 1863 1004 1911 interitum

221 1937 292 1997 vagari
309 1937 443 1996 aliquamdiu
461 1937 500 1984 sed
517 1936 594 1994 perdiu
612 1956 656 1984 non
674 1936 746 1984 vivere
762 1936 901 1984 affirmarent.
919 1934 1003 1993 Nempe

222 2008 362 2070 philosophos
373 2022 460 2059 secutus
472 2023 504 2058 est
517 2008 601 2064 Cicero,
614 2008 653 2058 sed
665 2008 713 2057 illos
723 2029 762 2067 spe
772 2030 797 2058 ac
807 2008 910 2068 opinione
920 2021 1003 2064 secutus

181 2085 210 2133 25
225 2083 262 2146 qui
277 2082 401 2131 mortalium
415 2081 498 2130 animos
521 2081 653 2129 immortales
673 2101 700 2139 ,ac
722 2080 807 2130 divinos
830 2102 876 2129 esse
898 2093 1005 2140 putarent5

222 2156 306 2204 aditum
320 2175 371 2204 vero
386 2155 409 2202 in
423 2154 507 2202 caelum
519 2154 561 2202 illis
574 2167 631 2202 certe
644 2154 716 2211 negari
729 2154 767 2212 qui
780 2175 803 2202 se
815 2151 930 2212 inquinent
943 2153 1018 2205 vitiis;'

223 2227 261 2286 qui
275 2239 348 2277 autern
363 2226 459 2275 humano
473 2226 496 2274 in
511 2245 601 2284 corpore
617 2225 652 2274 ita*
661 2225 733 2274 vivant
749 2237 773 2274 ut
788 2247 812 2275 se
822 2227 916 2284 integros
927 2236 1004 2275 castos·

223 2321 266 2360 que
280 2310 414 2353 conservent,
432 2319 469 2347 eos
484 2296 547 2346 lacile
568 2298 629 2356 quasi
651 2317 712 2346 suam
734 2297 762 2345 ad
778 2299 869 2357 patriam
886 2299 908 2346 in
925 2296 1006 2347 caelum

223 2371 345 2421 ascendere.
696 2427 698 2429 ¹

183 2448 212 2496 30
268 2443 341 2503 Caput
360 2443 460 2493 Ciceroni
480 2443 599 2502 amputavit
620 2441 739 2501 Pompilius
754 2443 821 2502 idque
837 2442 901 2492 simul
916 2463 941 2491 ac
956 2441 1006 2490 dex·

224 2532 293 2567 teram
307 2537 397 2566 manum
410 2517 439 2565 ad
453 2517 531 2565 urbem
545 2529 640 2576 patratae
654 2515 726 2564 caedis
740 2516 889 2565 testimonium
904 2515 943 2564 sed
956 2512 1005 2562 civia

226 2593 268 2640 bus
282 2590 345 2640 bonis
359 2591 420 2639 triste
438 2610 463 2638 ac
482 2587 795 2655 miserandum-spectaculum
813 2589 933 2638 videndum
952 2585 1006 2636 tulit.

226 2665 343 2724 Reliquum
362 2676 435 2714 autem
458 2663 561 2723 corporis,
577 2662 659 2712 libertis
680 2674 740 2711 metu
761 2661 925 2722 diffugientibus
945 2673 1007 2719 atque

226 2738 335 2796 dispersis,
355 2737 453 2794 sepelivit
473 2737 499 2783 L.
520 2736 603 2789 Lamia,
627 2735 660 2782 vir
680 2735 762 2782 ordinis
783 2735 889 2792 equestris
905 2732 1006 2791 egregius.

184 2858 327 2872 ἢ

227 2915 258 2970 25.
274 2923 386 2969 mortalium
406 2924 482 2968 animos
506 2921 644 2978 immortales)
662 2928 678 2966 ¹i.
701 2925 726 2974 'r.‚·
749 2941 772 2967 ex
792 2923 869 2966 animos
891 2914 1008 2985 immortales

185 2993 267 3038 eosdem
280 2997 347 3036 statim
361 3008 409 3035 corr.
718 2992 720 2994 ’
944 2986 946 2989 ’
