2093 3253
133 183 160 231 68
231 228 233 232 ,
276 231 278 235 ,
431 196 525 227 srcconrs
544 194 662 244 eorrurour

175 323 240 372 atque
254 312 284 361 ita
298 310 409 370 displicuit
421 324 445 359 ut
457 309 500 359 sint
513 329 563 358 mox
575 309 683 367 expositae
695 308 780 358 tabulae
792 329 848 368 quae
860 309 961 357 iuberent
1022 300 1042 344 -

176 385 287 434 Nasonem
300 387 324 447 in
339 384 428 433 exilium
447 383 475 432 ad
494 382 609 432 Thomitas
629 383 668 432 ire.
683 382 765 431 Dolore
784 394 857 431 autem
878 383 960 440 ingenti

176 471 236 506 actus
251 458 344 507 Ovidius
361 477 411 505 mox
427 475 570 515 quaecunque
584 455 672 503 haberet
687 457 774 514 scripta,
789 456 904 513 presertim
916 475 961 503 non

177 531 296 586 emendata,
311 543 377 589 atque
391 547 461 588 nuper
476 528 564 578 editum
576 528 615 577 sed
630 549 674 577 non
689 528 740 577 satis
756 528 788 577 uti
803 540 892 587 cuperet
907 527 961 577 deti·

143 604 164 663 ι5
180 616 263 665 matum
277 603 495 667 Methamorphoseos
511 623 567 660 opus
583 602 694 660 egregium
709 601 808 650 ardentes
825 602 848 649 in
864 600 962 649 flammas

177 676 235 724 iecit.
252 677 278 724 Id
290 695 342 724 vero
357 675 574 732 Methamorphoseos
588 687 613 722 ut
627 674 709 722 veniret
722 674 750 721 ad
764 686 861 730 posteros
875 691 962 720 consera

179 748 242 801 ravit,
258 747 318 806 quod
328 746 437 805 exemplar
446 746 492 794 eius
502 747 540 804 qui
550 746 648 795 viderant
657 745 721 794 amici
731 745 830 793 delectati
840 763 863 793 re
873 751 929 793 nova
938 763 963 792 ac

179 819 323 878 pulcherrima
337 820 382 868 iam
396 819 507 867 haberent.
521 818 599 867 Annus
617 818 653 867 ille
672 830 694 867 et
713 818 829 867 nativitatis
849 817 922 867 Ovidii
942 829 964 866 et

180 894 264 955 imperii
281 892 394 941 Octaviani
410 892 602 950 quinquagesimus
617 904 670 940 erat.
684 890 735 948 Quo
750 892 809 939 enim
828 911 885 939 anno
900 904 964 939 natus
1045 935 1047 941 ,

142 965 167 1013 10
182 977 214 1013 est
229 964 295 1018 Naso,
310 965 394 1017 eodem,
405 977 430 1011 ut
440 964 484 1011 dixi
494 965 538 1011 iam
548 983 618 1021 saepe,
634 962 759 1011 consulibus
774 962 850 1010 Hircio
865 975 887 1011 et
896 963 965 1010 Pansa
1034 958 1047 992 ἵ

181 1038 271 1086 mortuis
286 1037 392 1095 imperare
408 1035 539 1085 Octavianus
554 1036 633 1095 coepit.
647 1035 742 1084 Auctore
757 1055 844 1095 nanque
859 1034 965 1085 Cicerone

181 1109 320 1166 Octavianus,
328 1131 356 1160 ne
364 1110 410 1169 dux
418 1110 464 1158 sine
472 1110 564 1168 imperio
573 1122 635 1165 esset,
644 1110 714 1159 iturus
723 1109 834 1159 Mutinam
839 1109 867 1159 ad
872 1110 965 1159 Brutum

182 1183 319 1231 liberandum
333 1195 459 1241 propraetor
475 1195 559 1231 creatus
576 1195 615 1230 est·
633 1183 653 1230 Is
670 1183 729 1230 enim
745 1178 865 1230 Octaviano
882 1182 965 1240 primus

183 1255 211 1303 ad
225 1256 342 1313 imperium
356 1254 435 1313 gradus
449 1253 499 1302 fuit.
514 1254 603 1303 Crimen
618 1273 668 1303 vero
683 1254 812 1314 propositae,
828 1267 853 1303 ut
867 1254 918 1309 dixi,
933 1266 966 1303 ta-

144 1327 169 1376 15
185 1326 248 1376 bulae
262 1329 402 1377 continebant
418 1320 510 1376 nullum.
525 1327 628 1376 Edictum
644 1327 709 1376 modo
725 1328 748 1376 in
765 1326 817 1376 haec
833 1326 898 1376 verba
914 1339 966 1376 erat:

183 1399 293 1449 «Ovidius
306 1413 370 1459 poeta
383 1400 486 1459 quoniam
500 1399 610 1458 displicuit
622 1400 714 1458 principi
728 1400 751 1448 in
764 1399 852 1457 exilium
864 1399 893 1448 ad
905 1399 967 1448 Tho-

184 1474 247 1520 mitas
262 1485 322 1521 eat.»
337 1473 374 1522 Sic
395 1473 455 1521 enim
476 1472 616 1527 Octavianus,
638 1485 746 1531 quantum
767 1472 874 1527 existimo,
896 1472 968 1521 subita

184 1543 329 1593 inflammatus
343 1546 374 1594 ira
388 1544 506 1593 constituit.
521 1544 597 1593 Postea
611 1562 668 1600 vero,
683 1565 710 1592 ne
723 1545 837 1593 damnatus
848 1545 895 1594 sine
904 1564 968 1594 causa

185 1617 222 1677 qui
237 1630 293 1666 esset
308 1618 360 1668 civis
375 1618 473 1677 egregius
487 1630 553 1678 atque
567 1631 631 1678 poeta
645 1618 761 1674 videretur,
776 1618 908 1668 insimulavit
923 1618 969 1668 Na-

144 1692 173 1740 20
187 1711 263 1740 sonem
277 1693 300 1740 in
314 1693 403 1741 exilium
414 1691 465 1749 pelli
478 1691 539 1750 quod
550 1692 670 1749 scripsisset
682 1692 749 1739 libros
762 1692 790 1739 de
801 1692 854 1740 Arte
866 1692 969 1746 Amandi,

186 1763 224 1820 qui
239 1777 310 1811 essent
325 1762 422 1812 moribus
431 1762 493 1811 bonis
501 1763 585 1812 adversi
593 1783 619 1812 ac
626 1763 668 1812 sibi
676 1763 766 1813 nimiam
774 1763 803 1813 ob
810 1764 970 1822 turpitudinem

187 1855 253 1894 quam
268 1837 360 1885 maxime
379 1835 525 1894 displicerent.
542 1834 575 1885 lta
597 1836 656 1885 enim
678 1836 759 1885 vixerat
781 1836 841 1885 Naso
863 1836 926 1886 illum
947 1837 970 1885 in

187 1908 246 1956 diem
260 1908 320 1967 quod
334 1909 401 1957 iratus
416 1909 516 1967 princeps
536 1908 590 1957 nihil
609 1908 749 1957 obiciendum
768 1910 850 1958 invenit
868 1910 891 1959 ni
911 1911 971 1969 quod

188 1980 253 2028 libros
268 1982 382 2029 amatorios
398 1981 508 2029 edidisset.
524 1981 587 2028 Hanc
602 1981 691 2039 quidem
706 1981 763 2030 exilii
778 2001 865 2030 causam
880 2002 933 2037 esse,
947 1995 971 2031 ut

146 2053 174 2103 25
189 2051 308 2102 affirmabat
323 2054 430 2113 princeps,
445 2066 467 2103 et
481 2053 519 2112 qui
533 2053 616 2102 audivit
629 2067 683 2102 tunc
697 2054 790 2114 quisque
804 2055 896 2104 credidit
909 2055 972 2105 facile

188 2139 217 2180 et,
232 2126 269 2184 qui
284 2140 359 2185 postea
374 2146 406 2175 res
421 2126 536 2176 Caesareas
550 2127 642 2186 scripsit,
657 2127 707 2177 Sex.
722 2127 823 2177 Aurelius
837 2130 972 2178 memoravit.

189 2199 281 2247 Ovidius
296 2220 384 2258 quoque
398 2199 422 2247 id
436 2198 548 2247 confessus
562 2213 595 2248 est
609 2219 680 2258 saepe,
695 2193 759 2258 quod,
770 2219 848 2258 negare
862 2201 946 2250 dictum
960 2221 973 2249 a

189 2271 287 2328 principe
301 2290 346 2319 non
360 2271 455 2326 auderet,
482 2291 510 2319 ne
535 2291 602 2331 quem
627 2271 695 2321 lenire
721 2271 845 2322 confitendo
870 2285 974 2333 speraret,

190 2344 284 2393 eundem
299 2345 397 2404 negando
408 2345 439 2393 ira
450 2345 525 2396 maiori
534 2365 560 2393 ac
569 2345 621 2393 odio
630 2345 781 2395 inflammaret.
790 2345 825 2395 At
834 2364 893 2401 vero,
904 2366 974 2405 quan·

148 2417 177 2466 30
192 2430 240 2466 tum
254 2418 314 2465 omni
329 2419 451 2465 coniectura
470 2430 491 2464 et
509 2418 592 2464 ratione
610 2418 713 2475 percipio,
732 2417 789 2465 exilii
808 2438 872 2466 causa
890 2418 975 2466 obiecta

190 2487 226 2537 illa
239 2508 265 2537 ac
279 2488 344 2548 vulgo
358 2488 440 2538 credita
455 2487 625 2548 haudquaquam
639 2507 689 2539 vera
699 2488 748 2539 tuis.
764 2488 851 2548 Nempe
861 2490 975 2549 scripserat

191 2561 258 2611 libros
272 2562 387 2612 amatorios
400 2582 425 2611 ac
438 2562 465 2611 de
477 2561 530 2612 Arte
542 2561 636 2617 Amandi
650 2562 710 2612 Naso
722 2564 761 2612 sed
773 2583 841 2613 annos
854 2583 920 2623 supra
932 2564 976 2613 XX

192 2636 235 2683 iam
249 2648 299 2684 ante
313 2636 402 2684 exilium
416 2636 536 2694 scripserat,
552 2648 617 2695 atque
632 2635 669 2684 illo
683 2648 782 2695 tempore
796 2637 910 2695 scripserat
924 2657 976 2686 curn

428 2720 438 2739 Ι

188 2817 217 2855 26.
228 2817 269 2855 Aur.
281 2818 323 2856 Vict.
335 2819 378 2863 Epir.
392 2818 405 2856 l.
420 2819 448 2856 24.

192 2975 212 3018 4.
225 2974 271 3018 satis
285 2991 330 3017 sser.
388 2972 418 3018 13.
431 2972 462 3019 Ex
476 2984 580 3027 propretor
593 2992 642 3018 corr.
