2093 3253
161 253 202 302 486
460 266 556 299 srcconrs
570 266 689 298 roarurour

207 385 229 432 in
243 382 292 432 aula
306 384 392 438 versari,
404 403 452 432 raro
462 383 573 431 Neronem
583 382 643 431 adire
652 382 711 431 visus
722 395 762 431 est.
773 382 895 431 Hominum
904 401 993 441 quoque

206 450 279 505 solitos
295 468 369 504 coetus
385 468 406 504 et
422 467 503 504 secreta
518 454 626 514 colloquia
641 454 745 514 paulatim
761 455 828 512 magis
838 461 909 513 'atque
925 455 992 511 magis

207 524 312 587 effugiens
327 548 374 576 sese
387 528 476 577 tandem
491 528 596 586 privatam
610 528 633 576 in
647 528 714 576 vitam
728 541 749 576 et
763 527 880 576 solitariam
894 525 992 577 contulit.

208 601 274 650 Nunc
287 601 379 655 senium,
392 599 509 658 aliquando
521 600 663 649 valitudinem
676 600 762 654 malam.
775 599 886 648 interdum
898 598 994 657 philoso-

180 675 193 723 5
208 674 272 733 phiae
286 673 358 723 studia
369 674 469 721 incusans
481 693 594 732 nunquam
605 693 649 722 non
661 672 778 731 impeditus
790 691 813 720 re
823 671 894 731 aliqua
905 669 993 722 videbe¹

206 760 250 796 tur.
949 762 950 766 ’

246 812 363 868 ¹Postremo
377 817 466 868 dimissa
479 817 534 868 urbe
547 818 569 867 in
584 817 727 878 Campaniam
740 817 834 873 secessit,
848 830 896 866 tum
909 829 934 866 ut
947 816 995 866 lon1

208 891 309 951 ginquior
317 911 330 940 a
339 890 428 940 Nerone
437 904 458 940 et
468 891 561 941 inimicis
571 904 633 946 esset,
643 904 692 940 tum
701 904 725 940 ut
734 890 823 939 liberius
833 911 856 939 se
866 890 925 938 omni
935 910 947 938 a
956 911 994 938 ne-

209 964 271 1022 gocio
284 962 355 1011 aulico
368 963 493 1011 abstineret.
509 963 599 1024 lnterim
612 976 686 1011 autem
700 984 744 1011 non
759 963 867 1030 marcebat
881 963 936 1016 ocio,
951 983 995 1011 non

169 1037 196 1085 10
210 1034 319 1102 cruciabat
334 1056 357 1084 se
372 1054 476 1089 moerore,
492 1034 531 1083 sed
546 1034 612 1083 veluti
628 1034 703 1093 grandi
720 1054 784 1084 onere
800 1035 871 1094 posito
886 1047 958 1084 totum
973 1055 996 1083 se

211 1104 361 1169 philosophiae
375 1109 448 1157 animo
459 1108 514 1156 liber
526 1108 598 1157 dabat.
611 1108 730 1167 Complura
742 1109 833 1169 quidem
844 1109 887 1157 hoc
898 1121 996 1175 tempore

212 1180 339 1239 (triennium
354 1179 377 1230 id
391 1180 443 1239 tuit)
457 1181 568 1239 scripsisse
582 1180 658 1230 fertur.
673 1180 820 1238 Epistolarum
834 1200 890 1240 quae
904 1181 997 1229 suntad

211 1253 328 1304 Lucillium
343 1273 420 1312 magna
430 1261 523 1313 pareest
533 1253 561 1301 ab
572 1274 598 1302 eo
609 1253 643 1302 his
654 1253 731 1302 diebus
743 1253 829 1312 scripta.
840 1253 919 1312 Neque
924 1266 997 1302 tamen

212 1327 261 1377 odia
275 1326 326 1376 hinc
339 1328 433 1376 extincta
446 1326 484 1374 sed
497 1325 565 1384 magis
577 1338 640 1375 aucta
653 1326 765 1385 magisque
777 1346 866 1374 accensa
879 1338 900 1374 et
913 1325 997 1374 inflam-

172 1401 198 1449 15
214 1412 271 1447 mata
285 1411 343 1453 sunt,
358 1411 407 1447 tum
421 1398 482 1456 quod
502 1416 564 1447 aures
587 1397 706 1447 maledictis
728 1396 789 1465 Nero
804 1398 880 1447 dietim
902 1398 997 1446 seviendi

213 1471 320 1521 desiderio
334 1471 437 1519 libentius
452 1471 551 1529 aperiret,
566 1483 616 1520 turn
631 1471 691 1529 quod
706 1471 805 1519 inimicos
821 1471 867 1519 eius
882 1469 998 1529 Tigillinus

214 1558 235 1595 et
249 1544 321 1603 Popea
335 1543 433 1593 loverent
452 1555 476 1593 ut
495 1544 584 1593 absente
602 1545 651 1603 ipso
669 1544 758 1611 liberius
776 1543 998 1594 criminandi'causas

214 1617 313 1683 undique
326 1628 443 1665 sumerent.
460 1614 521 1664 Nihil
538 1614 596 1665 enim
609 1629 657 1665 erat
673 1615 766 1675 usquam
781 1637 794 1665 a
810 1617 892 1664 Seneca
908 1617 998 1670 dictum,

215 1687 268 1738 nihil
283 1701 328 1738 erat
342 1708 436 1748 usquam
450 1708 462 1737 a
477 1687 559 1737 Seneca
571 1688 654 1759 laetum
666 1689 727 1748 quod
738 1687 769 1736 illi
782 1687 914 1747 malignandi
927 1687 999 1737 studio

172 1766 202 1813 20
217 1783 261 1813 non
276 1762 394 1812 cribrarent
412 1774 478 1822 atque
496 1774 649 1821 perverterent.
668 1761 796 1811 Absentiam
814 1781 865 1811 vero
884 1783 946 1811 suam
964 1761 998 1810 alii
1032 1754 1037 1759 ⁸

215 1836 276 1884 aliter
290 1835 397 1883 criminati
413 1848 471 1884 sunt.
488 1836 564 1895 lpsum
578 1836 641 1883 amici
656 1837 768 1884 secessisse
783 1837 926 1884 causabantur
940 1836 1000 1894 quod

216 1907 360 1968 philosophus
373 1920 429 1956 esset
443 1921 465 1956 et
479 1907 660 1967 philosophorum
682 1927 743 1957 more
766 1909 902 1967 magistratus
925 1929 999 1957 omnes

215 1996 280 2039 atque
295 1981 417 2040 principem
430 1981 503 2040 ipsum
517 2002 556 2029 sua
570 1982 665 2040 quadam
679 2000 719 2040 pro
733 1981 831 2030 libertate
845 1994 1000 2030 contemneret.

217 2054 313 2110 Quidam
327 2055 398 2111 vagari
413 2074 464 2102 eum
477 2073 516 2111 per
530 2074 606 2103 amena
620 2054 752 2112 Campaniae
766 2054 812 2103 loca
826 2055 928 2103 dicebant
941 2055 1001 2113 quod

173 2128 203 2176 25
218 2126 295 2186 plenus
309 2127 353 2175 iarn
366 2126 456 2175 tandem
468 2125 546 2185 opibus
559 2139 615 2174 esset
627 2140 648 2175 et
661 2145 723 2175 curas
735 2125 814 2175 aulicas
827 2126 938 2176 devitaret.
951 2126 1001 2175 Pars

217 2199 324 2257 negabant
338 2198 469 2259 impeditum
490 2199 563 2248 studio
584 2198 734 2257 philosophiae
754 2212 792 2248 aut
812 2198 931 2248 valitudine
951 2198 1000 2251 ulla,

217 2290 293 2320 verum
308 2271 389 2326 dolore,
405 2271 446 2326 ira‚·
458 2272 509 2320 odio
526 2292 642 2321 accensum
659 2272 772 2321 secessisse
789 2272 925 2339 affirmabant
942 2272 1002 2331 quod

218 2344 303 2403 imperii
318 2357 394 2403 suapte
407 2344 542 2403 gubernandi
556 2344 641 2394 solitam
653 2344 764 2395 licentiam
777 2365 821 2394 non
834 2344 930 2403 haberet,
943 2344 1002 2393 videa

218 2430 251 2466 ret
265 2437 316 2466 suae
330 2415 431 2466 factionis
454 2437 565 2476 superesse
588 2416 681 2472 nullum,
705 2417 788 2467 videret
811 2417 907 2467 consiliis
930 2417 1003 2466 adesse

174 2492 205 2539 30
219 2490 313 2548 Popeam
328 2503 349 2538 et
363 2488 499 2548 Tigillinum,
517 2489 555 2549 qui
571 2490 646 2539 fideles
659 2488 746 2540 Neroni
763 2504 784 2540 et
800 2490 907 2549 sapientes
924 2503 1001 2543 essent.

219 2582 259 2611 nec
273 2564 305 2610 uti
320 2563 425 2621 superiori
440 2563 672 2622 temporellgrippina
686 2576 708 2612 et
717 2564 804 2614 ‘Burrus
819 2564 864 2613 suis
879 2562 967 2613 lallaciis
982 2576 1002 2611 et

219 2634 379 2685 adulationibus
394 2636 513 2685 crederent.

223 2835 252 2881 10,
265 2847 330 2882 totum
344 2843 364 2882 in
379 2838 396 2883 F
409 2854 455 2883 sset.
468 2837 532 2884 Sicco.
591 2838 620 2884 17,
635 2839 734 2894 (absente
750 2839 794 2892 ipso
813 2844 827 2886 ι’.
842 2856 864 2890 ν.;
879 2856 902 2884 ex
916 2838 1004 2885 absentia

181 2905 224 2948 eius
237 2904 273 2957 (stc
287 2903 312 2959 Ρ)
326 2921 375 2949 corr.
388 2903 415 2949 O.
470 2903 503 2949 21.
518 2904 588 2959 Ipsum
601 2906 659 2950 amici
672 2911 686 2950 ι’.
698 2923 721 2957 r.;
736 2923 760 2950 ex
773 2922 819 2959 pars
832 2905 917 2961 quidem
930 2906 966 2960 (ste
977 2904 1003 2957 F)

180 2968 264 3016 corr.O‚
313 2968 346 3016 21.
360 2970 685 3019 causabanturOincusabant‘F.
735 2970 768 3019 23.
782 2990 820 3027 pro
834 2991 869 3027 sua
884 2971 973 3028 quadam
983 2970 1005 3018 F.

168 3037 215 3082 ¹24.
228 3036 316 3092 Quidam
330 3044 344 3084 ἰ,
358 3055 381 3090 ν.;
395 3056 419 3084 ex
432 3055 477 3093 pars
490 3039 526 3093 (sic
540 3039 565 3095 F)
579 3057 629 3085 corr.
642 3039 669 3085 Ο.
