2093 3253
454 209 546 241 stccoNrs
560 209 676 241 FOLENTONI

195 323 242 372 loca
257 322 393 383 prospiciunt
404 323 540 382 gubernaret.
553 323 603 382 Quo
614 338 674 374 erant
686 332 766 373 nomen
777 323 850 383 adepti
861 335 886 373 ut
902 324 977 376 Lilibi-

196 411 272 447 tanum
280 398 379 456 alterum,
388 396 549 454 Syracusanum
559 397 652 446 alterum
662 396 803 455 appellarent.
812 397 900 444 Praetor
907 408 978 449 autem

196 470 234 531 qui
249 471 283 519 ius
298 465 381 523 insulae
396 468 477 520 diceret
492 465 545 520 tunc
561 468 739 520 Sen'Peduceus
760 482 813 519 erat.
832 469 909 519 Cicero
927 491 978 523 vero
1034 477 1036 537 J

198 543 328 593 Lilibitanus
335 557 436 602 quaestor
442 543 484 592 luit
491 557 512 592 et
518 565 575 603 quae
580 545 713 603 pertinerent
719 544 748 592 ad
754 563 805 592 eum
811 543 884 592 omnia
896 563 978 596 summa
1031 546 1036 589 ζ»

170 618 183 665 5
199 616 317 675 diligentia,
330 616 381 671 lide,
394 616 479 665 iusticia
492 616 628 665 ministravit.
642 615 755 664 Frumenti
767 629 864 675 preterea
876 616 921 663 vim
933 630 978 666 tan·
1033 647 1034 650 ¹

197 702 242 737 tam
252 689 281 737 ad
291 688 369 753 urbem
381 689 440 736 misit
451 701 475 737 ut
486 688 621 738 laborantem
632 688 739 748 populum
750 688 880 747 Romanum
890 691 978 747 penuria
1031 719 1041 739 ς»,

142 776 144 779 ·
197 763 226 811 rei
242 762 396 811 frumentariae
408 762 537 811 sublevaret.
549 762 687 811 Archimedis
699 770 751 810 vero
763 760 910 821 sepulchrum,
922 763 980 820 quod
1033 820 1034 823 Ἰ

183 866 184 869 =
198 834 235 892 qui
244 846 316 882 essent
325 833 468 892 provinciales
478 833 564 881 oriundi
575 853 682 892 senesque
691 854 716 882 ac
727 832 856 891 Syracusani
867 844 888 881 et
899 833 979 884 insulae

177 906 179 909 ¹
197 906 307 964 principes
322 904 412 953 ubinam
426 919 482 954 esset
496 905 550 953 scire
564 904 697 963 negligerent
708 925 747 953 nec
758 925 851 968 usquam
861 924 908 953 esse
918 919 979 963 puta·
1036 899 1037 902 Ἴ

158 980 184 1028 10
199 991 254 1033 rent,
270 978 320 1027 date
344 995 410 1036 opera
426 978 557 1035 investigans
574 978 687 1035 Syracusis
703 978 732 1027 ad
747 991 829 1037 portas
842 977 980 1036 Sagragianas
1033 1013 1035 1015 v

200 1051 291 1100 invenit.
304 1049 355 1101 Erat
367 1050 426 1099 enim
438 1051 470 1099 uti
482 1050 596 1110 complura
607 1050 648 1099 alia
660 1050 775 1109 sepulchra
787 1051 860 1100 dumis
873 1051 946 1100 multis
958 1072 981 1101 ac
1036 1100 1037 1103 ,

197 1124 300 1183 vepribus
316 1124 494 1182 circumseptum.
517 1124 649 1173 lntromissis
670 1145 757 1183 nanque
777 1125 814 1184 qui
835 1125 908 1173 locum
927 1125 979 1176 falce
1038 1130 1039 1134 ’

197 1209 315 1256 purgarent
322 1196 458 1256 antiquatam
465 1209 573 1246 vetustate
581 1195 704 1255 excellentis
712 1197 752 1246 viri
761 1198 889 1247 memoriam
896 1197 936 1246 hac
942 1217 979 1247 sua
1037 1239 1038 1242 ,

198 1269 363 1327 investigatione
372 1283 394 1317 et
403 1268 505 1317 laudibus
514 1270 634 1318 renovavit.
645 1270 666 1318 ls
675 1269 717 1319 tuit
727 1271 869 1319 Archimedes
880 1271 918 1328 qui
928 1270 978 1319 caeli

158 1344 183 1391 15
199 1343 340 1401 siderumque
348 1355 456 1400 spectator
465 1364 490 1391 ac
498 1341 588 1391 bellicae
597 1343 709 1390 machinae
724 1355 882 1391 commentator
890 1343 980 1391 eximius

172 1418 180 1431 ²
197 1413 254 1464 bello
269 1414 366 1464 secundo
376 1414 459 1464 Punico
469 1435 533 1474 saepe
543 1429 609 1475 atque
619 1415 697 1476 perdiu
708 1415 753 1463 vim
764 1414 920 1470 Romanorum,
931 1435 980 1465 curn
1037 1423 1047 1468 ξ

143 1509 145 1513 ’
197 1488 322 1536 obsiderent
333 1487 457 1546 Syracusas,
469 1487 544 1537 illusit.
556 1488 625 1547 Capta
636 1508 687 1537 vero
698 1488 752 1537 urbe
763 1489 886 1547 incognitus
897 1487 979 1537 discur-

180 1617 181 1620 Ἴ
198 1574 259 1609 rente
274 1581 286 1609 a
302 1560 370 1610 milite
387 1562 471 1610 occisus
488 1573 528 1611 est.
546 1562 649 1622 Denique
665 1562 778 1611 Ciceronis
795 1581 844 1619 erga
861 1560 976 1621 Romanos,
1040 1572 1047 1627 ’ᾗ

198 1653 247 1692 erga
262 1633 411 1693 provinciales,
424 1653 473 1692 erga
484 1635 561 1689 socios,
577 1653 627 1693 erga
643 1654 718 1683 omnes
734 1634 772 1692 qui
787 1646 825 1684 aut
836 1641 977 1682 mercaturam

155 1709 184 1756 20
198 1720 236 1756 aut
251 1707 366 1766 negocium
379 1706 450 1764 ullum
463 1707 486 1757 in
500 1728 524 1757 ea
538 1700 608 1757 insula
622 1708 731 1775 privatum
745 1706 886 1766 publicumve
896 1707 980 1758 obirent

197 1780 349 1834 mansuetudo,
359 1780 451 1834 iusticia,
462 1779 578 1828 liberalitas
587 1778 630 1828 luit
638 1792 699 1828 tanta
707 1793 732 1827 ut
742 1780 823 1827 mirum
830 1780 853 1827 in
861 1779 952 1827 modum
959 1792 979 1826 et

197 1851 320 1899 laudaretur
332 1863 354 1898 et
365 1865 473 1899 amaretur
486 1852 600 1907 acunctis,
612 1864 687 1900 exacto
697 1863 770 1900 autem
781 1863 909 1910 quaesturae
916 1870 979 1906 anno,
1037 1851 1047 1902 J

198 1924 291 1972 honores
300 1922 342 1972 sibi
352 1923 402 1972 novi
411 1936 477 1982 atque
486 1922 567 1972 insoliti
577 1936 599 1972 et
613 1924 696 1983 private
711 1936 732 1972 et
746 1922 833 1982 publice
847 1935 979 1982 pararentur.
1036 1929 1038 1969 1

200 1989 275 2055 lpsum
286 1997 345 2045 enim
360 2016 410 2044 cum
421 1997 512 2044 excessit
522 1998 634 2055 provincia
645 1996 717 2054 magni
729 1997 843 2045 bominum
854 2008 979 2050 conventus,
1040 1992 1041 1995 ¹

155 2070 183 2118 25
199 2069 260 2128 quod
276 2070 336 2128 prius
350 2069 474 2118 inauditum
487 2081 550 2123 esset,
565 2090 606 2117 nec
619 2091 664 2117 uno
678 2090 690 2116 e
704 2069 824 2128 municipio
845 2070 943 2128 sedtota
955 2089 981 2116 ex

189 2140 267 2193 ‘insula
284 2142 371 2192 honoris
380 2162 405 2191 ac
414 2142 573 2193 benivolentiae
581 2163 652 2199 causa,
663 2144 724 2204 quasi
734 2164 874 2205 communem
883 2142 981 2192 omniurn
1040 2205 1042 2207 ,

197 2229 316 2274 parentem,
327 2216 415 2264 suntad
424 2236 502 2265 navem
511 2236 581 2276 usque
590 2218 666 2280 secuti.

239 2288 313 2337 Sicilia
327 2288 392 2345 igitur
406 2289 513 2337 decedens
528 2289 620 2337 Romam
634 2288 711 2347 plenus
726 2289 820 2337 maxima
833 2308 872 2347 spe
890 2288 981 2341 redibat,
1042 2293 1047 2332 1

197 2361 258 2421 quod
273 2361 405 2409 existimaret
415 2360 510 2410 multum
519 2382 541 2410 se
550 2361 628 2416 lamae,
638 2362 715 2417 laudis,
726 2362 806 2421 gratiae
814 2362 874 2420 apud
883 2374 981 2410 senatum

155 2434 184 2483 30
199 2434 351 2494 populumque
364 2432 487 2482 Romanum
499 2433 630 2488 assecutum,
643 2448 691 2483 tum
704 2434 760 2484 bene
772 2434 800 2483 ob
811 2447 894 2493 gestam
905 2453 981 2493 quaes·

197 2520 269 2555 turam
284 2527 333 2564 erga
344 2527 420 2555 omnes
431 2508 469 2565 qui
480 2508 539 2565 apud
550 2528 601 2555 eum
614 2509 732 2566 quicquam
748 2508 832 2565 negocii
849 2506 980 2558 habuissent,
1043 2527 1046 2557 3

197 2591 245 2627 tum
261 2599 365 2638 magnum
373 2599 398 2628 ac
408 2578 549 2629 memorabile
557 2598 644 2639 semper
653 2579 681 2628 ob
691 2580 823 2629 beneficium
831 2579 892 2640 quod
906 2578 982 2628 urbem

197 2654 279 2712 ingenti
292 2653 383 2712 penuria
395 2652 514 2702 liberasset.
527 2652 645 2702 Enimvero
657 2674 732 2702 secum
744 2674 800 2713 quae
812 2652 892 2702 lecerat
910 2665 982 2701 mente
1044 2648 1046 2664 ³

197 2726 336 2775 considerans
349 2725 495 2774 arbitrabatur
508 2745 533 2774 ac
546 2723 593 2774 sine
607 2725 675 2774 dubio
689 2726 788 2785 sperabat
802 2724 849 2774 lore
862 2737 887 2774 ut
901 2725 982 2773 Romae
1043 2737 1044 2740 ’

145 2799 182 2846 ’35
198 2813 249 2847 'eum
264 2811 327 2852 esset,
337 2810 410 2855 preter
420 2817 516 2846 summas
526 2798 600 2847 laudes
610 2810 631 2847 et
641 2799 718 2857 gratias
728 2797 786 2848 ultro
796 2799 861 2847 etiam
870 2798 912 2847 sibi
927 2814 981 2857 quos

194 2981 226 3025 28.
240 2979 306 3024 Sicilia
321 2980 398 3033 ig(itur)
413 2987 425 3024 i.
441 2998 464 3028 r.;
479 2998 502 3025 ex
517 2980 641 3024 Provinciam
655 2987 721 3024 statim
735 2999 785 3024 corr.
