2093 3253
234 147 364 180 scnrrronun
378 147 507 191 ntusmruu
515 159 529 163 -
543 146 602 178 unm
612 146 632 177 x.
809 130 861 176 2731

62 285 112 317 nem
120 263 252 316 observasse,
260 274 285 310 ut
293 281 338 310 non
346 259 432 317 duobus
438 261 508 318 modo
514 261 553 309 sed
561 259 631 309 tribus
640 260 737 309 etiam'ac
746 271 849 318 quattuor

63 336 229 402 cognominibus
239 334 422 396 uterenturqued,
428 333 493 395 aliam
503 334 573 391 Roma
583 334 660 389 habuit
670 332 775 383 familiam
785 331 848 382 Cice-

64 429 147 461 ronum.
165 408 248 465 Quarto
263 407 323 455 enim
338 419 359 455 et
371 407 552 465 quinquagesimo
563 419 612 465 post
623 418 709 454 exactos
720 422 780 463 reges
791 423 849 452 anno

64 485 89 534 C.
98 481 198 532 Calvium
206 479 336 539 Ciceronem
343 478 411 528 luisse
418 478 533 529 tribunum
541 478 612 537 plebis
620 477 760 546 eundemque
769 476 849 526 dixisse

38 561 50 610 5
66 557 92 606 C.
102 553 217 603 Romuleio
226 551 292 608 diem,
301 552 411 616 Romanae
419 565 480 612 pater
488 551 596 608 historiae,
605 551 634 601 Τ.
643 552 726 607 Livius,
736 562 852 601 memorat.-

65 631 180 678 Caeterum
191 645 271 673 nomen
282 626 396 683 proprium
404 625 505 673 Ciceroni
513 638 588 673 nostro
596 644 608 672 e
616 626 704 673 nomine
711 625 778 683 patris
786 636 808 672 et
815 625 849 672 avi

65 700 153 749 Marcus
168 697 219 746 luit.
290 751 292 755 y
418 756 420 759 Ι
450 693 451 696 ’
574 757 576 761 ,

106 771 166 821 Avus
182 770 273 830 quidem
286 769 323 827 (ne
337 770 460 828 superiores
473 770 609 827 enumerem)
624 770 658 819 M.
671 769 759 819 Tullius
773 769 851 818 Cicero

65 840 185 903 appellatus
197 855 237 891 est.
250 842 377 890 Plurimum
384 843 425 890 iste
437 862 489 890 cum
497 843 575 890 innata
586 843 702 899 prudentia
714 855 735 889 et
747 842 851 899 gravitate

41 921 53 969 0
68 917 123 967 vitae
138 928 187 965 tum
203 916 269 976 etiam
285 914 362 964 litteris
371 913 446 976 ¹valuit
462 925 581 980 tantusque·
597 914 668 976 homo
679 914 735 963 inter
752 914 867 964 homines

65 989 180 1049 Arpinates
191 986 233 1036 luit
244 1000 268 1036 ut
279 988 302 1036 in
311 988 442 1036 sententiam
452 988 585 1036 coeuntibus
594 988 683 1052 caeteris
694 988 740 1046 ipse
750 987 850 1035 adversa-

67 1074 125 1118 retur
135 1060 194 1120 solus
204 1073 271 1119 atque
281 1060 389 1109 resisteret
400 1080 428 1108 ne
438 1060 509 1118 legem
519 1058 600 1108 lerrent
616 1055 678 1119 quae,
695 1060 735 1108 etsi
743 1058 851 1108 multitu·

68 1135 113 1182 dini
124 1133 184 1191 grata
194 1146 250 1181 esset
260 1153 286 1181 ac
295 1133 355 1181 utilis
363 1128 482 1186 videretur.
489 1145 545 1180 esset
552 1145 625 1189 tamen
635 1134 706 1200 turpis
714 1145 740 1195 et
744 1133 850 1182 honestati

69 1205 168 1265 publicae
184 1217 322 1263 repugnaret
339 1203 439 1252 Hanc
419 1205 459 1253 vrri
477 1204 541 1253 huius
558 1222 655 1253 severam
672 1216 852 1263 constantemque

33 1280 56 1330 15
71 1279 172 1328 virtutem
183 1290 205 1327 et
215 1276 367 1327 fortitudinem
377 1277 444 1327 animi
438 1277 490 1326 M.
502 1277 596 1337 Scaurus
613 1296 743 1337 magnopere
758 1278 851 1326 admira-

70 1365 104 1400 tus
111 1363 150 1399 est
157 1350 236 1399 Omnis
243 1350 333 1409 quidem
339 1349 441 1398 lerendae
447 1350 500 1407 legis
507 1350 571 1401 huius
578 1363 689 1399 contentio
694 1350 723 1398 ad
728 1371 779 1398 eum
780 1332 854 1408 ‚quod

71 1436 126 1479 esset
140 1422 284 1474 Romanus
265 1422 318 1472 civis
332 1435 353 1471 et
367 1421 451 1476 consul,
473 1422 558 1471 delata
557 1435 616 1472 erat
637 1409 745 1473 Auditum
766 1442 853 1482 nanque

68 1499 143 1554 ipsum
157 1497 231 1544 stricta
246 1495 362 1554 prehendit
377 1515 450 1550 manu,
467 1495 600 1555 prehensum
615 1496 754 1547 audientibus
769 1496 853 1545 cunctis

70 1569 149 1617 laudat.
161 1567 286 1617 Conversus
298 1587 386 1627 nanque
397 1569 425 1616 ad
437 1588 488 1617 eum
500 1568 579 1626 inquit:
592 1568 708 1624 «Utinam,
721 1569 755 1618 M.
768 1569 854 1631 Cicero,

31 1642 57 1689 20
72 1642 112 1689 isto
124 1640 197 1689 animo
209 1654 275 1698 atque
286 1640 367 1689 virtute
378 1640 401 1688 in
413 1661 499 1689 summa
510 1659 534 1688 re
541 1639 636 1698 publica
648 1641 763 1689 nobiscum
775 1643 853 1691 versari

70 1733 135 1771 uuam
149 1713 229 1763 hocin
244 1713 364 1771 municipio
377 1712 510 1762 voluissesr

112 1786 161 1835 Filii
170 1799 244 1835 autem
253 1787 304 1835 huic
313 1786 464 1835 duoluerunt.
474 1787 519 1835 Uni
530 1788 556 1835 L.
566 1787 641 1844 Tullio
650 1787 751 1836 Ciceroni
765 1783 854 1836 nomen.

71 1859 112 1906 Hic
127 1877 150 1906 re
165 1860 265 1906 oratoria
273 1859 391 1906 delectatus
406 1859 580 1915 proficiscentem
595 1860 618 1906 in
629 1859 729 1907 Ciliciam
740 1859 774 1907 M.
784 1859 854 1907 Anto-

72 1929 139 1984 nium,
154 1928 216 1978 illum
230 1943 338 1978 oratorem
351 1949 470 1985 summum,
485 1930 514 1978 ob
528 1929 697 1979 familiaritatem
710 1932 821 1990 quandam
833 1943 855 1978 et

33 2000 58 2049 25
74 2002 241 2052 benivolentiam
262 2015 349 2052 secutus
371 2017 463 2053 mortem
485 2016 544 2053 extra
565 2005 657 2063 patriam
683 2005 766 2054 iuvenis
793 2004 854 2055 obiit.
874 2043 876 2046 <

72 2075 132 2124 Alter
145 2077 213 2125 nostri
226 2075 338 2125 Ciceronis
350 2089 411 2133 pater
423 2075 472 2124 luit.
487 2077 530 2124 Hic
542 2097 554 2124 e
566 2078 632 2135 patris
645 2078 742 2135 vestigio,
760 2091 784 2126 ut
801 2077 856 2126 solet

72 2145 207 2206 plerumque,
224 2147 258 2197 M.
274 2146 361 2197 Tullius
377 2147 454 2197 Cicero
469 2148 590 2211 appellatus
605 2162 645 2198 est.
661 2149 716 2207 Tres
736 2151 777 2212 iste
800 2148 858 2199 filios
928 2156 930 2158 ’

73 2220 155 2270 habuit.
165 2222 225 2269 Natu
235 2222 304 2269 maior
313 2233 386 2269 noster
396 2221 473 2270 Cicero
482 2223 535 2274 erat.
545 2221 673 2275 Secundum
682 2224 771 2273 nomine
776 2222 808 2280 Q
818 2222 855 2273 Ci..

73 2312 173 2342 ceronem
180 2308 266 2344 vocant.
274 2294 350 2343 Tertio
359 2315 439 2343 nomen
448 2295 474 2343 L.
483 2295 584 2355 Ciceroni
592 2295 642 2343 luit.
652 2297 673 2343 Is
685 2315 724 2354 per
731 2297 856 2346 adolescen-

34 2361 61 2410 30
74 2365 126 2413 tiam
138 2367 181 2415 vita
194 2361 310 2416 defunctus
322 2380 362 2416 est.
375 2367 458 2424 Quinto
470 2380 550 2422 autem,
563 2368 601 2427 qui
614 2380 666 2417 natu
678 2369 786 2418 secundus
804 2383 856 2425 erat,
871 2377 873 2386 ⁵

75 2434 159 2496 longior
173 2440 218 2488 vita
232 2438 282 2488 luit.
299 2439 395 2489 Nomine
406 2452 480 2501 ,mater
495 2440 607 2490 Ciceronis
623 2441 690 2490 nostri
706 2440 767 2491 Elvia
781 2455 856 2501 vocata

74 2524 112 2559 est.
127 2512 217 2571 Femina
230 2514 313 2572 quippe
324 2514 384 2572 apud
397 2514 517 2572 municipes
530 2534 582 2562 curn
594 2527 709 2573 parentum
721 2528 768 2564 turn
786 2516 859 2564 mariti

76 2602 105 2649 ac
114 2585 209 2633 filiorum
224 2588 271 2633 iure
286 2587 395 2644 primaria.
834 2601 836 2604 ’

73 2748 88 2784 6.
102 2750 137 2788 Liv.
150 2752 178 2789 lll.
193 2753 221 2791 31.
234 2754 244 2791 5
296 2755 321 2793 19.
335 2754 370 2793 Cic.
383 2756 420 2801 Leg.
433 2754 462 2794 111.
470 2756 503 2793 36.
566 2793 568 2795 .

39 2840 178 2857 χ*-

77 2907 95 2949 7.
109 2907 140 2954 Ex
155 2911 257 2956 Ciceronis
271 2918 324 2956 corr.¹
378 2912 407 2956 l6.
422 2914 522 2957 contentio
536 2913 561 2957 ad
574 2920 647 2967 purtim
660 2920 674 2960 ἱ.
688 2934 710 2964 r.‚
723 2921 797 2968 partim
810 2923 823 2961 ι’.
835 2934 860 2961 m.

74 3056 93 3092 18
