2093 3253
456 173 547 203 srcconts
561 173 677 203 POLENTONl

236 287 283 337 Hos
298 308 384 346 nanque
399 307 437 345 per
452 286 497 335 dies
512 301 637 355 accusatum
659 287 719 346 apud
742 288 824 336 iudices
848 288 871 356 P,
896 288 977 346 Syllam
1044 317 1046 319 -

194 360 302 418 (conscius
317 361 376 409 enim
390 361 544 409 coniurationis
561 360 666 409 Catilinae
682 359 736 409 falso
753 361 906 409 criminabatur
923 366 977 423 esse)

195 431 299 483 defendit.
314 433 385 482 Prima
397 433 486 493 quidem
497 447 546 492 post
557 432 694 483 consulatum
711 433 762 482 haec
774 433 815 481 sibi
833 433 930 482 defensio
947 433 956 482 l
969 468 977 475 -

153 540 155 543 -
194 505 347 556 cienda‘oblata
354 501 393 554 esti
401 503 448 554 Nec'
454 507 571 565 quisquam
577 507 686 555 insontem
692 526 738 554 esse
750 507 809 554 bunc
820 507 886 555 istum
898 506 979 565 Syllam

168 579 180 628 5
197 580 274 628 docere
282 579 359 628 clarius
367 579 473 637 potuisset
481 599 547 638 quam
555 579 573 627 is
582 580 628 638 ipse
636 579 673 638 qui
682 592 707 627 ut
715 579 752 638 qui
761 575 832 627 essent
840 579 870 627 rei
877 579 979 637 puniren-

194 663 230 699 tur
244 668 382 708 summopere
391 650 516 699 studuisset.
527 649 598 698 Multa
608 662 659 699 sunt
667 649 695 698 ab
710 670 735 697 eo
750 649 807 697 dicta
817 650 857 698 hoc
867 649 914 698 loco
924 672 979 710 quae

195 723 244 772 ideo
259 723 416 783 reprehendere
428 723 551 782 complures
565 723 641 778 solent,
655 722 715 782 quod
728 723 821 771 nimium
834 721 880 772 eius
893 724 920 772 ad
934 724 979 773 lau-

195 795 367 856 dem'pertinere
382 810 403 846 et
418 796 474 846 dicta
486 817 532 845 esse
543 797 656 845 iactantius
675 797 795 845 videantur.
807 796 851 845 Sed
868 796 903 845 illa
919 818 979 846 coac-

156 879 158 885 '
195 883 230 918 tus
242 890 267 918 ac
278 888 327 918 vere
340 869 400 924 dixit,
414 869 473 928 quod
486 868 556 927 Syllae
568 888 631 918 causa
643 870 672 917 ita
684 888 735 917 cum
747 887 770 917 re
782 888 820 917 sua
832 870 947 917 coniuncta
959 884 980 919 et

97 937 99 939 ¹
157 943 182 992 lll
196 951 279 992 annexa
287 955 343 992 esset
350 956 382 999 ut,
389 943 411 991 ni
419 963 444 991 ea
452 942 539 998 diceret,
546 962 616 1002 neque
624 943 717 992 accusati
726 942 851 1002 propulsare
859 935 980 1001 periculum

195 1036 235 1065 nec
249 1017 369 1065 accusantis
384 1015 474 1063 dilluere
488 1015 548 1062 inse
563 1032 601 1073 per
616 1015 746 1063 calumniam
754 1015 837 1063 obiecta
845 1008 925 1073 posset.
933 1015 978 1064 To-

195 1101 217 1135 ta
231 1090 290 1137 enirn
304 1090 400 1137 oratione
415 1108 453 1136 sua
469 1087 494 1136 L.
506 1086 631 1146 Torquatus
643 1100 754 1136 accusator
765 1088 788 1135 in
799 1107 857 1142 eum,
869 1100 893 1137 ut
904 1087 979 1137 delen-

195 1162 265 1210 dentis
273 1162 423 1210 auctoritatem
431 1180 457 1209 ac
465 1160 532 1208 fidem
540 1160 599 1219 apud
608 1160 690 1213 iudices
699 1160 805 1208 minueret
813 1174 980 1220 accusatumque

196 1232 309 1283 defensore
317 1233 415 1287 nudaret,
425 1234 528 1281 acerrime
538 1233 635 1281 invectus
645 1245 697 1281 erat.
707 1232 800 1280 Proinde
809 1253 847 1281 sua
857 1254 907 1281 cum
917 1233 979 1283 laude

156 1307 181 1356 15
197 1327 252 1365 quae
267 1306 332 1365 gessit
346 1307 368 1354 in
382 1306 502 1360 consulatu,
517 1319 541 1354 ut
555 1319 697 1360 accusantem
706 1307 838 1363 reprimeret,
854 1309 980 1356 memoravit

196 1380 273 1428 Cicero
283 1393 349 1437 atque
359 1379 454 1433 tandem,
466 1380 539 1437 utqui
550 1378 638 1426 aderant
649 1377 775 1426 exaudirent
786 1384 861 1426 omnes
873 1399 927 1437 quae
939 1380 979 1427 sibi

195 1470 233 1510 per
248 1451 352 1500 invidiam
361 1463 471 1499 accusator
482 1450 591 1505 obiiceret,
602 1450 694 1498 maxima
704 1471 756 1498 voce
766 1450 844 1508 inquit:
855 1468 864 1491 u
872 1450 918 1509 Ego
928 1472 979 1500 con-

195 1524 235 1581 sul,
251 1530 305 1575 cum'
317 1524 422 1574 exercitus
438 1523 572 1583 perditorum
587 1523 669 1573 civium
683 1522 817 1573 clandestino
832 1523 911 1573 scelere
926 1546 978 1574 con-

107 1650 108 1653 ,
196 1591 258 1648 llatus
273 1598 447 1648 crudelissimum
459 1611 479 1646 et
491 1598 675 1664 luctuosissimum
687 1597 776 1645 exitium
795 1598 875 1655 patriae
891 1619 978 1657 compa·

104 1691 105 1694 ’
154 1673 183 1720 20
197 1684 271 1727 rasset,
282 1691 333 1721 cum
343 1670 371 1719 ad
382 1690 482 1719 occasum
493 1670 648 1729 interitumque
656 1670 686 1718 rei
694 1669 793 1729 publicae
802 1669 894 1719 Catilina
903 1671 925 1720 in
934 1692 979 1721 cast

194 1745 240 1799 tris,
255 1745 277 1793 in
292 1745 325 1793 his
338 1757 411 1792 autem
425 1744 512 1801 templis
526 1763 550 1791 ac
564 1745 626 1791 tectis
640 1744 685 1791 dux
700 1743 806 1791 Lentulus
825 1757 881 1791 esset
900 1746 979 1792 consti·

194 1829 262 1872 tutus,
274 1816 327 1864 meis
338 1815 440 1870 consiliis,
450 1817 503 1864 meis
514 1815 632 1868 laboribus,
644 1815 686 1862 mei
697 1814 773 1871 capitis
782 1816 882 1872 periculis
891 1817 937 1864 sine
945 1830 979 1864 tu·

195 1887 272 1943 multu,
287 1888 334 1936 sine
348 1886 440 1942 delectu,
456 1887 502 1935 sine
515 1887 588 1941 armis,
600 1888 646 1935 sine
660 1888 762 1942 exercitu,
778 1889 875 1946 quinque
887 1888 980 1937 hominiss

194 1960 236 2009 bus
246 1959 386 2019 apprehensis
394 1971 459 2019 atque
467 1958 580 2014 confossis,
589 1960 714 2009 incensione
721 1960 805 2015 urbem,
815 1961 980 2020 interemptione

153 2034 186 2087 25,
196 2035 260 2089 cives,
275 2034 374 2083 vastitate
384 2028 477 2088 ltaliam:
484 2034 572 2082 interitu
581 2052 627 2082 rem
636 2033 746 2092 publicam
755 2034 850 2083 liberavi.
860 2034 906 2093 Ego
915 2036 981 2085 vitam

195 2107 275 2155 civium
284 2106 389 2159 omnium,
399 2118 479 2154 statum
487 2106 546 2153 orbis
554 2118 617 2159 terre,
626 2106 704 2153 urbem
718 2106 772 2153 hanc
789 2107 890 2168 denique,
907 2108 980 2155 sedem

195 2178 294 2229 omnium
307 2192 413 2234 nostrum,
426 2198 498 2228 arcem
511 2196 587 2238 regum
599 2191 665 2239 atque
678 2180 791 2229 nationum
805 2192 932 2237 exterarum,
946 2181 979 2231 lu-

196 2275 246 2303 men
258 2255 362 2312 gentium,
375 2253 510 2302 domicilium
522 2254 618 2312 imperii,
626 2254 723 2312 quinque
735 2254 850 2303 bominum
861 2257 979 2305 amentium

195 2347 219 2375 ac
234 2326 369 2385 perditorum
384 2346 453 2383 poena
468 2326 577 2374 redemi.»

153 2399 182 2449 30
239 2398 298 2448 Haec
313 2397 403 2458 quidem
412 2393 478 2457 atque
489 2397 553 2447 huius
564 2399 623 2448 modi
634 2399 674 2448 alia
684 2413 706 2448 et
717 2399 815 2448 hocloco
826 2414 847 2448 et
857 2401 907 2449 alibi
918 2422 981 2459 saepe
996 2455 998 2459 ,

193 2466 245 2520 vcum
257 2471 344 2530 publice
355 2484 403 2520 tum
415 2472 497 2529 private
509 2484 530 2519 et
542 2472 599 2525 dicta
611 2484 662 2519 sunt
673 2471 701 2520 ab
713 2492 739 2520 eo
751 2485 772 2520 et
784 2473 870 2531 scripta,
883 2474 980 2523 sedtum
994 2530 995 2533 Ἴ

195 2545 287 2593 maxime
302 2564 353 2593 cum
361 2556 398 2592 aut
408 2544 518 2593 lacessitus
528 2564 603 2593 eorum
613 2545 750 2603 impugnaret
758 2545 871 2594 audaciam
880 2547 918 2606 qui
928 2567 979 2595 con-

195 2617 290 2666 sulatum
306 2618 351 2665 eius
369 2617 484 2665 obscurare
500 2618 614 2665 calumniis
631 2625 669 2675 per
686 2618 791 2666 invidiam
807 2619 927 2667 niterentur
943 2632 980 2667 aut

194 2689 298 2740 beneficia
314 2702 400 2739 senatus
417 2702 438 2739 et
454 2689 529 2750 populi
546 2689 637 2740 Romani
654 2690 682 2740 ob
699 2704 757 2751 gesta
773 2712 813 2740 suo
829 2692 851 2741 in
868 2692 979 2742 consulatu

192 2827 217 2864 17.
231 2827 266 2864 Cic.
279 2826 320 2865 Sall.
334 2825 362 2862 33.

197 2947 227 2993 17.
242 2947 272 2994 Ex
287 2947 374 2993 obiceret
388 2966 437 2992 corr.
493 2946 525 2992 24.
539 2946 569 2993 Ex
584 2967 647 3002 acque
660 2967 709 2993 corr.
