2093 3253
153 147 190 191 168
446 161 540 193 sicconis
554 161 686 193 potentoru-

192 275 247 324 blica
260 276 399 335 gubernanda
411 296 478 335 quarn
490 276 597 326 facultatis
607 278 632 326 in
645 278 738 327 dicendo
750 278 861 333 haberent,
873 279 908 327 alii
921 282 977 330 mul·

192 361 224 398 tas
233 349 262 398 ob
271 369 333 398 curas
342 370 366 397 ac
376 351 464 408 negocia
473 350 572 409 impediti
582 350 641 400 haud
650 352 701 400 satis
710 351 751 399 ocii
761 350 811 399 dare
821 350 914 399 historiis
924 352 965 402 deli

193 423 276 471 mandis
291 435 386 481 possent.
401 422 453 471 Esse
468 424 558 481 quidem
572 445 628 482 opus
643 437 664 472 et
678 424 755 472 Cicero
769 424 834 471 tradit
848 437 869 472 et
883 443 917 472 res
931 427 963 484 ips

193 495 255 543 docet
270 515 320 543 eurn
335 495 372 551 qui
383 494 462 542 scribat
474 495 586 543 historiam
597 509 618 543 et
629 515 680 544 cura
691 515 765 543 vacare
776 509 798 543 et
808 497 905 552 negocio,
917 500 976 554 quod

166 568 178 616 5
195 567 363 625 haudquaquam
372 581 476 625 occupata
486 587 551 625 opera
561 581 582 617 et
592 569 698 626 impedito
708 569 781 617 animo
791 569 864 626 perfici
875 587 909 617 res
918 582 977 620 tanta

193 640 267 696 possit.
284 639 373 687 lllorum
379 652 452 687 autern
459 653 557 688 veterum
569 641 666 688 studium
673 654 694 688 et
701 641 761 688 labor
767 642 838 688 omnis
844 642 867 688 in
874 661 900 688 eo
906 642 976 691 solum

192 734 216 762 ac
231 712 376 772 principaliter
392 712 524 768 versabatur,
541 726 566 763 ut
582 735 649 772 quarn
665 734 712 763 rem
729 714 844 763 memoriae
860 713 977 780 traderent,

192 807 240 834 eam
256 806 305 834 vere
321 806 345 834 ac
363 785 455 834 breviter
472 800 602 836 enarrarent.
625 786 704 845 Neque
720 806 771 836 vero
788 787 844 835 illius
861 789 976 838 memoriae

193 859 298 912 homines,
308 878 350 917 qua
360 859 439 916 posteri
448 860 481 907 usi
490 872 547 914 sunt,
555 860 650 907 oratione
659 872 748 917 purgata
757 860 795 907 sed
804 860 899 918 quodam
907 861 977 918 prisco

155 932 180 980 10
194 932 314 991 eodemque
323 932 390 990 magis
400 933 457 990 gravi
466 945 487 980 et
496 932 556 994 brevi
565 953 631 991 quam
640 933 736 981 laborato
745 933 830 981 dicendi
845 950 922 991 genere
930 947 977 982 ute·

193 1005 278 1071 bantur.
294 1005 396 1074 Dictione
406 1006 495 1064 quidem
506 1007 541 1054 vix
556 1008 682 1055 accuratiori
698 1027 764 1064 quam
774 1007 899 1064 quotidiana
915 1007 955 1055 etl
968 1038 977 1047 -

194 1078 270 1126 miliari
281 1098 307 1126 ex
317 1078 473 1126 consuetudine
484 1078 519 1126 illa
530 1079 628 1136 superior
640 1091 697 1127 aetas
708 1099 746 1127 usa
757 1091 796 1127 est.
810 1079 895 1127 Sonum
905 1092 977 1128 autem

193 1151 252 1199 vocis
263 1149 387 1210 plusculum
399 1151 502 1199 maiorem
513 1171 580 1210 quam
591 1150 684 1199 solerent
695 1150 730 1199 alii
744 1150 830 1199 Caelius
841 1163 891 1199 ante
902 1172 976 1199 omnes

193 1224 278 1271 adiecit.
289 1223 408 1272 Historiam
418 1237 490 1271 tamen
501 1245 572 1283 neque
583 1224 680 1273 distinxit
690 1224 791 1272 varietate
802 1223 899 1271 locorum
907 1232 977 1283 neque
1045 1257 1047 1289 3

155 1298 180 1344 15
196 1298 312 1344 verborum
325 1297 470 1350 collocatione,
485 1310 506 1344 et
519 1310 589 1344 tractu
602 1298 643 1345 levi
657 1298 758 1344 orationis
771 1317 796 1344 ac
809 1298 915 1354 aequabili
929 1316 978 1354 per·

194 1369 269 1426 polivit
284 1390 338 1427 opus
350 1389 421 1417 suum.
433 1368 516 1417 Omnes
528 1369 617 1427 quidem
629 1370 666 1428 qui
678 1370 723 1417 eius
735 1369 762 1417 ad
774 1369 832 1417 diem
843 1370 978 1428 scripsissent

194 1441 300 1496 historias,
311 1461 347 1490 eos
359 1440 435 1489 Cicero
446 1460 518 1489 rerum
529 1441 699 1500 haudquaquam
709 1454 845 1490 exornatores
856 1441 895 1490 sed
905 1460 977 1490 narra.
1033 1483 1046 1487 ¹

194 1528 251 1563 tores
265 1516 365 1573 appellat,
380 1516 440 1572 quod
454 1516 515 1563 illum
530 1517 552 1563 in
567 1516 625 1563 diem
639 1516 715 1563 luisset
729 1516 801 1563 nullus
815 1517 852 1572 qui
867 1516 979 1563 historiam

195 1587 277 1634 Latinis
292 1587 367 1634 litteris
382 1586 515 1634 illustrasset.
530 1585 642 1634 Vacabant
656 1588 715 1634 enim
729 1586 776 1634 foro
791 1587 861 1634 solum
875 1599 940 1644 atque
954 1600 978 1634 ut
1031 1593 1035 1641 3

151 1660 180 1709 20
195 1661 303 1708 elucerent
312 1661 335 1708 in
343 1660 412 1707 causis
420 1655 524 1707 curabant
530 1661 568 1717 qui
576 1672 637 1707 erant
645 1659 779 1717 eloquentiae
788 1660 885 1708 studiosi.
895 1660 981 1708 Munus

193 1746 266 1781 autem
280 1732 415 1781 exornandae
429 1732 531 1780 historiae
545 1733 632 1790 penitus
647 1732 791 1790 negligebant.
806 1732 892 1780 Florere
906 1745 955 1781 aute

195 1806 263 1854 Roma
272 1806 360 1854 tandem
369 1805 510 1863 scriptoribus
519 1805 659 1853 historiarum
667 1806 699 1853 uti
708 1805 828 1854 oratoribus
836 1819 901 1864 atque
910 1807 977 1864 poetis

194 1880 272 1937 coepit.
281 1878 341 1927 Orbe
349 1899 435 1937 nanque
443 1878 534 1933 domito,
543 1899 594 1927 curn
602 1899 649 1926 esse
656 1879 679 1926 in
688 1879 759 1937 quiete
767 1879 839 1927 omnia
847 1879 979 1934 viderentur,
1032 1872 1047 1889 ³

194 1970 268 2000 curam
286 1951 395 2000 Ciceronis
412 1964 469 2000 aetas
487 1951 581 1999 historiis
599 1951 728 1999 exornandis
745 1952 851 2006 adhibuit,
869 1952 936 2010 quod'
946 1953 977 2000 uti
1044 1952 1046 1955 ’

153 2026 180 2073 25
197 2038 241 2072 erat
255 2026 284 2073 ita
296 2026 404 2073 videretur
416 2044 517 2082 aequum,
534 2026 551 2071 si
567 2043 600 2072 res
616 2026 669 2072 tanti
685 2026 777 2082 imperii,
793 2026 979 2083 quemadmodum

194 2098 320 2145 excellentes
331 2109 353 2145 et
364 2097 488 2154 magnificae
498 2098 584 2150 virtute,
596 2097 670 2153 gloria,
682 2110 760 2145 eventu
771 2110 848 2151 essent,
860 2098 888 2145 ita
899 2099 977 2145 oratio·

194 2171 227 2217 nis
242 2169 294 2217 flore
307 2182 393 2217 ornatae
407 2168 545 2227 splendorem
558 2169 675 2216 verborum
688 2189 713 2216 ac
727 2170 853 2227 dignitatem
867 2170 985 2218 haberent.
1031 2227 1032 2242 χ

237 2242 296 2290 Tum
311 2242 400 2300 quidern
415 2242 441 2289 L.
455 2242 556 2296 Luceius‚
569 2243 602 2289 vir
614 2243 637 2289 in
650 2243 769 2290 scribendis
782 2243 876 2290 historiis
889 2244 977 2301 peritus,
1031 2249 1034 2271 ”

195 2336 227 2363 res
242 2337 286 2363 non
300 2315 365 2363 modo
378 2315 498 2372 superiores
509 2314 547 2362 sed
560 2314 626 2362 Italici
640 2316 704 2363 etiam
716 2337 741 2363 ac
752 2316 819 2364 civilis
830 2316 880 2363 belli
891 2317 985 2374 copiose,

153 2390 182 2437 30
197 2401 314 2446 ornateque
323 2388 454 2446 perscripsit.
463 2387 529 2435 Tanti
538 2400 611 2435 autem
621 2388 678 2436 hunc
688 2388 771 2443 Cicero,
781 2390 818 2447 qui
828 2389 913 2437 dicendi
923 2401 978 2437 esset
1034 2404 1037 2440 ζ

195 2465 295 2521 magister
304 2485 329 2511 ac
339 2465 446 2523 princeps,
456 2464 507 2512 lecit
517 2464 577 2523 quod
587 2465 660 2523 ipsum
670 2464 766 2511 laudaret
776 2482 861 2511 summe
871 2473 978 2510 exoraret·
1042 2465 1047 2517 ᾖ

195 2558 237 2596 que
251 2550 275 2586 ut
289 2558 344 2597 quae
357 2538 384 2586 ab
398 2559 424 2586 eo
438 2550 496 2596 gesta
512 2557 552 2586 suo
568 2538 590 2586 in
606 2537 719 2586 consulatu
728 2548 839 2592 essent-ea
848 2537 892 2584 suis
901 2534 977 2583 litteris
1034 2541 1046 2606 a]

195 2625 330 2659 memoraret.

181 2780 205 2817 3.
218 2780 254 2817 Cic.
266 2782 304 2825 teg.
317 2781 329 2817 1.
343 2780 359 2816 9.
411 2781 437 2817 17.
450 2780 485 2817 Cic.
499 2783 523 2818 De
536 2782 565 2819 Or.
579 2781 599 2817 ll.
614 2781 642 2818 54.
692 2781 720 2817 30.
733 2780 769 2817 Cic.
781 2782 826 2818 Fam.
839 2780 859 2817 V.
875 2780 902 2816 12.

196 2937 226 2984 ro.
241 2949 259 2982 a
274 2938 347 2993 bravi)
362 2944 375 2982 r.
390 2957 413 2982 r.¹
464 2938 493 2983 14,
509 2937 615 2993 (adiuero
630 2944 644 2982 1.
659 2919 686 2990 1,·
700 2946 742 2983 aa
756 2936 828 2982 aaran?
