2093 3253
474 197 566 229 SlCCONIS
580 197 702 229 Potttt‘rour

214 332 238 360 ac
253 329 330 369 parens
346 324 408 363 esset.
423 310 465 358 illis
479 311 587 359 adversari
602 332 668 369 quam
688 311 780 358 maxime
800 310 918 358 conabatur
936 325 998 371 atque
1043 349 1045 352 >

214 383 310 431 bostium
320 382 368 430 loco
378 382 471 430 babebat
481 403 556 430 omnes
567 384 604 441 qui
616 384 743 430 molirentur
760 384 878 440 quicquam
888 383 949 439 quod
958 385 998 434 ulla

214 455 237 502 in
252 474 275 503 re
289 468 329 502 aut
335 455 381 503 vim
390 454 463 511 legum
471 466 493 503 et
502 455 600 503 instituta
609 455 716 502 maiorum
725 468 762 503 aut
772 456 905 502 maiestatem
914 469 998 506 senatus
1044 502 1046 504 .

214 540 235 577 et
250 528 372 578 libertatem
386 527 497 587 publicam
509 549 573 587 posse
587 529 684 578 minuere
697 542 790 586 putaret.
804 528 883 587 Neque
896 547 946 576 vero
960 531 998 580 sibi

187 601 200 650 5
216 601 288 660 potuit
300 621 398 661 unquam
411 600 439 658 Q.
453 600 537 657 Cicero,
550 623 617 660 quern
629 602 693 651 unice
704 602 790 650 amabat
802 600 898 656 fratrem,
912 603 999 653 suadere

213 686 238 721 ut
252 686 313 722 tanto
328 693 351 721 se
365 693 377 721 a
392 667 508 721 certamine
522 693 547 721 ac
562 674 635 722 studio
650 674 680 721 rei
695 673 794 732 publicae
808 673 932 730 abstineret,
951 694 999 726 curn

214 759 235 796 et
250 746 343 796 rationes
358 746 475 795 adduceret
492 747 570 794 multas
586 759 608 794 et
624 748 739 795 hominurn
755 747 923 795 clarissimorum
943 767 999 797 acer·

214 818 254 867 bos
268 830 290 867 et
304 818 419 876 precipites
438 838 499 867 casus
518 818 598 867 multos
617 819 639 867 in
658 818 781 876 exemplum
800 819 888 867 baberet
906 839 943 867 eos
964 822 999 879 qui

214 904 327 950 tantopere
340 909 415 938 curam
429 892 459 938 rei
473 891 573 949 publicae
583 892 735 948 suscepissent,
747 891 774 945 vi,
785 904 838 945 arte,
849 891 940 944 insidiis,
952 892 999 941 dolo

177 963 203 1011 lll
217 962 368 1020 improborum
382 963 464 1010 civium
475 962 589 1014 corruisse,
841 969 842 972 ’

257 1034 302 1083 Sed
317 1034 344 1082 de
359 1034 392 1081 his
403 1047 477 1092 postea
487 1055 539 1083 cum
548 1034 608 1083 locus
619 1035 667 1088 erit;
677 1055 736 1083 nunc
746 1035 774 1083 ad
784 1036 921 1093 propositum
931 1053 999 1084 rever-

216 1120 295 1155 tamur.
311 1106 369 1154 Cum
380 1107 445 1164 igitur
456 1108 478 1154 in
489 1119 565 1154 senatu
576 1119 597 1154 et
609 1106 635 1154 de
647 1106 725 1154 Clodio
735 1120 834 1164 ageretur
844 1119 866 1154 et
876 1107 904 1154 de
915 1107 1000 1155 Cicero-

216 1200 251 1235 ne,
266 1179 298 1229 uti
313 1192 374 1229 eraut
388 1180 472 1229 diversa
501 1179 615 1229 hominurn
630 1180 708 1236 studia,
723 1199 794 1229 sermo
809 1181 866 1230 varie
881 1180 999 1237 haberetur,

215 1253 321 1302 assurexit
335 1254 369 1301 M.
384 1253 482 1308 Crassus,
497 1255 549 1301 civis
563 1266 691 1311 tempestate
705 1253 740 1301 illa
754 1254 865 1312 praedives
879 1273 904 1301 ac
918 1267 1000 1311 potens,

177 1327 203 1376 l5
218 1339 239 1375 et
254 1344 370 1374 conversus
381 1326 409 1374 ad
419 1325 548 1374 Ciceronem
562 1339 609 1373 toto
623 1339 699 1374 senatu
713 1326 815 1374 audiente
829 1327 907 1385 inquit:
922 1326 1001 1383 «Quod

216 1399 258 1447 sim
273 1411 366 1455 senator,
381 1398 442 1457 quod
452 1399 495 1448 sim
505 1399 558 1447 civis
571 1398 689 1453 Romanus,
701 1399 761 1458 quod
773 1400 814 1447 sim
826 1400 887 1453 liber,
899 1400 960 1457 quod
971 1401 1000 1447 vi-

217 1492 273 1526 vam,
289 1471 336 1525 tibi,
347 1470 438 1526 Cicero,
456 1472 533 1529 gratias
550 1471 627 1525 debeo;
644 1472 747 1530 equidem
763 1472 865 1530 quotiens
881 1473 1000 1529 coniugem,

217 1545 318 1602 quotiens
333 1543 430 1597 domum,
447 1544 547 1601 quotiens
562 1555 657 1601 penates,
673 1544 774 1600 quotiens
789 1543 887 1601 patriam,
903 1543 1001 1602 quotiens

218 1616 277 1664 hunc
291 1628 390 1664 senatum
399 1635 424 1663 ac
433 1616 463 1663 rei
472 1614 573 1673 publicae
581 1615 696 1663 consilium
706 1615 776 1670 video,
785 1616 865 1664 totiens
875 1615 1002 1664 beneficium

176 1689 205 1739 20
218 1702 283 1738 tuum
297 1707 347 1747 erga
362 1709 403 1744 me,
416 1707 464 1747 erga
476 1701 582 1744 senatum,
595 1707 644 1747 erga
656 1689 747 1747 patriam
757 1709 782 1737 ac
794 1707 840 1737 rem
851 1688 961 1749 publicam
972 1690 1002 1738 vi·

218 1763 266 1812 deo.
282 1762 318 1811 Tu
333 1762 392 1811 euim
406 1762 465 1810 solus
476 1775 497 1810 et
506 1774 599 1820 togatus,
610 1775 635 1811 tu
646 1762 692 1810 sine
702 1763 774 1816 armis,
785 1775 810 1810 tu
820 1763 904 1820 privato
914 1762 1002 1811 consilio

218 1849 264 1891 tuo,
279 1848 304 1885 tu
320 1829 469 1894 magnitudine
481 1835 548 1884 animi
561 1855 586 1883 ac
599 1835 678 1883 virtute
690 1848 728 1883 tua
741 1834 853 1883 flammam
866 1834 970 1883 Catilinae
983 1848 1003 1883 et

218 1909 256 1968 qui
271 1927 349 1957 eocum
367 1921 428 1956 erant
445 1921 466 1957 et
484 1909 648 1962 coniuraverant
666 1908 806 1956 extinxisti.»
824 1907 914 1956 Clodius
932 1915 1003 1957 autem

176 2019 178 2021 »
220 1980 347 2029 exacerbato
366 1981 389 2028 in
410 1980 539 2030 Ciceronem
557 1980 631 2028 animo
651 1978 840 2029 vehementissime
859 1980 1002 2028 inflammatus

177 2055 205 2103 25
220 2065 259 2108 est,
276 2053 337 2111 quod
352 2052 408 2101 lerre
423 2052 526 2111 patientia
542 2051 600 2102 nulla
616 2065 696 2111 posset,
712 2052 752 2101 hac
767 2053 881 2111 presertim
896 2053 919 2101 in
934 2072 1002 2107 causa,

219 2146 275 2184 quae
290 2125 344 2173 dura
356 2132 378 2172 et
391 2125 487 2183 capitalis
500 2137 562 2178 esset,
576 2124 723 2172 adversarium
735 2124 776 2171 sibi
790 2123 856 2172 luisse
870 2124 1002 2178 Ciceronem,

219 2218 286 2257 quem
305 2196 347 2244 sibi
361 2196 484 2251 vicinitatis,
506 2195 670 2250 benivolentiae,
691 2195 756 2244 officii
777 2197 823 2244 iure
843 2198 938 2245 amicum
959 2217 1003 2245 esse

219 2283 380 2330 patronumque
390 2288 415 2318 ac
427 2267 564 2318 defensorem
576 2289 708 2328 quocunque
720 2269 743 2317 in
755 2269 851 2329 periculo
863 2268 910 2318 lore
921 2289 1003 2330 speras*

219 2356 260 2393 set.
277 2343 352 2403 lpsum
364 2356 468 2401 preterea,
481 2363 536 2401 quae
548 2343 618 2391 solent
629 2344 718 2392 incitare
731 2343 817 2398 multos,
830 2343 929 2391 iuvenilis
940 2356 1002 2396 aetas,

178 2417 207 2467 30
221 2415 339 2466 nobilitatis
353 2414 462 2474 splendor,
474 2415 542 2464 clarae
553 2417 660 2464 maiorum
673 2417 784 2474 imagines,
798 2417 943 2474 amplissimae
954 2435 1004 2474 opes

219 2489 373 2538 accendebant.
399 2488 474 2546 Ignem
486 2509 574 2546 quoque
585 2488 695 2536 addebant
706 2489 751 2544 igni
763 2488 843 2547 quibus
855 2488 933 2536 Cicero
944 2489 1004 2535 odio-

220 2581 257 2610 sus
273 2573 324 2610 erat.
343 2559 446 2609 Clodium
463 2561 521 2608 enirn
538 2561 609 2608 omnis
626 2560 751 2609 malivolum
768 2560 832 2609 turba
848 2560 1003 2612 adhortatione,

221 2653 266 2693 spe,
282 2632 392 2683 latoribus
406 2633 561 2682 incitabant'et
576 2634 637 2692 quasi
652 2633 728 2682 datum
742 2634 783 2682 sibi
798 2654 810 2681 e
825 2633 913 2692 publico
927 2634 1004 2682 ducem

220 2709 249 2756 ad
263 2708 386 2756 communis
400 2706 467 2755 hostis
481 2708 599 2765 perniciem
612 2719 633 2755 et
646 2707 758 2755 interitum
771 2706 924 2764 sequebantur.
939 2705 1005 2753 Fave-

219 2842 244 2880 15.
257 2841 291 2881 Cic.
306 2842 342 2881 Aa.
355 2842 367 2880 l.
384 2843 410 2879 14.
423 2842 439 2878 3.
489 2842 517 2878 34.
529 2841 572 2878 Plut.
585 2841 619 2879 Cic.
633 2841 660 2878 30.

221 2963 254 3009 15.
267 2974 310 3008 toto
324 2968 337 3007 i.
353 2981 375 3013 r.;
390 2971 432 3007 erar
446 2963 508 3007 omni.
554 2960 587 3007 24.
602 2962 750 3007 vehementisse.
797 2962 829 3007 32.
839 2962 869 3008 Ex
879 2980 948 3006 omnes
958 2978 1005 3005 corr.
