2093 3253
132 216 159 261 40
433 228 525 261 sicconis
540 227 656 260 POLENTONI

176 343 271 393 Graecos
282 344 348 392 modo
358 342 397 391 sed
406 342 465 390 orbis
476 343 541 391 etiam
551 343 674 391 universam
684 356 778 401 gentem,
789 362 857 401 reges,
868 344 960 401 populos

175 417 265 465 infinitis
275 417 377 469 victoriis.
387 416 522 473 amplissimo
531 415 630 473 imperio,
641 415 757 463 immortali
768 415 834 472 gloria
842 416 961 480 superavit.
1014 410 1034 478 1ξῖ

218 487 334 538 Enimvero
346 507 398 538 cum
412 487 563 547 circumspicio
575 499 597 536 et
609 488 647 546 qui
663 488 783 536 floruerunt
800 487 896 547 singulos
915 509 961 537 me·

176 562 245 610 moria
257 560 342 620 colligo,
356 580 379 609 se
392 560 446 609 adeo
459 559 582 619 trequentes
596 573 618 608 et
630 580 709 618 magno
722 562 808 618 agmine
820 560 916 610 offerunt
928 575 953 610 ut

149 634 163 683 5
178 635 195 681 si
206 652 316 682 recensere
324 652 379 691 quos
388 634 470 691 possim
478 653 610 690 quocunque
617 634 640 680 in
648 651 726 690 genere
734 652 810 681 omnes
818 632 890 687 velim,
899 633 948 681 lacil

176 705 315 765 principium,
328 705 366 755 sed
377 709 491 765 nunquam
502 704 544 754 sim
555 700 641 755 eiritum
648 706 783 756 inventurus.
796 704 909 762 Quosdam
920 707 949 764 igi

176 792 212 829 tur
226 780 358 838 eosdemque
364 779 436 827 'claros
447 792 469 826 et
479 778 540 838 quasi
551 777 615 827 flores
625 780 775 837 potiusquam
786 778 866 828 multos
877 781 949 838 genen'

177 853 222 899 eius
237 851 307 909 delegi
322 852 379 899 viros
395 851 433 917 qui
447 870 494 898 esse
509 851 623 908 presertim
638 850 740 899 studiosis
756 850 892 912 eloquentiae
907 865 953 909 grat

177 936 198 971 et
212 922 327 972 familiares
342 923 419 973 solent.
434 922 498 971 Adde
509 922 573 981 'quod
588 923 719 980 pretermissi
735 936 799 972 erunt
813 944 826 972 a
841 924 904 973 nobis
920 925 962 974 hoc

138 997 164 1045 10
178 996 226 1045 loco
237 997 275 1056 qui
286 996 333 1044 istis
343 997 367 1045 in
377 995 453 1044 litteris
465 996 522 1044 docti
534 1008 585 1045 sunt
596 1008 618 1045 et
628 996 668 1045 hac
679 997 783 1045 memoria
794 1010 867 1047 nostra
877 998 953 1047 vivunt

177 1069 293 1119 Enimvero
307 1070 414 1118 nominari
429 1069 551 1127 complures
565 1090 590 1117 ac
605 1070 737 1117 excellentes*
747 1083 842 1128 possent,
862 1091 902 1120 nec
920 1072 961 1121 sibi

177 1141 238 1201 quod
251 1142 331 1196 vivant,
346 1155 371 1190 ut
382 1142 454 1200 inquit
466 1141 555 1197 Plinius,
567 1142 644 1190 obesse
656 1141 751 1192 deberet.
765 1141 846 1192 Libens
859 1144 961 1202 equidem

114 1263 115 1266 ,
176 1215 312 1264 nominarem
326 1217 392 1274 ipsos,
404 1227 453 1263 turn
465 1214 526 1274 quod
539 1214 597 1264 bono
610 1235 635 1264 ac
648 1215 732 1274 optimo
744 1215 793 1264 iure
803 1230 899 1275 possent,
912 1230 961 1269 tum

177 1288 237 1347 quod
246 1289 310 1336 aetati
321 1288 372 1336 huic
382 1287 440 1335 haud
450 1306 528 1344 pamm
538 1288 667 1345 splendoris,
679 1289 797 1345 dignitatis.
813 1288 883 1336 laudis
897 1290 961 1338 aller-

138 1362 163 1410 l5
179 1372 211 1408 ret
221 1360 272 1408 viris
282 1371 315 1407 tot
324 1369 346 1407 et
356 1358 435 1407 talibus
445 1358 550 1407 floruisse.
561 1359 605 1408 Sed
615 1360 674 1416 apud
684 1372 781 1417 posteros
791 1360 859 1425 virtus
870 1381 909 1410 sua
918 1362 962 1411 cla·

177 1453 215 1489 ros·
223 1432 282 1491 ipsos
293 1431 377 1481 efficiet.
389 1428 459 1480 Nobis
470 1443 544 1480 autem
555 1432 610 1480 banc
621 1431 704 1481 dabunt
714 1434 800 1482 veniam
810 1453 836 1481 ac
846 1432 869 1481 se
879 1448 962 1492 preter-

165 1506 235 1553 1>mitti
249 1525 320 1563 aequo
337 1506 410 1553 animo
428 1504 543 1561 patientur,
562 1505 579 1551 si
598 1505 736 1552 meminerint
754 1505 923 1562 Aristophanem
940 1520 963 1554 et

178 1576 319 1630 Aristarcum
329 1576 367 1635 qui
376 1574 435 1634 apud
444 1573 540 1624 Graecos
550 1588 621 1625 essent
629 1575 711 1625 iudices
722 1574 842 1634 poetarum,
851 1575 962 1626 neminem

165 1650 278 1698 “omnium
289 1649 328 1707 qui
340 1669 379 1697 sua
390 1661 459 1696 aetate
471 1647 568 1696 viverent
580 1649 710 1703 nominasse,
728 1648 857 1698 Ciceronem
873 1669 963 1710 quoque

137 1724 166 1772 20
180 1721 240 1780 apud
254 1722 343 1770 Latinos
360 1741 400 1770 suo
419 1721 442 1769 in
464 1720 539 1776 Bruto,
561 1741 612 1770 cum
634 1734 728 1770 oratores
750 1721 818 1770 claros
835 1724 962 1779 nominavit,

178 1795 288 1843 neminem
305 1796 338 1842 sui
354 1795 458 1851 temporis
475 1806 547 1852 preter
565 1793 645 1843 lulium
663 1793 777 1842 Caesarem
794 1807 815 1842 et
832 1794 963 1844 Marcellum

179 1869 316 1916 memorasse.
322 1864 401 1925 Neque
408 1885 459 1913 vero
469 1865 528 1924 apud
537 1864 703 1924 Hieronymum,
711 1867 749 1925 qui
758 1868 847 1925 peritus,
855 1869 894 1927 qui
902 1888 963 1927 pres·

179 1941 247 1999 byter,
265 1940 304 1999 qui
320 1944 407 1989 sanctus
419 1952 481 1995 esset,
494 1940 617 1989 nominatus
630 1952 662 1988 est
674 1940 791 1998 quisquam
801 1940 895 1990 illustres
906 1943 963 1991 inter
1032 1934 1046 1949 'i

178 2015 236 2061 viros
250 2014 288 2071 qui
305 2012 409 2060 memoria
425 2031 464 2060 sua
480 2012 544 2059 sacris
560 2012 659 2060 inlibris
677 2025 797 2061 versaretur
812 2032 838 2062 ac
853 2012 963 2063 scriberet.

138 2087 166 2134 25
223 2085 311 2133 Veteres
326 2086 391 2143 igitur
406 2084 523 2143 amplectar
538 2084 603 2133 modo
618 2096 691 2144 atque,
707 2097 732 2133 ut
747 2084 799 2140 dixi,
814 2104 859 2135 non
875 2086 963 2151 multos,

179 2177 255 2208 verum
266 2180 293 2207 ex
303 2157 345 2207 illis
357 2157 463 2217 quosdam
475 2158 512 2216 qui
524 2158 545 2206 et
557 2156 707 2216 pulcherrimis
718 2171 770 2207 sunt
780 2157 808 2207 de
819 2158 884 2208 rebus
896 2159 962 2209 locuti

180 2244 202 2280 et
216 2252 271 2290 quae
286 2232 393 2285 dixerunt,
406 2250 431 2276 ea
443 2229 559 2277 verborum
571 2230 667 2288 quodam
679 2230 801 2289 splendore,
814 2244 899 2287 ornatu,
911 2234 963 2281 arti-

165 2303 230 2353 licio
245 2301 386 2353 illustrarunt.
403 2300 489 2350 Horum
505 2314 580 2360 poetae
596 2315 648 2349 sunt
663 2301 737 2361 aliqui,
747 2301 853 2353 ,historici
866 2305 964 2364 quidam,

181 2375 272 2426 morales
281 2388 402 2425 oratoresve
410 2374 445 2423 alii
454 2374 562 2432 appellati.
572 2374 711 2433 Quamquam
720 2376 778 2423 enim
786 2376 846 2424 vario
854 2377 877 2425 in
886 2396 964 2434 genere

139 2450 168 2497 30
182 2448 269 2498 dicendi
282 2448 383 2507 variaque
395 2447 418 2495 in
432 2466 454 2495 re
468 2454 616 2495 versenturac
629 2446 689 2506 loqui
702 2447 768 2506 aliqui
782 2449 860 2503 iocose.
874 2450 964 2507 quidam

181 2523 258 2570 lascive
272 2522 337 2569 etiam
349 2520 469 2572 videantur,
483 2520 618 2582 documentis
631 2532 705 2567 tamen
717 2532 783 2578 atque
795 2521 883 2577 optimis
896 2522 964 2569 docu-
1044 2567 1046 2570 ,

181 2594 266 2648 mentis,
277 2593 296 2640 si
307 2591 471 2651 comprimimus
482 2609 667 2646 succum‚omnes
678 2590 706 2639 ad
717 2590 772 2639 bene
783 2593 921 2652 virtuoseque
932 2593 965 2641 vi·
984 2611 986 2614 ’
1043 2626 1044 2629 =

180 2665 276 2715 vendum
284 2664 358 2714 referti
366 2685 391 2712 ac
399 2660 476 2722 optimi
484 2663 550 2712 duces
559 2675 617 2712 sunt.
626 2661 674 2712 Nec
682 2663 803 2712 dictumest
811 2664 929 2723 quicquam
937 2665 965 2714 ab

181 2740 211 2787 eis
222 2738 263 2787 alia
275 2750 347 2786 mente
359 2738 381 2786 ni
393 2750 418 2785 ut
429 2736 480 2784 vitia
491 2735 572 2793 lugere,
584 2736 688 2784 virtutem
699 2736 769 2783 colere
781 2737 966 2797 doceanthtque

129 2847 131 2850 ’
178 2871 396 2916 trituratus.
449 2842 523 2911 rien.
538 2871 584 2909 Brut.
597 2868 638 2907 ιιι.
688 2870 716 2908 22.
729 2869 797 2910 uno..
811 2870 847 2911 ra.
864 2870 898 2913 ιιι..
912 2869 966 2911 ruer.

116 3043 117 3047 Ἰ
180 2992 213 3039 29.
227 3005 338 3038 oratoresve
350 3011 406 3044 sscr.;
421 2997 481 3036 etiam
496 2998 516 3036 in
530 2990 593 3036 indice
607 3000 693 3035 oratores
707 3000 775 3044 postea
790 2990 836 3036 add.
