2093 3253
264 171 393 201 scaurorum
407 173 531 204 recusantum
544 186 558 190 —
572 174 628 205 arnan
643 177 670 207 ιν.
839 164 876 212 133

95 287 193 336 contulit.
204 285 270 334 Vallis
279 285 349 345 estad
359 284 401 332 XV
406 285 464 345 milia
472 307 576 345 passuum
583 288 686 337 Avinioni
694 291 772 340 vicina.
783 290 837 340 Eam
844 295 878 345 in·
936 341 937 344 ,

95 361 154 411 colae
168 358 252 408 Vallem
264 356 365 406 Clausam
377 358 492 417 appellant.
505 359 576 410 Locus
588 362 678 421 quidem
689 383 768 422 parvus
779 364 818 414 sed
829 386 877 424 per·

95 432 223 483 commodus
241 431 268 480 ad
286 451 352 489 quam
370 431 505 481 desiderabat
522 434 588 482 vitam
606 435 724 492 solitariam
742 450 763 485 et
780 458 878 488 amenus.

97 508 122 557 ln
131 526 155 555 ea
164 504 213 553 lons
222 503 379 563 pulcherrimus
388 502 482 552 fontium
491 505 565 560 oritur,
574 507 597 554 in
606 527 630 554 ea
639 506 691 556 caeli
700 509 802 557 serenitas
811 530 878 569 quae·

69 583 81 633 5
97 581 148 630 dam
161 591 182 627 et
195 577 302 626 iocundus
315 589 421 635 aspectus.
435 577 511 636 Sorgia
524 577 578 627 lonti
593 601 672 629 nornen
686 593 725 630 est.
740 572 803 631 Hanc
812 583 878 641 igitur

94 654 122 704 ad
136 652 213 701 vallem
228 671 251 699 se
265 650 375 709 librosque
384 671 434 699 suos
444 663 465 699 et
474 672 527 710 quas
536 672 610 702 secum
620 653 698 703 habere
707 656 794 704 vivendi
803 676 877 705 neces-

95 728 144 775 sitas
159 724 257 783 exigebat
267 725 360 772 sarcinas
370 724 485 773 transtulit.
496 724 571 773 Annos
582 727 676 785 denique
687 729 809 787 complures
819 721 877 778 inea

94 811 239 850 commoratus
252 809 290 846 est.
304 795 347 846 Hic
359 795 463 853 bucolica,
477 796 511 845 hic
524 796 623 848 Solitaria
635 799 663 849 de
675 798 724 849 Vita
736 795 832 861 scripsit.
843 801 877 851 bic

94 873 190 923 Africam
204 872 292 930 incepit.
308 870 350 918 Hic
365 870 466 930 denique,
482 885 506 920 ut
521 871 586 921 tradit
600 873 633 921 vir
649 873 786 924 doctissimus
801 875 876 926 Petrus

57 950 81 997 l0
96 944 173 994 Paulus
186 943 300 1002 Vergerius
315 943 513 1000 lustinopolitanus,
526 944 631 1003 quicquid
642 944 687 993 fere
699 946 805 996 librorum
816 951 876 1008 omni

93 1030 161 1067 aetate
175 1015 298 1075 composuit
311 1027 348 1063 aut
362 1013 452 1074 perfecit
465 1027 503 1063 aut
516 1015 597 1075 incepit
610 1030 647 1065 aut
656 1018 754 1078 ‘scribere
768 1013 875 1079 cogitavit.

118 1149 121 1154 .
136 1090 201 1138 Fama
216 1090 261 1137 eius
272 1089 315 1136 iarn
325 1088 407 1147 ubique
417 1107 490 1147 sparsa
500 1101 521 1137 et
532 1110 609 1147 magna
619 1103 670 1139 erat.
684 1081 839 1152 lstudnanque
848 1095 876 1142 ad

94 1184 144 1211 eum
158 1164 240 1210 litterae
253 1161 339 1209 duobus
352 1162 526 1215 disiunctissimis
538 1182 563 1210 ac
576 1163 695 1211 illustribus
709 1185 721 1212 e
733 1164 793 1219 locis,
807 1166 876 1214 Roma

93 1250 114 1286 et
128 1236 228 1291 Parisius,
243 1255 288 1284 uno
299 1235 341 1290 die,
354 1234 451 1290 mirabile
462 1235 529 1290 dictu,
541 1237 602 1294 quasi
614 1236 641 1285 de
652 1236 757 1286 industria
769 1237 809 1288 hae
820 1239 876 1288 duae

56 1313 80 1360 15
95 1310 223 1359 clarissimae
236 1310 259 1358 in
271 1310 333 1357 terris
346 1309 411 1357 urbes
424 1309 466 1357 hoc
478 1310 519 1357 isto
533 1309 560 1358 de
573 1309 656 1359 honore
666 1324 780 1367 certarent,
793 1312 876 1362 delatae

93 1396 150 1433 sunt.
160 1383 253 1441 ¹Quippe
264 1383 291 1430 de
301 1381 400 1437 Peridus,
412 1381 489 1431 Gallici
500 1383 594 1431 nominis
604 1384 702 1442 principe
711 1405 736 1432 ac
746 1386 803 1443 regia
812 1375 874 1441 urbe,

93 1457 130 1515 qui
145 1469 241 1514 praeerat
255 1454 327 1503 studio
335 1453 480 1509 cancellarius
489 1455 517 1503 de
530 1454 598 1504 Roma
614 1475 665 1504 vero
681 1457 719 1515 qui
737 1470 798 1505 erant
812 1478 875 1507 sena·

92 1542 149 1578 tores
166 1528 271 1577 scribunt.
290 1526 399 1586 Utrinque
416 1527 472 1576 hanc
489 1528 511 1575 in
529 1528 658 1577 sententiam
675 1528 833 1579 exhortationes
850 1551 875 1580 ac

92 1622 165 1662 preces
175 1615 242 1657 erant,
252 1616 277 1651 ut
286 1602 397 1660 quaeiure
406 1602 489 1660 optimo
499 1601 613 1650 deberetur
622 1603 641 1650 ei
651 1623 676 1651 ac
685 1603 809 1662 poetis'dari
819 1604 875 1653 sole-

52 1676 79 1723 20
94 1688 132 1730 ret,
147 1672 195 1724 eam
209 1675 268 1733 apud
282 1694 305 1722 se
319 1674 414 1722 lauream
428 1685 529 1722 sumeret.
547 1674 618 1732 lpsam
632 1675 722 1734 quidem
736 1673 874 1726 cancellarius

92 1762 116 1798 ut
130 1749 230 1805 Parisius,
245 1761 353 1797 senatores
367 1761 392 1796 ut
406 1747 487 1796 Romae
501 1761 596 1796 sumeret
610 1748 683 1797 multis
698 1749 874 1808 persuasionibus

20 1826 21 1829 ¹
92 1822 239 1871 hortabantur.
255 1821 342 1870 Dubius
360 1834 433 1870 autem
451 1841 525 1869 secum
543 1821 589 1880 ipse
607 1821 636 1869 ad
659 1842 714 1879 quos
738 1843 761 1869 se
779 1820 874 1870 flecteret

92 1896 168 1954 perdiu
182 1894 233 1945 luit.
250 1894 350 1944 Tandem
366 1913 416 1943 vero
428 1893 619 1942 Columnensium
640 1894 732 1943 consilio
752 1907 774 1943 et
791 1895 873 1944 ratione

92 1990 143 2018 usus
158 1969 236 2019 urbem
250 1968 343 2016 Romam
358 1966 533 2027 praeponendam
549 1987 596 2015 esse
611 1967 730 2015 constituit.
747 1967 874 2017 Nonenim

52 2041 78 2089 25
94 2041 181 2090 deerant
196 2041 233 2101 qui
248 2040 340 2088 Parisius
355 2039 384 2087 ob
399 2039 570 2097 magnitudinem
585 2038 651 2087 studii
665 2059 690 2087 ac
704 2040 785 2097 regiam
799 2040 874 2089 sedern

91 2108 215 2172 eligendum
229 2134 275 2162 esse
290 2113 434 2162 consulerent.
450 2110 516 2160 Erant
531 2112 633 2171 utrinque
648 2132 703 2170 quae
715 2113 874 2170 'persuaderent

91 2188 183 2235 rationes
193 2187 280 2234 multae.
292 2185 336 2233 Sed
346 2184 527 2233 Columnensium
536 2185 559 2253 in
570 2185 698 2232 sententiam
708 2185 772 2232 duxit
780 2184 873 2243 dignitas

90 2259 157 2317 urbis,
172 2260 233 2320 quod
241 2259 332 2319 imperio
342 2257 498 2318 cumpelleret,
508 2258 531 2307 in
541 2278 565 2307 ea
574 2269 654 2324 poetae
659 2257 737 2307 donati
743 2257 814 2308 laurea
823 2277 872 2318 per-

91 2335 152 2384 multi
163 2346 241 2384 essent.
253 2334 323 2382 Duxit
334 2353 422 2392 quoque
432 2333 547 2381 auctoritas
559 2332 648 2381 Roberti
660 2332 723 2390 regis,
735 2333 773 2391 qui
785 2345 806 2381 et
817 2332 873 2382 Sici-

1 2438 8 2441 -
50 2406 78 2454 30
92 2408 132 2457 liae
146 2428 212 2466 regno
229 2407 314 2455 floreret
330 2418 351 2453 et
368 2402 441 2464 preter
454 2404 495 2453 alia
511 2406 567 2453 vitae
579 2397 715 2458 ornamenta,
732 2423 788 2464 quae
799 2403 873 2452 multa

89 2495 160 2531 essent
169 2501 194 2530 ac
204 2473 268 2539 regia,
279 2478 302 2527 id
308 2479 376 2528 etiam
383 2490 495 2527 assecutus
506 2490 568 2542 esset,
579 2477 639 2537 quod
648 2477 704 2531 inter
713 2477 793 2535 peritos
803 2476 872 2525 bona·
933 2485 935 2487 ’

89 2573 138 2603 rum
149 2556 228 2603 artium
239 2552 423 2611 acphilosophiae
435 2553 481 2609 ipse
492 2552 634 2610 peritissimus
646 2550 767 2605 haberetur,
780 2571 820 2599 nec
831 2550 872 2600 ista

97 2694 123 2732 Ιῦ.
136 2694 164 2733 Cl.
176 2694 197 2732 Α.
210 2684 267 2732 Solent
286 2694 317 2738 (la
329 2697 360 2731 vae
371 2660 458 2733 mm,
471 2693 546 2730 Petrarca
558 2705 566 2728 e
578 2693 662 2730 Boccaecio
671 2691 734 2734 (Sara
749 2691 783 2729 terr.
792 2691 871 2737 d'rtarra),

49 2766 64 2795 n
77 2755 124 2803 296).

50 2835 189 2848 Ἢ

103 2882 119 2929 l.
133 2884 164 2932 Ex
178 2884 226 2931 valis
239 2902 289 2929 corr.
303 2882 345 2937 (sed
358 2889 378 2928 in
392 2882 454 2927 indice
468 2899 506 2925 non
521 2881 586 2936 corn).
660 2881 679 2925 2.
697 2880 728 2927 Ex
742 2878 808 2925 valem
821 2898 871 2925 corr.

49 2947 67 2990 4·
80 2948 110 2997 Ex
125 2952 211 3006 quedam
225 2970 272 2996 corr.
328 2952 347 2995 6.
361 2947 392 2994 Ex
406 2948 469 2993 valem
483 2967 531 2993 corr.
589 2948 618 2993 ll.
633 2947 663 2994 Ex
679 2948 703 2994 be
717 2967 766 2993 corr.
789 2963 812 2992 .’
887 3005 888 3009 ¹
