2093 3253
243 213 371 246 scurronum
386 213 510 244 uausrruuu
523 225 537 230 —
551 213 609 245 arnan
622 213 650 243 ιιι.
819 198 864 244 307·

72 335 186 390 purgatam
195 330 308 388 flagiciosis
318 330 402 384 urbem,
412 329 541 392 periculose
550 349 575 377 ac
584 347 630 378 rem
639 328 750 387 publicam
759 328 859 378 liberatos

73 424 120 452 esse
126 416 219 462 putaret.
231 402 317 452 Deinde
328 421 379 451 vero
389 401 458 451 lactus
469 404 547 451 certior
557 416 578 451 et
589 401 651 451 illum
661 421 728 461 parvo
738 422 789 452 cum
799 402 861 461 equi·

73 490 119 526 tatu
134 475 260 535 prolectum'
269 489 290 524 et
303 476 387 524 nullum
399 496 411 524 e
423 474 521 524 clientela
533 487 632 523 secutum
644 495 688 524 non
701 476 783 524 remisit
798 476 861 534 quic·

74 568 139 607 quam
150 566 226 597 eorum
235 569 291 606 quae
300 568 362 596 suam
371 548 399 596 ad
409 547 500 596 salutem
509 560 530 596 et
540 548 600 596 urbis
610 548 731 607 custodiam
739 547 801 605 prius
815 548 860 596 fieri

48 623 60 674 5
76 620 192 671 statuisset.
206 620 266 679 Quin
279 621 351 680 potius
365 620 432 679 magis
444 633 510 678 atque
523 620 590 678 magis
608 632 630 669 et
647 619 782 678 vigilandum
794 633 861 670 etca-

74 694 170 745 vendum
182 714 228 744 esse
240 694 359 748 constituit,
372 692 433 754 quod
444 693 581 749 existimaret,
594 693 626 742 uti
634 706 685 749 erat,
695 693 780 743 sceleris
791 693 861 743 socios

76 769 229 826 ministrosque
238 769 365 816 remansisse
374 768 396 815 in
405 767 459 815 urbe
469 766 574 815 Catilinae
582 768 649 822 iussu,
659 780 683 815 ut
692 786 751 826 quae·
758 768 861 826 nequive-

75 854 107 888 rat
116 840 172 897 ipse,
185 840 246 898 quod
258 853 371 897 suspectus
388 852 451 892 esset,
468 859 493 886 ea
510 838 614 896 incogniti
631 858 672 897 per·
687 833 784 886 insidias:
792 839 861 886 adim-

76 914 166 971 plerent.
177 913 290 969 Quosdam
300 913 359 975 enim
368 912 511 969 cognoscebat
521 911 605 965 Cicero,
616 910 723 969 quosdam
732 913 797 960 etiam
807 916 860 966 esse,

39 987 63 1036 10
78 1005 118 1034 nec
126 984 216 1044 quidem
225 1005 237 1033 e
246 975 328 1044 populo
336 997 373 1034 aut
382 984 457 1034 infima
464 1004 477 1032 e
485 984 549 1042 plebe
558 984 624 1033 modo
632 984 671 1033 sed
679 985 727 1042 ipso
736 1004 748 1032 e
756 997 832 1033 senatu
837 1004 862 1032 ac

76 1070 163 1115 patrum
173 1077 185 1104 e
195 1075 293 1111 numero,
301 1078 348 1105 non
359 1057 472 1105 dubitabat
482 1058 520 1114 qui
530 1057 584 1106 adeo
594 1076 664 1115 usque
679 1057 782 1113 incogniti
792 1069 864 1104 essent

77 1143 101 1179 ut
112 1128 221 1198 bonorum
233 1128 274 1179 sub
286 1129 366 1179 civium
377 1129 450 1189 specie
461 1142 597 1180 versarentur
608 1130 630 1180 in
642 1130 707 1186 curia,
725 1128 862 1189 loquerentur

76 1223 128 1252 cum
138 1210 172 1259 eo‚'
181 1203 281 1252 audirent
291 1224 347 1262 quae
357 1202 453 1258 referret,
469 1224 512 1262 que
522 1216 632 1260 statueret,
640 1223 664 1252 ac
673 1203 739 1262 rogati
748 1203 865 1253 sententias

78 1276 105 1323 de
119 1289 176 1324 statu
191 1289 212 1324 et
227 1275 295 1324 salute
309 1275 452 1334 reipublicae
467 1276 569 1324 dicerent.

15 1378 31 1404 ς.
41 1348 64 1397 15
120 1347 222 1397 Proxima
230 1349 304 1407 itaque
314 1348 349 1397 die
358 1368 414 1406 quae
422 1347 486 1406 lugae
496 1361 583 1397 noctem
592 1354 624 1396 est
634 1360 749 1396 consecuta
755 1348 865 1407 populum

78 1420 106 1468 ad
116 1420 244 1469 concionem
254 1421 338 1469 vocavit
349 1433 370 1468 et
380 1420 446 1469 verba
456 1421 478 1468 in
488 1440 537 1468 eam
547 1421 676 1475 sententiam
686 1419 769 1474 habuit,
775 1432 800 1469 ut
806 1419 865 1468 Catiss

79 1491 122 1541 lina
129 1492 183 1541 urbe
191 1491 282 1552 depulso
289 1492 343 1542 nihil
350 1512 397 1542 esse
403 1492 497 1551 amplius
504 1492 552 1547 sibi,
561 1492 614 1541 nihil
622 1492 652 1541 rei
660 1491 759 1551 publicae
767 1505 865 1542 metuen-

71 1564 139 1620 dum,
153 1564 197 1616 sed
205 1564 287 1613 bellum
299 1578 373 1633 aperte
390 1564 427 1613 illo
447 1586 498 1613 curn
511 1565 573 1614 hoste
585 1565 706 1623 gerendum
717 1585 764 1614 esse
777 1567 865 1623 persua·

80 1637 140 1684 deret
152 1638 190 1697 qui
203 1652 225 1686 et
237 1638 295 1686 cives
308 1637 522 1687 bonosoccidereet
534 1637 612 1687 urbem
622 1638 725 1687 incendio
737 1649 832 1687 evertere
845 1649 866 1686 et

40 1708 68 1758 20
82 1709 181 1768 quietum
196 1711 227 1759 rei
242 1709 342 1769 publicae
357 1724 438 1760 statum
453 1710 540 1759 turbare
555 1710 665 1759 voluisset.
681 1710 768 1759 Deinde
782 1710 867 1770 aperuit

80 1801 154 1830 causas
168 1802 195 1830 ne
208 1782 351 1832 admiraretur
364 1792 389 1830 ac
402 1784 475 1840 ipsum
488 1782 654 1842 'reprehenderet
668 1783 791 1842 quisquam,
805 1782 867 1842 quod

81 1853 143 1902 illum
154 1855 262 1913 depellere
273 1856 327 1904 urbe
337 1864 404 1915 quam
415 1855 521 1938 supplicio
530 1855 616 1906 afficere
627 1855 744 1904 maluisset.
755 1854 868 1904 Postremo

82 1926 249 1977 commonelecit
263 1929 349 1977 sceleris
363 1929 461 1976 conscios
475 1927 536 1986 quod
546 1929 632 1977 exirent
645 1928 700 1977 urbe
713 1940 735 1976 et
744 1928 866 1981 ducem,
849 1947 868 1975 si

81 1998 167 2055 vellent,
180 2013 323 2060 sequerentur
330 2021 395 2050 suum
403 2013 440 2049 aut
448 2013 553 2059 ponerent
562 2019 636 2050 curam
644 2000 787 2050 tentandi
750 2020 868 2095 quicquam

43 2071 69 2118 25
85 2072 145 2130 quod
159 2073 206 2120 fieri
228 2072 322 2122 Catilina
344 2074 448 2122 iussisset.

126 2145 187 2195 Urbe
201 2159 274 2196 autem
289 2146 378 2205 pulsum
396 2146 494 2197 illum
475 2167 496 2196 vr
513 2166 538 2196 ac
556 2165 594 2206 per
611 2147 713 2196 iniuriam
730 2146 869 2205 eundemque

83 2215 273 2266 Massiliam'ultro
285 2218 307 2266 in
320 2217 408 2267 exilium
420 2219 450 2267 ire
462 2235 553 2277 pergere
567 2218 605 2277 qui
622 2217 657 2266 sui
673 2229 734 2266 erant
752 2217 816 2266 amici
836 2216 869 2264 di-

82 2287 161 2342 cebant
173 2290 277 2347 primum;
290 2311 370 2348 paucos
382 2310 434 2339 vero
446 2291 497 2339 inde
508 2290 537 2338 ad
557 2290 603 2338 dies
615 2291 689 2348 ipsum
700 2291 724 2338 in
735 2290 812 2338 castris
816 2308 870 2337 esse

82 2360 142 2419 apud
158 2360 252 2418 Fesulas
270 2362 352 2413 bellum
368 2362 480 2422 propalam
495 2362 622 2412 comminari
641 2361 698 2417 urbi,
715 2361 833 2412 exercitum
849 2374 870 2410 et

44 2430 72 2479 311
85 2452 145 2482 arma
156 2453 231 2494 parare
243 2436 357 2517 permultis
366 2436 445 2485 litteris
457 2456 481 2485 ac
492 2436 585 2496 testibus
596 2435 686 2485 allatum
697 2447 737 2488 est.
749 2434 810 2486 Tum
822 2434 871 2492 qui

84 2505 134 2554 dem
149 2519 171 2554 et
185 2507 232 2565 ipse
247 2517 275 2563 et
291 2508 328 2567 qni
344 2521 388 2556 erat
403 2502 512 2556 lacrnorrs
515 2500 610 2556 adiutor
618 2528 643 2557 ac
658 2508 770 2566 copiarum
772 2507 869 2562 ductor,

85 2577 182 2628 Manlius
193 2600 206 2628 a
217 2594 293 2629 senatu
305 2581 433 2630 nominatim
445 2581 517 2629 hostes
529 2593 580 2629 sunt
591 2581 672 2639 patriae
684 2579 779 2634 iudicati,
792 2578 871 2627 deinde

46 2707 187 2716 Ἢ-

83 2780 103 2825 3.
117 2779 243 2837 quic(quam)
257 2788 271 2826 ι’.
281 2800 304 2832 r.;
319 2790 360 2827 erut
376 2780 437 2837 quod.
495 2783 525 2828 13.
539 2780 620 2827 relerret
632 2800 672 2836 que
683 2788 697 2827 ι’.
707 2800 728 2834 ν.;
744 2790 785 2827 erat
798 2780 871 2826 diceret

45 2862 89 2897 que.
147 2850 177 2894 15.
192 2847 290 2902 populum
304 2856 317 2893 i.
332 2867 354 2900 r.;
371 2868 394 2895 ex
412 2848 566 2904 Con(cionem.³)
583 2856 649 2895 statim
665 2866 714 2893 corr.
767 2849 802 2894 23.
815 2848 871 2903 quod
913 2895 915 2905 Ἰ,

46 2913 58 2952 1'·
77 2930 103 2964 r.;
125 2923 167 2959 erat
188 2925 217 2960 ut.
276 2913 309 2960 24.
330 2931 397 2959 curam
417 2933 462 2960 sscr.
522 2912 554 2960 28.
576 2916 642 2969 ipsum
663 2921 676 2960 ι’.
698 2933 725 2965 r.;
747 2923 789 2960 erat
810 2918 870 2959 esset

47 2972 77 3019 28.
92 2996 134 3023 esse
147 2998 192 3024 sscr.
247 2979 279 3026 3l.
294 2992 335 3025 erat
348 2979 457 3036 laci(noris)
472 2987 485 3026 ι’.
500 2999 522 3033 r.;
537 3000 560 3027 ex
574 2977 676 3028 belli'erat
689 2987 755 3028 statim
769 2985 822 3026 corn
