2093 3253
237 186 365 217 SCRIPTORUM
380 185 505 217 ILLUSTRIUM
518 197 533 203 -
546 185 605 217 LlBER
618 185 672 218 vult.
829 170 867 216 255

80 297 224 353 monumenta
243 300 390 360 pulcherrima
410 299 537 349 habeantur.
558 300 649 358 Septem
674 298 709 347 illa
730 299 757 348 de
777 319 799 348 re
820 312 870 348 sunt

78 376 139 428 -libri,
151 374 189 421 sed
200 374 284 430 primus
295 392 351 432 quae
362 373 405 420 sint
418 372 521 420 Romanis
532 392 544 419 a
555 372 643 431 regibus
654 385 720 432 gesta,
732 372 841 420 secundus
847 384 869 418 et

37 480 38 483 =
79 448 159 498 tertius
171 465 239 506 quem
251 445 327 494 habuit
342 444 416 494 ltaliae
425 445 516 503 'quaevis
529 446 604 494 civitas
616 446 760 499 conditorem,
779 458 869 505 quartus

83 520 166 570 bellum
181 520 277 577 primum
292 518 407 572 Punicum,
424 519 513 576 quintus
528 519 651 567 secundum
666 519 727 578 quod
748 518 870 566 Hannibale

58 596 70 645 5
86 593 141 642 duce
158 611 210 640 cum
226 590 309 649 populo
326 589 433 639 Romano
442 589 550 648 Carthago
567 591 647 649 gessit·
658 603 804 649 quaeautem
820 603 872 638 sunt

84 686 110 714 eo
117 665 167 713 vivo
175 662 231 712 bella
239 663 319 711 deinde
326 675 386 721 gesta
394 675 467 710 sextus
476 676 497 710 et
505 665 611 721 septimus
619 665 739 713 continent.
750 663 870 712 Illustrium

85 757 135 788 vero
150 756 266 785 causarum
280 756 423 795 quascunque
438 736 514 784 habuit
530 737 637 785 orationes
653 737 725 785 senior
741 736 784 784 iam
800 734 871 785 lactus

86 809 178 868 scripsit.
187 808 228 856 Eas
237 809 314 856 Cicero
322 807 389 855 luisse
397 826 488 855 numero
496 827 562 866 supra
569 808 609 856 CL
616 808 689 857 refert.
700 809 776 867 lpsum
783 809 873 867 quidem

87 883 171 939 Lysiae,
187 881 266 929 oratori
281 881 362 934 Attico,
379 892 400 927 et
415 880 438 928 in
453 879 555 928 facultate
571 879 658 928 dicendi
673 892 695 947 et
710 880 834 928 orationum
850 880 872 927 in
917 909 920 911 Δ

50 959 74 1006 111
90 972 181 1004 numero
194 953 362 1010 adaequandum
375 952 591 1010 putat.=0rationum
605 955 650 1001 eius
664 971 714 1010 pars
727 953 770 1000 fuit
785 971 826 1012 pro
839 955 874 999 in-

55 1067 57 1069 .
87 1027 187 1076 nocentia
201 1039 238 1074 aut
252 1045 290 1073 sua
304 1038 341 1073 aut
355 1026 476 1073 amicorum
489 1024 629 1079 defensanda,
643 1044 693 1082 pars
711 1026 734 1073 in
753 1025 874 1084 accusando

42 1128 43 1133 =
88 1098 209 1152 libidinem,
228 1098 348 1152 audaciam,
367 1097 493 1156 superbiam
509 1098 625 1145 bominum
643 1096 730 1145 illorum
741 1097 779 1155 qui
790 1096 874 1154 generis

89 1168 266 1218 nobilitatelreti
282 1169 382 1218 licentius
398 1170 502 1218 viverent.
519 1169 598 1229 Neque
613 1187 665 1219 vero
679 1169 787 1234 accusavit
808 1168 875 1217 modo

89 1245 135 1301 ipse
144 1243 183 1290 sed
192 1243 299 1301 persuasit
309 1243 374 1290 etiarn
383 1257 449 1301 atque
458 1243 528 1300 coegit
538 1242 649 1290 interdurn
658 1256 683 1290 ut
692 1261 740 1289 reos
749 1243 787 1301 qui
802 1255 873 1290 essent

40 1319 76 1366 »15
92 1317 142 1364 laesi
154 1329 288 1363 accusarent.
302 1315 349 1363 Nec
362 1316 452 1373 quidem
464 1317 488 1362 id
500 1316 600 1373 maligne,
609 1329 634 1363 ut
646 1336 685 1373 per
696 1316 801 1362 invidiam
812 1315 874 1361 nobi-

90 1387 173 1437 litatem
191 1388 331 1446 opprimeret.
350 1387 579 1446 Cognoscebatenim
598 1388 630 1437 vir
648 1387 745 1446 prudens
763 1407 788 1435 ac
804 1386 874 1435 bonus

90 1475 111 1509 et
118 1475 183 1518 turpe
190 1481 237 1509 esse
244 1479 345 1509 accusare
353 1481 488 1520 quemquam
495 1475 516 1509 et
524 1461 589 1509 urbes
597 1451 757 1509 claris‘tamiliis
764 1461 874 1515 illustrari,

91 1553 168 1581 verum
180 1533 316 1581 existimabat
329 1554 341 1581 e
353 1552 376 1581 re
388 1532 475 1591 publica
487 1532 534 1581 fore
546 1534 564 1581 si
577 1553 653 1582 eorum
665 1535 780 1581 hominurn
793 1534 874 1590 flagicia

92 1605 221 1663 punirentur
232 1605 270 1663 qui
281 1605 405 1670 opprimere
415 1604 485 1653 bonos
496 1605 598 1663 superbia
609 1618 630 1654 et
640 1605 730 1653 audacia
740 1624 781 1654 suat
789 1603 876 1653 vellent.

52 1680 79 1725 20
94 1677 141 1726 Sibi
153 1678 213 1726 enim
225 1691 246 1725 et
258 1678 344 1726 animus
356 1677 411 1726 liber
419 1690 441 1725 et
452 1677 496 1726 vita
505 1696 578 1726 severa
585 1676 635 1727 tuit,
643 1677 748 1726 Officium
756 1691 829 1726 autem
837 1678 878 1726 boc

44 1791 45 1795 ,
92 1751 134 1798 sibi
152 1751 271 1806 constituit,
291 1763 323 1804 ut,
342 1751 403 1809 quasi
423 1763 478 1799 esset
496 1750 599 1799 centuriis
616 1751 718 1799 omnibus
734 1764 839 1809 patronus
854 1771 879 1798 ac

93 1835 152 1871 tutor
164 1823 195 1870 rei
207 1822 308 1880 publicae
320 1823 451 1880 designatus,
465 1842 550 1881 semper
562 1835 599 1871 aut
611 1822 664 1871 loris
677 1843 728 1872 curn
740 1822 839 1870 hostibus
852 1822 879 1870 de

94 1895 185 1954 imperio
194 1908 232 1945 aut
241 1896 300 1945 domi
310 1915 361 1945 cum
370 1895 454 1945 civibus
464 1896 492 1944 de
501 1896 599 1945 moribus
608 1908 748 1945 concertaret.
759 1896 880 1955 Nunquam

93 1969 152 2017 enim
168 1970 198 2017 r'ei
214 1969 314 2027 publicae
328 1970 423 2018 tuendae
437 1990 502 2018 causa
517 1970 599 2019 vacavit
614 1990 627 2018 a
642 1970 699 2018 bello
715 1990 755 2018 nec
770 1969 812 2017 sibi
827 1968 880 2017 loris

55 2042 81 2089 25
97 2043 166 2090 maius
177 2054 260 2090 armato
270 2062 321 2089 cum
332 2042 394 2089 hoste
405 2041 487 2090 bellurn
498 2061 564 2100 quam
575 2042 598 2089 in
608 2055 658 2099 toga
670 2043 729 2090 domi
748 2060 815 2098 pravo
830 2061 880 2089 cum

95 2114 142 2164 cive
155 2112 204 2168 luit,
219 2114 280 2174 quod
293 2112 329 2163 illa
342 2114 418 2163 civitas
432 2115 516 2163 eniam
530 2113 678 2173 multiplicatis
692 2114 788 2164 victoriis
806 2135 881 2166 ascen*

96 2187 162 2236 disset
177 2201 202 2236 ut
217 2189 255 2247 qui
271 2188 367 2236 obstaret
382 2187 450 2236 bostis
466 2188 600 2250 inveniretur
615 2187 696 2247 nullus,
708 2188 758 2242 sed,
774 2189 880 2253 quemad-

97 2262 188 2314 modum
200 2261 265 2309 rebus
277 2261 354 2309 dietim
366 2261 533 2310 secundioribus
545 2261 665 2319 augebatur
676 2261 775 2319 imperio,
794 2262 824 2309 ita
836 2279 880 2308 seru

97 2347 162 2390 pente
171 2334 263 2387 luxuria,
272 2332 414 2381 blandissima
423 2333 519 2388 domina,
529 2333 611 2382 sensim
625 2352 696 2381 mores
705 2326 775 2382 bonos
785 2347 882 2382 veterum

57 2403 85 2452 30
100 2406 218 2455 minuebat.
234 2405 331 2455 Devictis
342 2404 402 2455 enirn
412 2405 529 2465 provinciis
540 2426 584 2455 non
600 2406 690 2464 trophea
702 2399 882 2470 modosed-opes

98 2480 163 2528 etiam
174 2499 199 2528 ac
212 2478 276 2530 simul
289 2480 362 2534 omnia
374 2480 426 2528 vitia
439 2477 595 2538 reportabam
623 2481 625 2483 ’
737 2470 739 2478 i

140 2549 219 2610 Neque
231 2570 283 2600 vero
294 2551 431 2601 anobilibus
443 2552 499 2600 Cato
510 2565 623 2601 accusatus
635 2565 667 2600 est
679 2568 735 2599 raro.
747 2551 810 2599 Adeo
821 2551 881 2600 enim

99 2626 202 2684 utrinque
221 2637 328 2674 certaturn
347 2637 432 2674 constat
451 2637 476 2674 ut
496 2625 619 2674 discernere
638 2638 704 2684 queat
724 2644 789 2674 nemo
808 2638 883 2674 utrum
938 2670 939 2673 ,

99 2697 180 2754 pluries
196 2696 251 2744 Cato
266 2697 403 2745 nobilitatem
417 2718 445 2745 an
461 2697 568 2746 Catonem
583 2696 684 2746 nobilitas
704 2697 817 2745 accusarit.
833 2698 884 2746 Per·

98 2832 111 2868 l.
124 2832 167 2876 Nep.
181 2832 217 2870 Car.
231 2832 247 2870 3.
261 2831 277 2870 3.
327 2832 343 2870 θ.
356 2830 392 2870 Cic.
406 2833 451 2872 Brut.
466 2830 494 2870 67.

99 2953 130 2998 25.
144 2965 219 2998 armato
230 2972 275 2998 aser.
330 2955 362 2998 29.
378 2952 468 3008 (senpim
482 2969 545 2997 mores
560 2954 624 2998 bonos
639 2953 745 3009 vestorum)
760 2959 773 2996 ἰ.
784 2972 804 3002 ῃν,
