2093 3253
158 295 198 343 362
455 309 548 342 srccours
562 308 680 341 rotantem

202 424 323 483 giosaloca
338 436 369 472 ut
379 423 491 483 prophana
508 423 638 473 haberentur
654 424 768 483 aruspices
778 424 911 483 interpretati
927 437 984 473 sunt.

167 489 169 493 ¹
203 495 251 545 Nec
268 515 334 550 mora,
352 496 375 544 in
391 496 496 543 concione
513 515 642 555 responsum
659 496 682 544 id
699 495 789 545 Clodius
807 496 909 551 recitavit,
927 495 985 556 affir-

163 607 165 613 -
204 590 264 619 mans
278 568 330 618 deos
344 569 408 618 iratos
422 588 469 618 esse
483 568 543 628 quod
557 569 635 619 domus
649 569 701 619 deae
715 568 831 618 Libertatis
844 581 924 618 sacrata
937 569 986 618 reli-

204 644 306 702 gionique
325 642 427 691 obstricta
446 643 474 691 sit
494 642 593 691 Ciceroni
613 655 688 691 contra
706 643 740 691 ius
759 640 835 702 lasque
854 661 892 701 per
911 641 986 691 lactio-

155 760 156 763 ,
178 716 190 763 5
206 734 256 762 nem
273 725 295 763 et
308 714 431 762 'amiciciam
448 715 553 762 restituta.
572 714 643 762 Multa
661 715 683 761 in
700 734 748 761 earn
765 733 811 761 rem
826 726 874 762 tum
886 734 898 762 a
909 714 987 767 Clodio

205 801 262 844 sunt,
283 799 308 836 ut
329 787 487 837 rescinderetur
507 800 594 836 senatus
616 788 727 835 decretum
748 800 769 835 et
790 786 868 836 domus
890 786 986 846 religioni

206 861 360 914 restitueretur,
376 860 440 908 dicta.
456 860 538 909 Contra
553 860 630 909 Cicero
645 873 751 918 quantum
766 865 791 909 ex
805 874 903 919 tempore
917 862 988 919 potuit

207 945 227 980 et
240 933 349 989 aruspices
363 952 408 980 non
421 945 478 980 recte
491 934 626 991 interpretari
639 946 660 980 et
674 953 729 990 quae
743 933 864 981 dicerentur
877 953 889 979 a
902 933 988 986 Clodio,

207 1025 230 1052 ea
251 1002 292 1052 dici
313 1022 351 1061 per
371 1004 516 1057 inimiciciam,
537 1004 619 1060 odium,
639 1003 793 1051 contumeliam
813 1004 893 1071 docuit.
913 1004 989 1053 Postea

168 1079 194 1126 10
209 1096 259 1125 vero
273 1077 332 1125 haud
345 1076 425 1125 multos
438 1076 466 1125 ad
480 1075 525 1125 dies
539 1075 582 1135 egit
595 1076 715 1125 accuratius
728 1076 751 1124 in
764 1090 839 1124 senatu
853 1076 990 1136 ostenditque

208 1150 299 1207 strepitu
320 1148 357 1197 illo
379 1149 554 1208 haudquaquam,
577 1162 601 1198 ut
622 1148 818 1208 interpretabantur
838 1150 947 1207 aruspices
968 1163 989 1198 et

209 1220 303 1270 Clodius·
317 1220 443 1275 affirmabat,
462 1220 490 1268 ob
508 1222 629 1269 restitutam
647 1221 738 1268 domum
756 1221 820 1268 iratos
838 1221 896 1274 deos,
915 1217 990 1270 verum

209 1291 309 1351 portendi
332 1291 429 1342 futuram
453 1293 582 1342 discordiam
606 1312 726 1351 necemque
749 1293 805 1341 inter
829 1294 942 1353 optimates
966 1314 991 1343 ac

209 1385 282 1415 rerum
296 1386 381 1415 sumam
395 1365 423 1415 ad
437 1365 502 1415 unius
516 1366 633 1425 imperium
647 1378 805 1425 perventuram.
821 1366 906 1416 Deinde
920 1379 990 1425 patres

170 1440 195 1488 15
210 1440 333 1487 exhortatus
353 1451 386 1486 est
405 1448 504 1487 caverent
525 1460 552 1486 ne
572 1439 610 1497 qui
626 1452 741 1492 tumeret,
758 1439 991 1498 qualiscunqueesset,

210 1516 277 1560 status
290 1511 320 1560 rei
333 1509 433 1571 publicae
446 1523 580 1566 mutaretur;
593 1510 639 1560 lieri
652 1524 725 1560 autem
737 1511 760 1560 id
772 1531 836 1571 posse
848 1511 866 1560 si
879 1532 922 1570 que
934 1524 992 1561 ortae

210 1586 266 1632 inter
286 1584 377 1632 civitatis
397 1585 505 1642 principes
525 1598 586 1633 erant
607 1584 726 1633 discordiae
746 1585 878 1633 sedarentur.
899 1585 946 1633 Hac
966 1586 993 1633 de

210 1677 232 1705 re
252 1657 371 1705 orationem
390 1657 467 1705 Cicero
487 1657 614 1706 «Hesterno
634 1657 687 1705 die»
706 1658 798 1716 scripsit.

254 1729 355 1788 Denique
376 1725 498 1777 criminatio
519 1728 591 1777 Clodii
613 1747 650 1788 per
671 1740 821 1786 contemptum
842 1730 914 1777 habita
929 1742 994 1788 atque

170 1805 198 1852 20
213 1803 272 1851 brevi
294 1802 364 1860 sopita
384 1814 424 1850 est.
448 1801 496 1860 lpse
517 1814 591 1850 autem
612 1800 740 1850 Ciceronem
755 1801 874 1849 interficere
889 1821 993 1861 saepenu-

213 1896 273 1926 mero
290 1874 379 1924 conatus
397 1888 436 1925 est.
454 1875 519 1924 Paeto
536 1875 595 1923 enim
612 1873 672 1922 nullo
689 1887 772 1933 poterat
790 1874 880 1924 Clodius
898 1875 995 1925 oblivisci

212 1950 272 2008 quod
288 1949 311 1996 in
328 1969 377 1996 eum
395 1948 472 1996 Cicero
487 1947 637 2013 testimonium
653 1947 747 2002 dixisset,
765 1968 805 1996 nec
821 1948 908 1997 dixisset
930 1949 995 1997 modo

188 2057 189 2061 ,
213 2022 369 2075 testimonium,
382 2021 421 2070 sed
432 2020 492 2078 apud
504 2040 579 2069 omnes
592 2033 657 2078 atque
669 2021 717 2078 ipso
729 2021 751 2069 in
765 2032 840 2069 senatu
852 2021 879 2070 de
892 2042 930 2071 sua
942 2021 995 2071 libe-

175 2142 178 2147 ,
213 2096 295 2143 ratione
316 2112 470 2151 saepenumero
490 2113 515 2140 ac
536 2092 723 2141 vehementissime
744 2106 832 2151 questus
853 2107 915 2143 esset.
938 2093 997 2143 Odio

172 2169 200 2217 25
215 2169 369 2226 itaqueatque
386 2166 502 2214 immortali
519 2165 570 2214 odio
588 2178 608 2213 et
625 2165 740 2223 inimicicia
757 2164 865 2215 ferebatur
882 2167 920 2216 sed
937 2168 997 2217 iure·
1008 2205 1021 2234 ⁴,

215 2240 286 2288 uiliter
301 2260 326 2286 ac
342 2238 402 2287 nullo
418 2238 476 2296 gravi
492 2258 543 2286 cum
559 2237 649 2286 consilio
665 2257 705 2287 nec
728 2239 842 2296 prudentia
864 2239 997 2289 movebatur.
1023 2232 1025 2236 .

216 2311 293 2360 Cicero
311 2323 384 2359 autem
403 2321 530 2359 senex'erat
549 2322 570 2358 et
590 2311 666 2367 gravis;
683 2308 736 2357 nihil
755 2310 814 2363 irate,
831 2310 884 2357 nihil
903 2311 998 2359 inconsi-

217 2386 289 2433 derate
305 2383 403 2433 iaciebat.
415 2383 503 2433 Mature
520 2384 609 2442 quidem
625 2403 650 2432 ac
666 2384 773 2441 sapienter
789 2384 870 2432 inimici
887 2384 943 2440 tella,
957 2386 998 2434 im-

217 2471 287 2517 petus,
303 2458 390 2505 insidias
406 2457 521 2511 devitabat,
538 2477 577 2505 nec
592 2457 657 2504 annis
673 2478 695 2505 se
709 2470 747 2505 aut
761 2457 946 2507 criminationibus
961 2460 1000 2507 sed

127 2564 128 2568 =
175 2532 204 2579 311
219 2530 342 2578 innocentia
363 2550 401 2578 sua
422 2533 552 2587 senatusque
573 2549 598 2576 ac
620 2529 695 2587 populi
717 2529 808 2576 Romani
830 2530 927 2583 decretis,
949 2550 999 2579 auc-

217 2604 310 2658 toritate,
325 2601 409 2661 legibus
423 2602 531 2652 tuebatur.

259 2675 287 2723 Vi
304 2688 377 2723 autem
395 2675 460 2723 modo
477 2673 595 2734 perfractae
612 2674 640 2721 ab
657 2695 682 2722 eo
699 2674 785 2723 tabulae
802 2688 852 2723 sunt
870 2697 925 2734 quae
942 2688 1000 2733 gesta

218 2749 340 2797 tribunatus
352 2748 423 2797 Clodii
438 2749 573 2795 continentes
587 2747 662 2794 affixae
676 2748 699 2794 in
711 2746 818 2804 Capitolio
833 2748 860 2796 ad
875 2750 1001 2797 memoriam

220 2821 295 2879 parieti
310 2833 377 2868 erant.
395 2821 437 2868 Ista
448 2821 475 2867 de
486 2838 509 2866 re
520 2818 599 2867 Clodio
614 2817 703 2867 absente
717 2819 740 2867 in
755 2813 830 2867 senatu
844 2834 924 2869 actum.
939 2819 1002 2869 Cice-

178 2946 321 2956 ---,—-—a-—-——

221 3009 250 3055 14.
264 3010 303 3054 Pro
313 3026 418 3053 summam.
460 3007 492 3053 2l.
507 3007 566 3053 Paeto
580 3007 634 3053 enim
647 3014 660 3054 i.
671 3026 693 3059 r.;
707 3016 750 3052 erat
764 3007 878 3063 Pactoquel
920 3008 953 3054 26.
967 3027 1004 3054 nec

107 3070 109 3074 ,
178 3076 300 3131 ptrudentia)
315 3081 328 3120 ι’.
342 3094 358 3119 r.
