2093 3253
170 195 210 240 244
371 211 372 214 ’
471 210 564 241 srccoms·
576 212 693 243 patrarem

214 326 294 379 rentur,
308 323 429 372 obstabanh
442 324 522 372 Earum
534 326 624 383 quidem
635 326 736 385 precibus
748 327 916 376 adversabantur
929 334 996 385 multi.
1046 377 1047 380 ,

179 420 181 423 ·
214 397 258 445 Sed
269 398 367 445 omnium
378 396 506 445 durissimus
518 410 562 445 erat
574 398 607 447 M.
619 398 681 453 Cato,
692 412 740 448 tum
751 401 811 459 quod
821 414 877 449 esset
888 403 920 450 vir
931 409 997 462 gravis
1046 393 1047 396 Ἴ

214 484 235 518 et
247 471 320 518 animo
332 465 419 518 insitam
432 471 542 528 quandam
555 473 690 520 severitatem
703 473 798 528 haberet
810 487 859 522 tum
872 476 932 532 quod
944 495 997 530 esset

207 542 294 591 ‘consul
302 555 323 591 et
336 561 444 591 summam
456 542 485 590 ob
497 544 646 592 auctoritatem
658 565 683 592 ac
692 545 778 592 dicendi
786 544 911 594 lacundiam
920 549 998 600 multos

187 617 199 665 5
216 617 262 664 eius
273 616 301 664 ad
312 615 441 664 sententiam
452 614 572 665 inclinaret.
585 616 632 665 Hac
643 618 689 675 ipse
701 617 728 666 de
739 613 761 666 re
773 620 892 667 orationem
901 622 998 677 gravissi-

175 689 178 694 ’
215 708 273 736 mam
286 687 368 742 habuit,
382 707 425 746 qua
438 688 570 746 permaxime
583 703 604 738 et
618 689 733 739 mulierum
746 690 858 740 audaciam
871 705 892 741 et
905 693 999 747 virorum
1044 714 1047 754 ξ

174 795 175 798 ¹
214 761 322 819 ignaviam
343 774 408 818 atque
432 760 540 809 moliciem
562 762 687 821 increpavit
710 762 798 822 Quippe
820 764 854 812 lex
876 784 999 818 remansura
1045 775 1047 813 ῗ

215 834 298 882 cunctis
313 833 474 892 quiescentibus
489 845 510 881 et
524 834 638 882 videbatur
652 848 672 883 et
687 848 738 890 erat,
754 837 775 883 ni
790 835 888 895 fregisset
903 840 999 890 omnium

215 906 325 954 silentium
339 907 365 954 [ι
379 905 484 954 Valerius.
498 905 549 954 Erat
563 908 603 956 iste
616 908 724 962 tribunus,
738 921 763 956 ut
777 909 828 963 dixi,
843 910 912 967 plebis
926 915 999 962 necin

165 981 201 1026 ·l0
217 980 310 1025 dicendo
325 996 403 1036 parum
419 980 498 1035 gratiae
514 992 534 1026 et
551 979 658 1027 facultatis
674 981 774 1028 habebat.
790 981 887 1029 Primum
903 983 943 1030 iste
959 985 998 1032 Ca·

215 1052 272 1099 tonis
288 1071 396 1099 summam
407 1051 553 1109 eloquentiam
565 1065 586 1099 et
597 1053 723 1109 gravitatem
734 1052 836 1102 laudavit
849 1054 935 1102 Deinde
946 1076 999 1114 quae

215 1145 227 1171 a
242 1122 325 1172 Catone
339 1123 396 1172 dicta
410 1137 470 1171 erant
484 1121 603 1172 confutavit
618 1124 748 1183 edocuitque
762 1138 782 1172 et
797 1124 897 1173 mulieres
912 1126 998 1177 honesta

215 1209 287 1254 petere
298 1209 320 1244 et-
330 1197 388 1245 viros
398 1216 467 1254 aequa
477 1195 575 1251 tolerare,
587 1196 647 1255 qnod
658 1212 682 1245 ea
694 1197 821 1246 mulieribus
833 1198 998 1258 haudquaquam
1044 1219 1047 1261 ᾗ

215 1269 312 1318 lasciviae
326 1281 347 1318 et
361 1268 463 1323 libidinis,
478 1269 509 1318 uti
524 1269 612 1318 sentiret
626 1268 687 1324 Cato,
703 1270 834 1319 nutrimenta
848 1270 891 1319 sed
900 1270 999 1321 honestae

160 1373 161 1377 =
176 1343 200 1389 15
216 1362 240 1408 ac
253 1342 308 1389 bene
322 1354 416 1389 moratae
429 1342 484 1389 vitae
497 1342 557 1398 signa
571 1354 591 1389 et
605 1354 731 1389 ornamenta
744 1355 822 1408 essent.
838 1342 895 1390 lllud
908 1343 999 1401 deniqne

217 1412 267 1463 lecit
282 1434 321 1463 sua
337 1413 433 1462 oratione
448 1412 553 1467 Valerius,
569 1413 629 1472 quod
645 1434 688 1462 una
709 1414 807 1478 omnium
828 1415 935 1463 voce'lex
955 1416 998 1474 ipsa
1045 1400 1047 1417 ι

217 1487 300 1535 Catone
316 1487 462 1545 nequicquam
479 1486 608 1534 reclamante
624 1487 725 1544 abrogata
742 1489 776 1535 sit.
803 1493 819 1521 F

242 1587 243 1590 ¹
258 1559 369 1607 Consules
378 1558 456 1606 deinde
469 1559 538 1606 sortiti
552 1560 658 1606 maiorum
671 1580 683 1606 e
696 1579 755 1607 more
768 1560 895 1617 provincias,
910 1560 996 1608 Flaccus
1046 1557 1047 1609 l

217 1630 349 1690 Cisalpinam
367 1632 389 1678 in
408 1629 501 1698 Calliam
518 1630 546 1678 ad
563 1630 666 1679 delendos
684 1631 756 1686 Boios,
774 1632 812 1690 qui
830 1631 887 1680 bello
905 1634 997 1681 secundo
1046 1624 1047 1675 l

173 1704 202 1753 20
217 1704 298 1753 Punico
316 1702 461 1752 Hannibalem
478 1703 611 1757 adiuvarant
630 1703 685 1752 Cato
702 1705 823 1752 citeriorem
841 1705 863 1752 in
875 1705 999 1762 Hispaniam

216 1778 243 1826 ad
256 1778 375 1826 domandos
388 1778 425 1835 qui
438 1776 591 1825 rebellaverant
603 1776 724 1826 Celtiberos
735 1777 828 1836 populos
840 1777 931 1836 profecti
943 1774 998 1826 sunt.

176 1875 178 1878 ⁴
217 1851 288 1897 Labor
299 1863 372 1897 autem
384 1849 462 1897 Catoni
474 1849 533 1896 haud
549 1850 619 1897 minor
636 1850 658 1896 in
675 1851 798 1907 recipienda
815 1850 920 1907 Hispania
937 1871 1000 1908 quam

218 1922 397 1982 Scipionibus-in
415 1922 518 1981 capienda
533 1921 584 1976 luit,
602 1921 716 1981 quodillo
734 1923 809 1970 Punici
827 1922 877 1971 belli
896 1923 1000 1983 principio

218 1996 323 2053 Hispania
340 1996 543 2052 Carthaginensium
560 1996 610 2042 odio
627 2012 659 2042 res
676 1995 784 2043 affectaret
801 2017 867 2043 novas
886 2017 1000 2053 necspem

175 2070 202 2115 25
219 2069 307 2114 haberet
318 2085 406 2125 parvam
417 2067 517 2113 futurum
528 2068 588 2124 quod
599 2080 636 2114 aut
648 2069 791 2114 desideratam
802 2068 923 2115 libertatem
935 2069 1000 2126 pulsis

218 2138 424 2200 Carthaginensibus
439 2139 576 2187 vendicarent
590 2145 634 2194 aut,
646 2140 664 2187 si
680 2140 770 2187 omnino
785 2140 924 2188 serviendum
940 2152 1002 2194 esset„
1036 2190 1037 2193 Ἴ

219 2212 316 2260 Romana
333 2211 374 2260 sub
391 2224 497 2270 potestate
513 2208 619 2259 veniient.
636 2211 752 2259 Enimvero
769 2213 787 2259 si
804 2212 864 2260 alteri
882 2212 1000 2271 parendum
1045 2226 1047 2266 ζ

217 2299 269 2339 erat,
284 2286 382 2332 Romano
396 2284 437 2331 sub
451 2285 543 2342 imperio
556 2304 602 2332 esse
613 2286 685 2342 potius
697 2305 766 2343 quam
777 2285 817 2333 sub
840 2285 1001 2344 Carthaginensi
1046 2331 1047 2346 Ξ

218 2358 326 2411 uolebam,-
341 2358 400 2405 ducti
415 2376 453 2414 spe
468 2356 562 2415 quadam
576 2370 596 2405 et
610 2358 669 2415 apud
684 2376 759 2405 omnes
773 2357 858 2415 vulgata
872 2357 930 2406 lama
944 2357 1001 2416 quod

177 2434 206 2481 30
221 2432 312 2479 Romani
324 2430 492 2489 haudquaquam
502 2442 526 2478 ut
537 2430 602 2478 Poeni
613 2449 675 2478 avare
685 2443 750 2489 atque
760 2430 853 2489 superbe
863 2431 901 2479 sed
911 2431 1001 2489 henigne

219 2525 243 2551 ac
260 2524 344 2551 summa
361 2523 411 2550 cum
427 2504 511 2550 iusticia
527 2516 548 2550 et
564 2503 693 2550 abstinentia
710 2504 847 2559 imperarent.
865 2503 953 2561 Quippe
969 2522 1000 2550 res

172 2602 173 2605 ¹
220 2576 259 2623 ista
271 2574 388 2623 commovit
400 2573 492 2631 populos
504 2574 642 2622 vehementer
654 2573 690 2621 illo
702 2574 808 2631 principio
820 2574 870 2622 belli
882 2588 906 2623 ut
919 2574 1000 2633 Scipio·
1014 2570 1016 2573 ’
1046 2619 1047 2634 ,

219 2649 283 2697 nibus
294 2648 329 2696 alii
342 2667 364 2695 se
376 2659 452 2705 sponte
464 2647 546 2705 darent,
558 2647 594 2695 alii
606 2659 750 2705 repugnarent
762 2646 819 2695 lente
830 2660 851 2695 et
863 2668 916 2706 quas
928 2646 1001 2697 delen·
1046 2667 1047 2720 ἑ

219 2722 269 2768 dere
282 2732 370 2778 possent
383 2719 447 2766 urbes
461 2732 482 2766 et
495 2720 552 2767 vinci
566 2732 586 2766 et
600 2720 647 2776 capi
660 2720 816 2776 permitterem
831 2740 889 2767 nunc
902 2725 953 2768 vero
966 2718 1002 2776 qui

217 2857 236 2900 8.
257 2855 287 2901 Ex
309 2855 374 2899 cuntis
394 2873 443 2898 corr.
499 2854 518 2898 8.
534 2872 547 2896 ο
568 2862 614 2896 nnte
636 2853 656 2896 ni
677 2871 727 2896 ercis⁴
751 2891 752 2895 ,
782 2854 814 2898 30.
834 2840 864 2918 Er
886 2853 933 2897 Peni
954 2868 1007 2910 corr.-

177 2922 210 2968 33.
225 2923 374 2976 (repugnhrent
384 2926 396 2964 i.
407 2939 429 2970 r.;
439 2929 481 2964 erut
492 2929 629 2972 repugnantes.
685 2920 717 2964 33.
731 2930 750 2963 et
762 2938 807 2963 sscr.
863 2920 895 2964 34.
906 2920 1003 2978 (po)ssent

179 2997 192 3034 i.
209 3009 230 3039 r.;
245 2999 287 3033 erar
302 2989 425 3042 potuissent>
