2093 3253
136 240 190 288 4211
438 256 532 287 srccours
547 256 665 287 rornnrour

179 370 292 428 potiretur,
307 389 346 417 nec
360 370 501 418 metuendum
513 369 554 418 sibi
567 370 589 418 in
602 369 655 419 urbe
670 369 755 419 ltaliave
768 389 899 428 quemquam
914 389 961 419 esse
1038 352 1045 372 'i

180 443 270 496 videret,
288 462 338 491 mox
353 438 451 492 animum
466 441 541 491 extulit
557 463 597 491 nec
612 442 713 500 deinceps
728 443 760 491 uti
776 441 845 491 luerat
861 441 923 491 illurn
933 443 960 491 -in
1039 491 1046 507 ,Ξ

156 541 158 543 ·
181 515 239 565 diem
256 534 305 573 erga
323 514 450 565 Ciceronem
467 528 488 564 et
504 528 575 585 patres
592 514 691 570 blandus,
708 515 818 570 obediens,
836 528 960 566 mansuetus

181 587 230 638 luit.
244 588 318 638 Verbo
332 610 418 659 nanque
433 589 560 659 Ciceronem
573 603 599 638 ut
612 590 668 648 pius,
682 610 733 639 cum
746 589 848 638 scriberet
861 590 890 639 ad
903 609 960 645 eum.

155 663 167 710 5
182 661 303 721 appellabat
317 674 406 719 Patrem,
421 681 444 711 re
457 674 530 710 autem
544 663 616 719 ipsum
630 662 694 710 simul
707 682 732 710 ac
745 674 844 710 senatum
858 660 964 710 difficilior

181 735 257 784 dietim
270 733 340 783 lactus
353 735 439 793 penitus
452 735 610 784 contemnebat.
624 734 701 794 Coegit
714 736 772 784 enim
785 747 884 784 senatum
897 735 961 784 minis
1043 783 1047 797 ζ,

181 821 206 856 ut
221 821 317 857 crearent
332 809 444 857 consulem
459 808 539 867 ipsum,
555 810 592 867 qui
608 821 699 857 aetatem
714 809 750 857 vix
760 800 904 866 quaestoriam
913 809 963 856 atti*
1041 803 1045 844 3

181 881 253 937 gisset,
264 899 321 941 cum
337 898 375 938 per
391 879 447 938 leges
464 880 530 927 creari
546 879 621 929 consul
638 901 702 928 nemo
718 892 786 928 aetate
803 900 846 928 non
864 871 960 929 maturus

181 964 263 1010 posset.
584 1007 585 1010 Ἴ
1042 1005 1045 1015 3

143 1026 169 1074 111
226 1024 303 1073 Cicero
318 1036 397 1079 autem,
413 1024 451 1073 ubi
466 1024 564 1073 animum
579 1024 663 1074 Octavii
678 1025 750 1074 labare
764 1044 789 1072 ac
804 1024 901 1083 patribus
917 1020 963 1072 esse
1041 1040 1047 1086 3

182 1110 308 1157 suspectum
328 1097 388 1152 vidit.
409 1096 524 1146 confestim
543 1118 569 1146 ac
588 1099 667 1146 deinde
687 1117 842 1157 saepenumero
861 1111 883 1148 et
902 1098 964 1146 illum
1042 1103 1044 1105 ’

181 1171 293 1219 absentem
307 1189 345 1227 per
359 1170 438 1218 litteras
453 1190 480 1217 ne
494 1184 586 1219 mutaret
599 1170 733 1219 voluntatem
746 1170 860 1220 admonuit
873 1184 895 1219 et
908 1190 962 1229 quos

183 1242 218 1292 ille
233 1243 325 1292 habebat
339 1243 361 1291 in
375 1243 429 1292 urbe
442 1244 574 1302 amicosqui
592 1245 693 1292 iuvenem
712 1244 824 1293 incitarent
842 1238 963 1303 praesentes

183 1318 307 1374 gravissime
325 1318 449 1375 increpavit.
468 1316 557 1366 Curavit
574 1319 633 1366 enim
650 1317 722 1366 studio
740 1310 826 1366 summo
844 1330 866 1366 et
884 1330 963 1376 quanta

145 1391 170 1437 15
186 1408 238 1437 cum
252 1391 334 1437 ratione
348 1409 374 1436 ac
389 1389 498 1447 diligentia
513 1391 584 1446 potuit
600 1388 676 1437 Cicero
692 1389 819 1447 persuadere
835 1389 926 1440 Octavio
941 1402 965 1436 ut

184 1474 328 1519 perseveraret
336 1462 359 1510 in
366 1461 409 1511 fide
416 1481 441 1511 ac
449 1462 531 1511 senatui
539 1461 636 1511 obediret
644 1482 683 1511 nec
690 1462 786 1511 turbaret
793 1480 839 1511 rem
846 1462 962 1521 publicam,

185 1555 240 1593 quae
250 1555 291 1593 ope
301 1554 340 1583 sua
350 1534 435 1584 devicto
444 1535 540 1583 Antonio
550 1555 596 1584 esse
605 1536 703 1584 restituta
712 1537 758 1584 sine
768 1535 836 1583 dubio
845 1529 966 1584 videbatur,

185 1607 229 1657 Sed
244 1604 295 1658 curn
310 1605 407 1657 frustrari
422 1628 445 1657 se
460 1603 530 1657 verbis
546 1607 664 1667 dietimque
675 1608 820 1667 ingravescere
831 1608 898 1666 magis
908 1606 965 1656 inso-

114 1738 118 1740 .
185 1680 273 1729 lentiam
286 1680 342 1728 illius
356 1680 470 1728 manifesto
483 1681 609 1737 perciperet,
622 1681 703 1728 litteras
716 1693 738 1728 et
750 1681 779 1728 ad
792 1674 825 1728 M.
839 1680 931 1728 Brutum
944 1680 967 1729 in

144 1754 172 1802 20
188 1752 348 1807 Macedoniam,
361 1752 423 1802 etad
435 1752 462 1802 L.
474 1751 578 1801 Plancum
590 1752 713 1802 ulteriorem
727 1751 820 1802 Galliam
833 1745 974 1801 obtinentem·
1044 1765 1045 1768 ’

184 1827 251 1882 misit,
263 1847 318 1885 quae
327 1826 386 1884 ipsos
396 1839 417 1875 et
429 1825 559 1875 solicitarent
570 1839 591 1875 et
601 1825 757 1875 obtestarentur
767 1826 867 1884 precibus
876 1825 966 1875 summis

185 1911 210 1946 ut
225 1899 297 1948 venire
312 1898 340 1946 ad
355 1898 433 1946 urbem
448 1917 473 1947 ac
488 1897 544 1946 lerre
559 1918 624 1956 opem
639 1898 718 1947 labenti
734 1899 764 1947 rei
780 1898 879 1956 publicae
889 1917 967 1957 prope*
1044 1897 1045 1900 ’

188 1984 267 2020 rarent.

228 2043 289 2091 Dum
300 2061 351 2091 vero
362 2043 414 2091 haec
423 2056 537 2101 agerentur
547 2064 586 2092 nec
596 2045 640 2092 iarn
650 2043 753 2092 Octavius
764 2045 808 2101 regi
819 2057 905 2092 senatus
915 2063 967 2091 con·

144 2115 173 2163 25
188 2114 235 2164 silio
249 2128 270 2164 et
282 2115 410 2164 auctoritate
423 2128 502 2175 posset,
515 2136 544 2163 en
557 2114 639 2164 litterae
652 2114 679 2164 C.
690 2115 759 2166 Asinii
769 2113 871 2165 Pollionis
882 2136 908 2165 ex
916 2113 967 2163 His·
998 2164 1001 2169 ξ

187 2190 250 2246 pania
264 2188 356 2237 Romam
368 2189 397 2238 ad
410 2189 537 2238 Ciceronem
549 2189 612 2239 allate
624 2204 683 2238 sunt.
699 2191 718 2238 ls
735 2210 823 2248 nanque
839 2189 911 2239 datam
926 2188 967 2236 sibi

187 2262 272 2310 dudum
285 2273 335 2309 ante
350 2281 363 2308 a
379 2261 433 2309 lulio
448 2260 540 2310 Caesare
554 2262 687 2321 provinciam
702 2262 829 2321 Hispaniam
843 2262 968 2311 continuato

187 2334 279 2393 imperio
293 2334 358 2383 etiam
372 2334 413 2382 hoc
427 2348 525 2392 tempore
539 2335 657 2384 obtinebat.
673 2335 803 2385 Litterarum
818 2332 870 2385 haec
883 2354 968 2385 summa

188 2420 239 2461 erat,
251 2406 312 2465 quod
322 2427 345 2453 se
356 2407 489 2465 provinciam
499 2420 521 2455 et
532 2427 585 2466 quas
594 2408 682 2456 haberet
692 2409 765 2466 copias
775 2408 804 2456 ad
814 2409 871 2457 iussa
882 2419 967 2456 senatus

147 2480 175 2527 30
190 2478 283 2528 offerret.
292 2478 346 2527 Belli
356 2481 429 2527 autem
438 2479 501 2527 huius
512 2480 576 2529 inicio
587 2480 697 2547 legionum
707 2501 763 2541 quae
771 2480 886 2529 Caesareae
894 2478 969 2528 lactio-

188 2554 221 2601 nis
235 2573 282 2601 esse
297 2573 322 2600 ac
339 2551 409 2601 lavere
423 2552 519 2601 Antonio
538 2566 666 2611 putarentur
680 2554 786 2612 quaedam
805 2555 828 2601 in
842 2553 910 2611 Syria,
926 2572 969 2601 una

188 2627 210 2673 in
225 2625 362 2678 Macedonia,
373 2625 429 2685 duae
439 2626 461 2672 in
471 2637 528 2672 terra
540 2626 600 2673 ltalia
610 2625 684 2673 relicto
694 2625 789 2680 Antonio
799 2626 827 2673 ad
836 2638 935 2673 senatum
944 2644 968 2670 ac

188 2716 234 2746 rem
252 2696 363 2756 publicam
381 2696 524 2746 desciverunt.
543 2696 603 2754 Quas
622 2697 680 2746 enirn
698 2698 720 2746 in
740 2697 869 2747 Macedonia
887 2697 969 2754 legatus

164 2865 168 2870 ’
186 2869 210 2904 19.
224 2868 259 2904 Cic.
272 2868 299 2904 Aa
311 2868 357 2904 Brut.
370 2867 383 2902 l.
393 2868 419 2903 10.
428 2869 445 2909 4;
456 2869 501 2905 Fam.
514 2869 535 2904 X.
552 2869 603 2904 1112,
654 2868 682 2905 25.
695 2869 730 2905 Cic.
742 2871 787 2907 Fam.
799 2869 821 2906 X.
834 2869 854 2905 31

147 2965 288 2973 ’,ῃ-...-

188 3023 206 3079 6„
220 3042 259 3077 pen
265 3022 321 3077 (itus)
337 3030 350 3068 ι’.
365 3042 390 3074 r.;
403 3043 426 3070 ex
441 3040 504 3077 prope
517 3030 583 3069 statim
597 3043 646 3069 corr.
