2093 3253
162 157 201 205 298
463 173 556 204 sicconis
571 172 686 204 rotsnrom

203 304 269 340 varet.
285 289 366 339 Actum
380 287 470 347 quidem
483 289 524 336 ista
537 289 564 336 de
578 308 601 337 re
615 289 648 336 bis
662 289 722 349 apud
735 288 842 348 populum
856 303 888 339 est
901 305 988 343 conten.
1037 295 1046 333 sl

203 365 263 412 tione
279 363 353 417 multa,
365 363 403 410 sed
414 363 465 411 vicit
475 362 565 421 tandem
575 363 652 411 Cicero
664 363 801 421 persuasione
811 383 857 412 sua.
868 362 954 423 Nempe
963 369 989 417 ad

205 438 228 484 id
243 449 353 495 postremo
374 436 520 493 nequicquam
541 435 705 484 adversantibus
726 436 820 484 tribunis
841 449 931 485 ventum
952 454 988 495 est,
1039 459 1047 495 f.

204 510 264 568 quod
274 510 308 557 lex
319 510 365 566 ipsa
377 527 455 566 magno
466 507 542 565 populi
553 528 660 556 consensu
672 510 758 567 penitus
770 508 848 557 rescisa
858 522 879 557 et
890 508 989 569 abrogata

179 584 190 632 5
206 596 246 631 est.
256 582 304 631 Hac
313 582 340 629 de
350 600 372 629 re
382 581 494 629 Ciceronis
504 581 532 629 ad
541 595 641 630 senatum
656 603 705 637 una,
715 583 743 631 ad
753 583 860 641 populum
870 584 925 632 duae
938 605 989 644 quas
1039 607 1041 611 ⁴

204 658 280 705 habuit
295 657 401 705 orationes
416 668 497 715 entant.
1041 709 1042 712 Ἴ

248 729 332 778 Othoni
343 747 431 787 quoque
441 727 518 777 Cicero
528 728 604 776 consul
615 728 696 776 sedavit
707 727 800 786 plebem.
807 728 835 781 tls
845 749 931 788 nanque
942 737 989 788 pro·
1041 743 1043 745 ’

206 802 337 862 mulgaverat
349 801 419 860 legem
431 821 486 861 quae
498 801 582 850 iuberet
595 823 622 850 ne
635 802 673 860 qui
685 801 842 861 erantequites
854 801 990 854 Romani-lu-

208 876 253 931 dos,
263 889 287 924 ut
297 874 396 930 solerent,
406 876 517 924 commixti
527 895 578 924 cum
587 875 650 932 plebe
659 875 698 923 sed
706 875 754 923 loco
763 876 854 933 separati
863 888 990 934 spectarem.

169 949 193 996 10
208 947 343 996 Seditionem
357 946 391 994 lex
405 947 445 995 ista
459 966 527 1005 prope
541 947 657 995 maximam
671 947 777 1000 excitavit,
792 947 853 1004 quod
866 947 919 999 hinc
931 947 991 1005 plebs

208 1020 332 1078 despectam
343 1038 366 1066 se
377 1012 569 1078 contemptamque
580 1025 665 1077 putaret
677 1031 698 1066 et
709 1020 804 1067 accensis
815 1018 893 1067 animis
904 1020 991 1069 venien-

207 1107 253 1142 tem
266 1093 290 1142 in
304 1092 413 1141 theatrum
424 1091 535 1141 Othonem
546 1093 658 1141 lacesseret
670 1092 789 1141 maledictis
801 1093 881 1149 multis,
893 1094 944 1143 inde
955 1113 990 1145 sua

203 1186 248 1225 pro
263 1166 367 1224 dignitate
382 1167 465 1223 equites
481 1166 564 1215 Othoni
579 1165 683 1214 laverant.
699 1165 787 1224 Quippe
802 1186 846 1214 non
861 1167 937 1224 procul
951 1166 991 1215 luit

205 1253 232 1287 ut
242 1251 378 1287 consererent
389 1258 472 1293 manus,
482 1238 520 1286 sed
530 1257 644 1287 accurrens
652 1237 736 1292 Cicero,
745 1239 806 1296 quod
815 1250 871 1286 esset
881 1239 991 1294 consuhin
1045 1238 1047 1260 ³

169 1314 193 1360 15
210 1311 307 1360 medium
317 1311 390 1359 subito
400 1311 480 1368 prodiit
491 1324 512 1359 et
522 1312 606 1359 animos
616 1310 686 1368 plebis
697 1312 726 1358 ita
736 1311 827 1369 placavit
845 1312 941 1365 oratione
956 1331 992 1360 sua

208 1384 268 1442 quod
286 1383 355 1433 multo
372 1383 478 1441 applausu
496 1382 607 1431 Othonem
626 1404 676 1431 mox
694 1385 716 1431 in
734 1385 843 1432 theatrum
852 1397 992 1433 revertentem

203 1459 337 1516 exciperent.
681 1508 683 1511 y

252 1530 348 1579 Certavit
363 1530 415 1577 item
430 1529 507 1577 Cicero
521 1529 596 1578 consul
611 1550 662 1579 cum
676 1530 725 1579 filiis
740 1531 918 1587 proscriptorum.
933 1530 992 1578 Pete-

209 1605 261 1652 bant
274 1604 309 1651 isti
321 1602 404 1650 restitui
413 1602 454 1650 sibi
463 1603 496 1651 ius
504 1603 649 1662 petendorum
661 1602 826 1661 magistratuum
838 1615 859 1651 et
869 1602 927 1651 bona
939 1622 992 1662 quae

168 1679 196 1724 20
212 1677 296 1724 dudum
308 1688 364 1729 ante,
379 1676 439 1733 quod
452 1688 523 1723 essent
536 1675 635 1723 factionis
649 1676 754 1729 Mariano,
769 1675 827 1733 Sylla
840 1676 931 1737 dictator
943 1676 992 1723 ade-

209 1761 283 1798 merat.
297 1749 345 1798 Nec
355 1748 445 1807 quidem
455 1748 496 1796 hoc
507 1761 615 1797 certamen
626 1740 678 1803 leve,
690 1748 751 1807 quod
761 1747 802 1795 illis
810 1745 909 1798 lavarent
919 1770 946 1797 ex
956 1769 991 1808 pa·

209 1823 278 1872 tribus
288 1844 313 1872 ac
323 1821 387 1882 plebe
398 1822 467 1877 multi,
479 1822 568 1871 honesta
578 1843 667 1881 quoque
677 1835 698 1870 et
709 1823 764 1870 iusta
774 1834 848 1879 petere
857 1822 992 1871 videbantur.

211 1895 288 1943 Cicero
296 1907 369 1943 autem
376 1896 503 1952 repugnavit
511 1914 535 1942 ac
544 1913 681 1952 summopere
689 1895 813 1942 adversatus
821 1907 860 1948 est,
869 1895 909 1942 hac
917 1895 993 1942 ductus

210 1968 298 2023 ratione,
307 1966 374 2027 quod,
383 1967 401 2013 si
410 1987 466 2026 quae
473 1980 571 2025 peterent
580 1969 727 2026 impetrarent,
736 1967 844 2016 turbaturi
852 1988 919 2026 quam
928 1967 992 2016 maxi*

169 2041 196 2098 25
211 2062 247 2096 me
258 2060 303 2089 rem
313 2040 423 2099 publicam
433 2040 564 2089 viderentur.
576 2040 687 2089 Ciceronis
698 2040 792 2099 denique
803 2059 874 2098 opera,
885 2040 917 2088 uti
928 2052 993 2093 erant,

211 2114 288 2170 privati
298 2126 319 2161 et
329 2112 393 2160 bonis
401 2125 423 2159 et
432 2113 525 2160 comitiis
535 2125 692 2160 remanserunt.
702 2111 751 2171 Egit
761 2131 848 2171 nanque
857 2112 916 2171 apud
925 2132 994 2171 popu*

210 2185 256 2233 lum
271 2206 298 2234 ne
312 2184 438 2234 audirentur
453 2202 548 2243 prorsus,
562 2185 623 2245 quod
638 2206 714 2244 pacem
729 2185 839 2244 publicam
854 2184 940 2234 utilitati
947 2185 993 2244 pri-

210 2271 270 2306 vatae
291 2258 465 2315 anteponendam
486 2279 533 2306 esse
547 2272 650 2311 censeret.

253 2331 345 2378 Senatus
359 2349 410 2378 vero
423 2331 573 2379 auctoritatem
586 2331 609 2378 in
622 2350 686 2379 causa
699 2330 725 2379 C.
739 2330 828 2384 Rabirii,
842 2329 994 2388 perduellionis

170 2404 198 2452 30
213 2404 250 2458 rei,
262 2424 330 2452 annos
340 2402 408 2452 lerme
419 2403 460 2452 XL
470 2416 520 2452 ante
531 2404 642 2452 consulem
653 2405 725 2462 ipsum
736 2404 885 2463 interpositam
895 2402 996 2460 sustinuit

212 2491 286 2525 contra
297 2476 402 2526 invidiam
412 2488 478 2535 atque
489 2475 594 2525 defendit.
607 2476 708 2525 Rabirius
720 2476 810 2535 quidem
821 2490 908 2526 senatus
919 2476 996 2525 adhor-

211 2551 293 2599 tatione
303 2564 324 2599 et
334 2551 461 2598 auctoritate
471 2550 497 2598 L.
508 2549 658 2604 Saturninum,
669 2549 783 2598 tribunum
793 2550 931 2604 sediciosum‚
942 2547 996 2596 occie

213 2623 280 2671 derat.
294 2622 324 2671 Ea
337 2640 370 2670 ras
384 2622 444 2681 quod
456 2635 512 2670 esset
525 2635 612 2680 patrum
624 2622 752 2671 auctoritate
764 2621 828 2677 lacta,>
841 2622 964 2681 complures
976 2621 997 2667 in

212 2717 281 2746 annos
289 2696 359 2756 sopita
368 2714 406 2755 per
415 2695 525 2747 silentium
533 2696 625 2746 transiit.
635 2695 737 2745 Tandem
745 2715 797 2745 vero
805 2715 871 2755 opera
879 2695 906 2746 C.
916 2692 998 2745 cesaris

171 2770 198 2820 35
215 2771 305 2821 excitata
313 2782 353 2819 est.
362 2769 414 2818 Eius
425 2789 512 2827 nanque
522 2769 678 2817 subornatione
689 2768 736 2817 dies
748 2769 836 2817 Rabirio
851 2769 879 2817 ad
895 2767 999 2827 populum

170 2889 313 2896 ·—--—-—-a--—-a

215 2953 230 2996 l.
245 2964 311 2998 estex
326 2952 483 3005 con(tentione?)
498 2957 564 2994 statim
578 2971 626 2996 corr.
681 2953 715 2997 35.
729 2952 755 2996 ad
768 2951 868 3005 populum
881 2959 895 2995 ι’.
910 2969 925 2994 ν.
