2093 3253
145 170 186 215 206
448 180 539 218 sicconis
553 180 668 210 POLENTONl

119 354 123 365 Ι
189 295 222 343 his
236 309 349 355 suspectus
363 307 426 350 esset,
440 294 528 343 tandem
542 294 632 343 consilio
641 307 662 342 et
671 292 744 343 lavore
756 293 790 342 M.
799 292 911 342 Ciceronis
921 317 972 348 usus
1035 291 1037 301 ÷

189 370 272 418 senatui
284 389 306 417 se
317 368 435 418 coniunxit.
447 367 476 417 D.
487 367 580 417 Brutum
590 367 632 416 hoc
641 378 739 426 tempore
750 367 863 415 obsessum
874 366 973 419 Mutinae
1036 399 1042 410 .

191 441 240 489 luso
252 441 369 499 fugatoque
381 441 415 487 M.
427 441 523 488 Antonio
534 440 639 493 liberavit,
651 440 728 487 missus
740 459 753 487 a
763 452 838 487 senatu
849 453 973 496 propraetor

193 535 243 563 cum
259 516 353 563 exercitu
369 527 390 562 et
407 513 481 562 Hirtio
496 533 521 562 ac
536 514 604 563 Pansa
616 512 749 562 consulibus.
766 511 844 571 Neque
859 531 910 561 vero
921 525 972 565 tunc
1037 517 1040 551 j

164 588 176 635 5
193 587 311 638 litterarum
319 587 390 635 studia
398 587 477 644 posuit.
486 586 561 644 lpsum
567 587 625 634 enim
633 585 715 644 legisse,
722 585 838 644 scripsisse,
845 584 974 636 declamasse

194 659 291 716 quotidie
306 658 401 708 tradunt.
418 657 528 707 Potentior
537 671 614 707 autem
620 658 697 712 lactus,
708 659 769 716 quod
784 657 858 705 Hircio
869 670 890 705 et
906 658 972 708 Pansa

191 731 315 780 consulibus
330 731 447 780 interfectis
461 732 529 780 victor
543 733 590 790 ipse
606 732 660 780 duos
673 731 795 781 consulares
810 725 916 779 *exercitus
930 733 973 781 suis

191 806 258 863 copiis
266 805 405 860 adiunxisset,
414 825 436 852 se
443 804 476 853 M.
482 804 579 854 Antonio
587 818 608 854 et
616 805 650 854 Μ.
657 806 741 865 Lepido
749 805 889 854 reconciliatis
897 805 973 855 animis
1040 797 1045 844 ‚²

191 878 305 937 colligavit.
317 878 378 928 Tum
389 880 455 937 pestis
470 879 609 927 triumviralis
625 891 677 934 orta,
690 892 737 927 tum
749 879 832 926 occisus
844 877 973 935 M.·Cicero,

153 953 179 999 10
193 964 241 998 tum
249 952 287 1013 qui
299 953 355 999 cives
366 951 417 998 bani
426 963 486 998 erant
497 952 562 1000 acrei
573 951 672 1009 publicae
680 963 759 998 statum
767 962 863 998 amarent
874 953 974 1009 expositis

191 1023 270 1073 tabulis
281 1038 318 1073 aut
330 1023 436 1073 interlecti
447 1037 486 1072 aut
498 1014 612 1083 proscripti
624 1038 682 1073 sunt.
694 1024 769 1072 Annos
781 1024 870 1082 quidem
882 1024 936 1073 duos
947 1046 971 1074 ac

192 1098 267 1145 decem
276 1110 298 1145 et
307 1097 384 1146 urbem
394 1109 415 1146 et
424 1097 499 1146 orbem
509 1098 577 1146 rabies
586 1099 626 1146 ista
634 1098 772 1146 triumviralis
781 1098 863 1146 afflixit.
874 1097 974 1155 Denique
1042 1116 1045 1131 ³

193 1170 226 1219 llll.
236 1171 320 1229 Lepido
331 1171 419 1220 donavit
431 1172 504 1226 vitam,
515 1172 637 1220 Antonium
648 1190 698 1220 vero
709 1183 730 1219 et
741 1172 832 1229 imperio
843 1183 864 1219 et
875 1172 917 1219 vita
928 1172 971 1229 pri·
1040 1184 1044 1229 j

193 1245 250 1292 vavit
263 1243 373 1293 Octavius.

153 1317 178 1366 l5
239 1317 332 1375 Imperio
345 1316 409 1374 igitur
422 1316 480 1366 solus
494 1316 572 1366 deinde
585 1316 666 1376 potitus
679 1336 755 1376 pacem
768 1316 828 1365 dedit
840 1315 894 1365 orbi.
907 1315 975 1366 Tem·

192 1390 254 1447 plum
266 1390 311 1438 lani
322 1390 405 1438 clausit.
416 1389 540 1438 Vivendum
550 1410 600 1438 vero
611 1390 653 1438 sibi
670 1391 698 1439 ita
709 1390 821 1439 constituit
836 1402 861 1438 ut
870 1391 973 1449 temporis
1042 1398 1046 1428 i

192 1475 276 1520 partem
290 1464 320 1511 rei
337 1462 442 1520 publicae,
459 1475 543 1521 partem
559 1476 654 1516 naturae,
671 1476 754 1522 partem
770 1464 846 1511 studiis
857 1462 975 1511 litterarum

193 1535 259 1589 daret,
276 1535 329 1583 nihil
345 1554 384 1593 per
400 1536 551 1593 negligentiam
567 1538 673 1594 perderet.
690 1536 741 1583 Erat
756 1537 793 1594 qui
809 1537 919 1593 egregium
934 1537 973 1584 sibi

194 1604 326 1665 quemquam
340 1608 421 1654 librum
431 1608 510 1665 legeret
520 1609 574 1655 dum
583 1609 630 1666 ipse
639 1622 677 1656 aut
687 1609 809 1655 comederet
818 1621 856 1655 aut
866 1609 976 1655 raderetur
1042 1630 1047 1664 j

151 1680 180 1729 20
194 1693 232 1729 aut
241 1679 309 1728 ltacto
319 1699 395 1728 somno
406 1698 444 1737 per
454 1692 541 1728 noctem
550 1680 631 1729 diutius
642 1680 745 1739 vigilaret.
756 1679 849 1729 Graecas
859 1698 909 1728 vero
919 1678 974 1728 litte·
1041 1697 1045 1703 ²

193 1773 226 1802 ras
236 1753 275 1803 etsi
284 1754 366 1812 optime
375 1752 491 1807 didicisset,
501 1751 585 1803 Graece
593 1767 666 1803 tamen
674 1753 734 1812 loqui
743 1766 780 1802 aut
789 1753 881 1802 scribere
890 1771 975 1812 perraro
1045 1792 1047 1795 >

193 1847 217 1874 ac
228 1827 272 1876 lere
281 1847 401 1885 nunquam,
411 1826 524 1885 presertim
532 1840 674 1886 posteaquam
683 1840 780 1876 maturus
788 1825 829 1875 luit
838 1839 859 1875 et
868 1847 976 1876 summam
1042 1822 1047 1874 >J

193 1899 278 1956 imperii
288 1900 365 1952 tenuit,
374 1898 491 1947 delectatus
502 1912 542 1948 est.
553 1898 576 1947 Si
588 1898 642 1958 quid
652 1912 725 1948 autem
734 1898 817 1947 Graece
827 1899 916 1947 omnino
924 1900 974 1946 scri·
985 1952 987 1955 y

194 1971 291 2020 bendum
301 1972 411 2021 interdum
422 1985 484 2025 esset,
496 1972 519 2020 id
529 1972 647 2020 formatum
658 1972 735 2020 Latine
746 1972 805 2030 prius
816 1985 892 2029 suapte
902 1971 975 2019 tradu·
1043 2014 1046 2035 ἶ

151 2044 180 2093 25
196 2044 290 2111 cendum
303 2045 326 2093 in
341 2043 450 2092 Graecum
464 2045 566 2102 cuiquam
579 2046 699 2093 amicorum
714 2044 785 2092 dabat.
801 2043 877 2093 Latine
891 2061 941 2093 vero
955 2055 976 2090 et
1042 2072 1043 2075 =

194 2130 267 2165 ornate
281 2129 302 2165 et
315 2115 434 2175 composite
448 2116 583 2175 loquebatur.
598 2116 674 2166 Genus
689 2116 778 2175 quidem
792 2116 877 2166 dicendi
892 2116 975 2174 elegans
1045 2134 1046 2137 ¹

195 2190 234 2236 sed
246 2203 392 2247 temporatum
405 2203 491 2238 secutus
505 2203 544 2239 est.
559 2190 630 2238 Verba
644 2190 735 2238 obscura
748 2203 852 2248 tanquam
865 2189 975 2237 vitiosissi-

195 2282 257 2310 mum
267 2264 344 2310 vitium
354 2275 426 2320 atque,
436 2275 461 2310 ut
471 2263 542 2311 dicere
552 2264 598 2320 ipse
609 2283 672 2321 saepe
682 2264 768 2311 auditus
778 2275 818 2317 est,
829 2275 932 2320 tanquam
942 2261 973 2308 le·
1045 2321 1047 2324 ι

192 2347 262 2382 torem
277 2335 427 2404 turpissimum
442 2335 551 2384 devitavit.
567 2334 638 2394 Loqui
653 2335 712 2384 enirn
726 2356 750 2384 ea
765 2355 816 2383 cum
830 2334 976 2383 moderatione

151 2407 180 2456 30
195 2407 295 2456 studebat
306 2422 330 2457 ut
341 2428 396 2468 quae
407 2408 494 2464 diceret,
505 2429 529 2457 ea
540 2409 608 2469 perite
619 2408 675 2458 dicta
686 2422 757 2458 essent
767 2408 806 2458 sed
816 2408 843 2458 ab
854 2407 887 2457 his
898 2405 976 2457 intelli·
1041 2447 1043 2450 ,

193 2493 293 2537 gerentur
304 2482 341 2539 qui
351 2482 458 2529 audirent.
468 2481 504 2530 Ad
513 2494 613 2529 senatum
621 2501 673 2529 vero
682 2482 716 2530 vel
725 2482 753 2529 ad
762 2482 869 2540 populum
878 2482 919 2528 nisi
930 2498 976 2527 ora·
1044 2488 1047 2491 ’

193 2553 251 2601 tione
262 2553 381 2611 composita
392 2553 476 2602 locutus
488 2567 520 2602 est
530 2554 597 2612 idque
608 2567 719 2613 tantopere
730 2554 851 2602 observavit
862 2552 922 2612 quod
932 2571 976 2600 non

193 2625 259 2673 modo
274 2626 302 2680 ad
316 2639 395 2684 patres,
411 2626 491 2683 quibus
507 2627 614 2675 maiorum
629 2627 728 2686 evemplo
743 2627 856 2684 singularis
871 2625 976 2685 quaedam

193 2698 311 2746 reverentia
321 2697 443 2752 deberetur,
454 2698 492 2746 sed
501 2699 595 2756 privatos
605 2700 670 2748 etiam
679 2699 707 2748 ad
715 2700 796 2763 amicos
805 2712 870 2758 atque
879 2717 941 2748 suam
950 2695 977 2744 ad
1045 2699 1047 2701 ’

187 2831 215 2870 26,
228 2831 275 2869 Suet.
287 2832 329 2877 Aug.
342 2831 371 2869 86.
420 2832 448 2869 3l.
460 2832 506 2869 Suet.
519 2831 561 2877 Aug.
574 2833 596 2869 84

191 2946 223 2991 22.
237 2957 260 2991 ac
275 2951 325 2998 1‘.r.;
340 2955 382 2990 erat
397 2956 437 2990 aut.
