2093 3253
450 192 544 222 SICCONIS
558 193 673 223 POLENTONI

231 310 307 359 Postea
322 309 387 367 igitur
399 329 465 368 quarn
475 329 514 368 spe
524 310 643 358 traiiciendi
654 310 677 358 in
688 309 790 364 Siciliam,
802 311 833 358 uti
849 329 975 370 conceperat
1032 322 1034 325 ⁴

144 417 146 420 ι
190 383 270 436 animo,
286 402 309 429 se
324 380 452 430 frustratum
462 382 516 430 vidit
527 382 611 437 Cicero,
622 383 650 431 ad
661 401 719 431 mare
730 382 890 442 Superumiter
899 384 974 434 traiec-

191 469 253 504 turus
268 454 397 512 inEpirum
411 454 470 504 flexit
483 467 548 514 atque
562 455 711 504 Brundusium
725 456 801 504 itinere
814 455 909 505 terrestri
923 477 974 507 con·
1027 475 1029 478 ’

191 529 268 578 tendit.
284 527 372 587 Quippe
384 528 501 576 traiecisset
513 528 615 577 libentius
628 529 720 588 navigio,
734 529 794 587 quod
807 528 912 578 militibus
925 529 974 580 Clo-

164 604 176 652 5
193 603 268 655 dianis‚
284 601 322 659 qui
335 601 354 649 ei
367 601 526 655 insidiarentur,
540 602 583 650 iam
595 602 667 650 omnia
680 601 776 650 conferta
788 615 867 657 essene
880 603 919 651 sed
931 623 975 653 ma·
1027 598 1033 663 :I

192 675 257 724 ritimi
266 692 341 722 cursus
350 674 414 732 longe
420 674 491 722 minus
497 674 538 721 tuti
544 675 658 733 asperitate
664 674 740 723 hiemis
746 674 881 724 videbantur.
888 674 975 725 Terres·
1029 693 1031 696 ⁴

190 749 218 796 tri
233 759 306 796 autem
321 747 397 794 itinere
416 767 444 794 ne
463 746 556 795 satelites
575 766 587 794 a
606 747 698 796 tribuno,
714 747 773 795 missi
799 747 899 795 obessent
923 746 975 798 illud
1031 764 1036 784 ³

191 820 317 869 adiumento
332 817 381 872 luit,
397 819 456 877 quod
470 819 587 877 municipia
600 840 655 878 quae
668 819 705 867 illo
718 820 821 881 intervalo
834 833 894 879 erant
907 820 974 870 haud·
1028 833 1038 836 “’

193 913 303 952 quaquam
317 911 357 949 pro
371 890 458 940 fortuna
473 893 574 949 presenti,
590 912 645 950 quae
659 892 809 940 adversissima
823 893 937 953 videbatur
950 915 974 942 ac
1034 907 1036 909 ’

152 968 178 1015 lO
193 979 244 1021 erat,
257 983 333 1013 verum
344 965 376 1012 uti
387 964 549 1013 consuevissent
560 963 659 1013 lelicibus
671 965 736 1014 rebus
746 966 890 1015 amicarentur
900 965 942 1016 sibi
952 989 976 1018 ac
1031 999 1038 1016 ι

190 1040 315 1088 venientem
329 1038 420 1086 comiter
433 1051 454 1085 ct
468 1038 541 1086 animo
554 1038 613 1086 bono
627 1038 767 1097 susciperent.
778 1037 851 1087 Nullis
861 1039 920 1088 enim
933 1053 975 1090 ter·
1034 1031 1035 1034 Ἴ

193 1114 227 1161 riti
243 1111 308 1161 minis
322 1124 390 1159 erant.
412 1111 457 1158 Sed
468 1112 567 1170 quamvis
578 1112 630 1169 legis
642 1132 734 1170 poenam
746 1111 834 1160 exilium
845 1132 891 1160 esse
901 1133 926 1161 ac
937 1113 975 1162 bo·
1033 1106 1035 1110 ,

193 1204 272 1233 norum
293 1183 463 1241 publicationem
483 1183 589 1237 audirent,
611 1182 761 1242 proficiscendi
781 1195 854 1232 tamen
875 1185 915 1234 iter
935 1185 975 1234 sibi
1034 1184 1036 1196 ²

158 1255 160 1259 Α
193 1259 327 1307 tutissimum
342 1257 501 1314 praestiterunt.
1035 1289 1041 1300 ⁴.

154 1331 180 1380 l5
238 1330 387 1378 Brundusium
401 1330 475 1387 itaque
489 1329 517 1377 ad
531 1329 601 1377 Xllll
618 1328 734 1377 Kallendas
749 1329 819 1377 Maias
834 1330 900 1378 venit.
915 1330 980 1379 Hanc,
1037 1326 1040 1338 *

193 1421 245 1451 vero
259 1421 326 1451 unam
341 1421 367 1449 ex
382 1400 484 1449 omnibus
500 1400 609 1449 civitatem
624 1420 680 1459 quae
695 1399 829 1465 hospitaliter
843 1422 868 1449 ac
883 1400 976 1460 benigne
1037 1414 1039 1417 ’

165 1492 166 1496 ’
193 1477 266 1536 ipsum
275 1474 379 1533 'excipere
392 1478 466 1534 par'ata
481 1482 536 1523 esset
547 1495 591 1523 non
603 1472 686 1533 ingredi
697 1472 784 1533 placuit.
796 1473 826 1524 Se
836 1474 926 1533 quidem
936 1476 977 1525 hoc
1041 1512 1042 1515 =

193 1552 241 1599 loco
255 1551 278 1599 in
293 1562 351 1597 ortos
365 1547 476 1597 familiaris
489 1547 530 1601 sui,
544 1547 578 1595 M.
592 1546 662 1595 Lenni
676 1546 754 1601 Flacci,
768 1547 795 1595 de
808 1548 913 1598 industria
926 1569 976 1598 con·
1037 1575 1039 1578 ’

161 1637 162 1640 ’
193 1624 251 1673 tulit,
261 1622 339 1672 Flacco
348 1630 409 1681 pater
419 1629 515 1669 senex'et
524 1620 563 1668 filii
574 1620 618 1669 duo
627 1633 695 1669 aetate
705 1620 748 1669 iam
758 1621 849 1679 grandes
859 1635 926 1671 erant.
937 1621 977 1670 His
1033 1614 1037 1625 ⁵

152 1699 180 1745 ΖΟ
195 1697 297 1745 omnibus
309 1713 357 1743 cara
368 1695 425 1742 salus
437 1694 548 1742 Ciceronis
560 1693 614 1741 adeo
625 1692 667 1741 luit
679 1693 745 1752 quod,
758 1694 798 1741 etsi
809 1693 977 1752 publicationem
1038 1693 1040 1695 ³

193 1771 302 1817 bonorum
317 1767 449 1825 exiliumque
464 1787 489 1814 ac
504 1766 587 1823 reliqua
603 1766 675 1812 omnia
691 1785 746 1824 quae
762 1765 841 1813 inferre
857 1773 941 1814 metum
956 1779 976 1814 et

194 1842 277 1890 animos
290 1840 378 1889 turbare
391 1840 456 1888 etiam
469 1839 537 1887 claros
550 1859 575 1886 ac
587 1837 654 1887 lortes
668 1837 744 1892 solent,
758 1837 856 1887 nonnulli
870 1842 977 1899 propone·
1042 1872 1044 1874 v

152 1947 153 1950 =
193 1928 241 1962 rent
256 1934 281 1962 ac
296 1914 436 1967 minarentur,
451 1913 524 1960 omnia
537 1911 610 1960 tamen
624 1912 669 1967 pati
683 1924 755 1968 atque,
770 1912 788 1958 si
803 1925 918 1969 oporteret,
933 1913 977 1970 pati
1040 1947 1047 1977 ¹,

193 1986 259 2035 etiam
271 1998 366 2034 extrema
379 1983 468 2044 quaevis
480 1983 553 2042 potius
566 2004 633 2042 quam
645 1983 717 2041 ipsum
730 2003 774 2031 non
788 1983 885 2043 excipere
898 1996 977 2033 statue·
1039 1983 1047 2018 v*

151 2060 179 2117 25
194 2072 253 2109 runt.
266 2058 319 2108 Dies
331 2058 421 2117 quidem
433 2057 492 2116 apud
504 2076 540 2105 eos
553 2056 610 2105 Xlll
624 2056 709 2105 mansit.
1035 2118 1036 2121 Ἰ

237 2131 291 2181 Inde
301 2131 343 2179 sibi
353 2144 400 2179 tuta
410 2151 435 2178 ac
445 2129 504 2178 fideli
513 2129 602 2178 tandem
612 2129 640 2177 ab
650 2127 683 2177 bis
694 2142 767 2186 parata
777 2129 833 2185 navi,
845 2130 979 2188 Dyracbium

164 2226 166 2228 ’
193 2220 258 2254 vento
266 2224 370 2264 prospero
379 2202 493 2261 navigavit.
501 2203 549 2251 Nec
556 2202 595 2250 diu
602 2201 632 2249 ibi
641 2215 736 2249 moratus
743 2214 783 2256 est,
791 2203 858 2261 quod,
866 2204 898 2251 uti
906 2202 978 2252 audis
1037 2217 1047 2260 j

194 2291 233 2334 set,
244 2279 273 2327 ita
282 2295 358 2326 verum
368 2291 414 2325 esse
423 2275 506 2325 videret
515 2273 615 2324 exulibus
623 2269 662 2333 oui
672 2272 795 2323 eCatilinae
801 2273 897 2333 reliquiis
903 2293 978 2334 super·
1037 2297 1039 2299 ’

194 2364 266 2400 essent
278 2370 366 2399 omnem
379 2348 470 2408 Epirum
481 2368 507 2397 ac
519 2347 633 2397 Graeciam
645 2346 731 2405 plenam
746 2366 800 2397 esse.
816 2347 895 2406 Neque
910 2345 978 2406 llthe·v
1027 2346 1028 2349 ¹
1045 2383 1047 2385 >

152 2426 181 2473 30
196 2444 241 2478 nas,
256 2423 288 2471 uti
297 2442 357 2470 mens
365 2433 410 2470 erat
417 2441 442 2469 ac
449 2433 545 2478 cuperet,
551 2421 657 2468 divertere
664 2439 729 2467 ausus
737 2432 776 2473 est,
784 2420 833 2468 turn
839 2420 900 2478 quod
907 2419 979 2469 exules

139 2531 140 2534 =
195 2497 326 2554 eosdemque
335 2494 434 2543 inimicos
444 2514 494 2543 suos
503 2493 534 2542 ibi
543 2513 589 2542 esse
599 2491 678 2556 multos
687 2491 779 2548 audiret,
787 2505 836 2542 tum
844 2493 906 2552 quod
915 2493 979 2542 dubi-⁴

194 2583 249 2619 taret
263 2569 315 2617 idne
329 2567 435 2626 oppidum
448 2567 475 2616 ab
491 2566 551 2616 ltalia
564 2566 615 2615 satis
628 2584 668 2624 pro
681 2565 734 2623 legis
747 2578 805 2614 meta
817 2565 914 2616 distaret.
927 2566 978 2615 Pos-

194 2656 264 2689 tremo
274 2642 297 2687 in
308 2640 461 2687 Macedoniam
471 2639 512 2686 sibi
522 2639 673 2686 traiiciendum
683 2659 730 2686 esse
739 2638 830 2696 putavit,
841 2640 901 2697 quod
914 2639 933 2686 is
948 2639 979 2686 lo·
1043 2649 1045 2701 J

194 2737 232 2765 cus
240 2713 394 2776 ,et-,proximus
411 2712 483 2763 ltaliae
497 2726 518 2763 et
532 2726 592 2762 tutus
606 2725 662 2761 esset
675 2732 701 2761 ac
714 2731 805 2771 pergere,
816 2712 867 2761 inde
881 2711 944 2762 lacile
957 2713 979 2759 in
1040 2759 1043 2771 Ἴ,

153 2790 180 2837 35
195 2783 270 2837 Asiam
286 2787 314 2835 ad
330 2787 358 2843 Q.
375 2779 463 2835 fratrem
478 2798 558 2843 posset.

192 2969 218 3005 l8.
231 2968 267 3005 Cic.
280 2968 324 3005 Fam.
337 2966 382 3004 XIV.
396 2968 412 3004 4.
422 2967 442 3003 ’2.
