2093 3253
254 159 385 192 scurronum
399 159 526 192 ILLUSTRIUM
538 169 554 177 ··
568 160 668 191 Llntutv.
840 144 876 190 ll3

89 273 272 332 Versus'manque
290 272 319 321 ab
338 293 364 321 eo
383 272 474 338 quidam
493 272 585 335 dempti!
604 272 671 329 aliqui
691 271 798 319 emendati
818 283 876 318 sunt.
945 272 946 276 ’

91 347 224 398 Emendatus
233 359 266 395 est
275 346 303 395 ab
312 366 338 395 eo
348 346 366 394 is
376 339 478 399 versusss'«
485 339 600 395 huriciilas
609 344 664 394 asini
674 344 723 403 quis
732 340 777 393 non
787 343 859 397 habet,
868 361 877 384 u

92 441 125 474 ne,
137 432 162 469 ut
173 419 287 468 videbatur
297 420 326 468 ac
333 430 386 472 erat,
398 418 421 467 in
432 437 456 467 se
467 418 552 480 dictum
563 416 623 466 Nero
635 418 736 475 princeps
747 430 800 466 tunc
811 417 878 465 sevis-

92 492 309 541 simus'coniectaret.
323 491 423 549 Scriptus
436 491 495 557 enim
508 511 520 540 a
533 491 607 539 Persio
619 492 649 539 ita
662 503 707 538 erat
719 508 801 538 versus:
815 488 878 537 «Au-

66 569 79 620 5
95 564 172 615 riculas
186 565 246 619 asini,
256 563 318 614 Mida
332 568 370 614 rex
384 563 456 613 habet.
466 580 475 606 >t
491 563 542 613 Fuit
555 563 640 613 Persius
655 563 698 613 vita
712 581 806 617 severus,
821 559 878 611 lama
904 572 906 575 ’

93 637 188 697 pulcher.
204 638 253 695 pius
264 655 314 695 erga
325 637 466 694 necessarios
477 637 613 686 verecundus
624 635 652 684 ad
663 655 746 690 omnes
758 635 878 694 pudiciciae

92 729 143 759 vero
150 721 223 758 tantae
231 722 256 758 ut
264 710 371 768 virginem
379 710 453 767 ipsum
462 722 484 757 et
493 704 605 757 mortuum
613 721 635 757 et
643 721 719 756 natum
728 709 807 756 dicant.

133 781 236 841 Aequalis
249 801 301 832 vero
314 779 542 840 idemquetamiliaris
556 802 609 830 suus
622 801 647 829 ac
661 780 783 830 studiorum
796 801 877 834 comes.

94 855 127 903 M.
135 854 232 903 Annene
242 854 353 909 Lucanus,
364 866 414 912 post
425 857 479 902 eum'
487 873 533 902 non
544 854 638 913 amplius
649 873 706 902 anno
717 854 777 902 vixit.
789 853 878 902 Annen-

0 934 2 937 ’
56 932 82 979 l0
96 927 195 976 rumhic
208 927 298 975 honesta
311 947 324 975 e
337 926 418 975 la'milia
432 925 548 975 Cordubae
561 939 624 975 natus
639 936 678 975 est.
692 928 777 976 Patrem
792 927 819 975 L.
832 926 878 975 An-

95 1018 161 1056 neum
176 999 273 1054 Mellam
281 1013 373 1047 matrem
379 998 477 1046 Attilam
484 997 568 1047 habuit.
577 998 661 1047 Fratres
668 999 723 1057 patri
730 997 819 1047 luerunt
826 999 878 1054 duo,

0 1071 2 1131 ]
49 1084 51 1086 ’
79 1103 81 1105 >
94 1071 147 1123 alter
160 1071 235 1122 lunius
245 1071 335 1122 Anneus
346 1070 426 1127 Gallio,
438 1070 576 1128 declamator,
587 1071 641 1122 alter
652 1070 678 1121 L.
689 1070 778 1133 Anneus
790 1071 878 1127 Seneca.

96 1146 181 1195 Stoicus
191 1145 319 1204 appellatus.
330 1145 423 1199 Romam
432 1145 514 1194 Seneca
524 1144 635 1203 protectus
645 1157 678 1194 est
687 1146 790 1203 primum,
801 1146 879 1196 deinde

96 1217 168 1265 Gallio
182 1230 204 1265 et
221 1218 289 1266 Mella
305 1231 334 1272 et,
352 1219 456 1276 quitum
473 1230 518 1266 erat
535 1237 596 1275 puer,
616 1219 718 1265 Lucanus
735 1218 794 1266 haud
811 1219 880 1266 multo

59 1292 83 1341 15
98 1282 180 1339 inlaute
194 1290 262 1339 maior
276 1291 344 1339 secuti
358 1304 416 1339 sunt.
431 1288 477 1339 Viri
493 1311 568 1339 omnes
583 1290 666 1353 egregii*
676 1310 727 1339 cum
740 1291 813 1340 innata
827 1310 879 1350 pru-

98 1363 170 1412 dentia
182 1376 231 1412 tum
244 1364 366 1423 eloquentia
379 1384 404 1411 ac
417 1363 522 1413 doctrinis
535 1364 666 1428 erantNee
677 1363 764 1412 difficile
777 1364 880 1422 principis

98 1435 203 1484 beneficio
218 1449 269 1485 sunt
286 1437 375 1485 civitate
389 1436 471 1501 donati,
489 1456 584 1495 moxque
601 1449 724 1495 equestrem
741 1437 763 1485 in
781 1436 881 1486 ordinem

97 1519 162 1573 atque
175 1507 264 1555 tandem
277 1508 334 1556 inter
346 1509 455 1556 senatores
469 1508 553 1566 scriptis
566 1508 654 1566 Quippe
667 1507 827 1566 philosophiam
841 1508 880 1556 Se¹

98 1584 150 1629 neca
162 1580 185 1630 in
198 1579 280 1630 deliciis
293 1580 369 1630 habuit
381 1600 406 1629 ac
418 1579 492 1630 lumen
506 1580 561 1630 vitae
574 1579 660 1630 moralis
673 1578 722 1630 luit.
735 1580 780 1630 Sed
792 1580 820 1631 de
832 1581 880 1641 ipso

4 1708 5 1711 Ἰ
56 1655 86 1703 20
100 1654 185 1717 ἀίςεῐιιιῄ
196 1653 244 1702 loco
257 1674 305 1703 suo.
321 1653 444 1703 Gallionem
457 1673 508 1703 vero
522 1655 588 1702 animi
602 1654 744 1713 tranquillitas
758 1654 881 1705 oblectavit.

1 1786 2 1789 Ἴ
99 1721 181 1773 Mellae*
187 1718 264 1774 autem
270 1726 331 1784 iungi
342 1727 501 1783 magistratibus
512 1728 600 1784 placuit,
610 1746 650 1775 nec
660 1727 743 1784 plebeia
753 1729 791 1775 sed
801 1729 881 1786 quibus

0 1836 2 1838 .
40 1850 42 1853 ,
98 1810 166 1863 aetate
176 1797 212 1848 illa
222 1811 304 1848 veteres
315 1812 337 1848 et
348 1798 399 1848 clari
410 1800 467 1848 cives
481 1799 573 1848 Romani
584 1800 649 1849 etiam
660 1800 781 1858 potirentur
792 1819 882 1859 munera

99 1871 159 1921 obiit.
167 1870 225 1920 Erat
240 1872 330 1931 quidem
343 1893 434 1930 magnus
447 1874 529 1928 animo,
545 1872 641 1932 corporis
654 1893 742 1931 quoque
756 1872 882 1923 habitudine

98 1953 163 2001 'atque
175 1945 290 2003 prudentia
302 1945 405 2003 gerendas
417 1945 445 1992 ad
457 1964 491 1992 res
506 1965 582 1993 omnes
594 1946 693 1993 idoneus
706 1946 806 1994 Lucanus
818 1948 884 2005 igitur
951 1963 953 1966 ’
986 1968 987 1973 ’

0 2047 4 2074 :1
59 2018 86 2068 25
101 2016 182 2064 Romae
193 2017 269 2065 litteris
280 2018 363 2066 studuit
373 2030 439 2075 atque
448 2030 475 2066 ut
485 2018 544 2066 venit
554 2018 582 2066 ad
592 2021 684 2066 aetatem
694 2028 739 2067 arte
750 2019 834 2077 poetica
845 2019 883 2068 de-

100 2090 188 2149 lectatus
199 2103 238 2139 est.
249 2090 310 2148 Quos
321 2109 372 2139 vero
381 2090 474 2144 Persius,
485 2090 573 2139 eosdem
583 2091 629 2149 ipse
640 2089 715 2139 habuit
725 2086 883 2150 praeceptores

100 2161 161 2212 Uxor
170 2164 216 2214 eius
227 2164 315 2213 nomine
325 2164 450 2223 Argenteria
461 2163 525 2214 dicta.
536 2163 625 2214 Femina
636 2162 688 2213 haec
697 2163 739 2214 luit
749 2185 793 2215 non
803 2164 882 2225 pudica

100 2237 165 2291 modo
182 2256 231 2293 erga
249 2237 406 2285 maritumsed
423 2237 498 2284 litteris
518 2239 583 2294 etiam
600 2256 665 2294 supra
682 2236 773 2290 feminas
790 2238 880 2304 erudita

1 2365 2 2368 Ἰ
100 2307 166 2356 Metri
176 2328 263 2368 nanque
273 2308 365 2357 faciendi
375 2309 482 2357 rationem
491 2310 520 2364 ita
532 2310 592 2366 novit
602 2309 662 2370 quod
671 2312 722 2360 eam
728 2329 882 2370 saepenumero

1 2406 5 2423 c
59 2378 89 2429 30
103 2382 190 2430 maritus
200 2383 222 2430 in
232 2382 361 2440 complendo
370 2400 434 2431 versu
448 2382 584 2440 (memoriter
595 2383 636 2430 hoc
646 2382 747 2431 Sidonius
757 2384 780 2430 in
788 2383 882 2441 epistolis

100 2452 172 2511 refert)
186 2455 312 2508 adiutricem
328 2455 410 2502 habuit.
432 2455 506 2502 Metro
524 2455 614 2513 quidem
631 2454 698 2509 multa
714 2456 816 2513 utrinque
832 2468 884 2503 sunt
945 2454 947 2456 ’

101 2538 122 2573 et
136 2527 239 2575 certando
253 2528 324 2583 iocose
341 2539 363 2576 et
379 2528 493 2586 ingenium
509 2528 629 2577 exercendo
645 2528 822 2582 studioseffdicta.
837 2527 884 2578 De·
935 2571 937 2574 ,

102 2600 169 2657 nique
184 2600 282 2648 Caesaris
303 2613 363 2658 gesta
382 2619 469 2648 canere
479 2619 594 2658 aggressus
610 2599 696 2656 Bellum
712 2600 782 2649 Civile
798 2602 884 2660 scripsit

58 2685 202 2694 <Q—

108 2733 124 2769 2.
137 2734 180 2770 Pers.
193 2734 205 2771 L
222 2734 259 2771 121.
308 2704 451 2773 ⁴l.ll1't.l³eru'i.x
491 2735 519 2771 30.
532 2735 589 2771 Sidon.
601 2736 632 2779 Ep.
645 2735 665 2771 lli
681 2736 706 2772 tu.
720 2736 737 2771 6.
782 2791 783 2794 Ἰ
888 2739 890 2742 ’

59 2804 202 2814 π-Ἢ--Ἦ

114 2854 132 2897 4.
147 2873 158 2898 a
172 2854 238 2899 Persio
253 2863 352 2905 i.r.;erat
367 2855 393 2899 ita
407 2851 454 2899 erat.
513 2855 583 2901 lex
594 2856 693 2910 principes
707 2875 757 2901 corr.
811 2855 885 2903 20&

60 2922 184 2975 tranquilitas
199 2943 248 2968 corr.

99 3072 108 3108 8
134 3110 135 3115 ,
