2093 3253
275 150 404 181 SCRIPTORUM
419 150 544 181 ILLUSTRIUM
559 162 573 167 -
587 151 645 181 LIBER
659 151 686 181 VI.
852 136 888 182 l83

91 268 178 317 cilium
195 265 316 318 haberetur,
335 263 383 311 libri
402 262 529 320 Quintiliani
547 264 575 312 de
592 263 690 312 Oratoria
710 263 846 312 institutione
863 284 888 312 ac

104 339 214 390 Ciceronis
228 337 266 397 qui
279 348 330 385 sunt
343 336 372 385 ad
386 335 479 385 Brutum
492 337 589 396 inscripti
603 336 630 386 de
643 336 734 396 Optimo
748 335 834 385 Cenere
847 335 888 384 Di-

104 413 166 463 cendi
179 425 200 460 et
213 411 282 460 Claris
296 410 323 458 de
335 409 463 458 Oratoribus
477 412 523 459 sine
535 411 579 459 ulla
592 411 670 459 menda
682 431 707 459 ac
719 412 765 459 sine
777 410 822 459 ullo
834 411 886 458 vitio

104 486 185 534 inventi
197 497 255 532 sunt.

78 561 91 609 5
148 556 228 605 Noster
246 568 320 604 autem
334 553 362 603 T.
378 553 460 609 Livius,
479 569 504 604 ut
523 555 685 604 memorandam
703 556 749 605 eius
767 554 796 603 ad
814 554 887 608 vitam,

104 634 159 679 sicut
171 643 203 678 est
214 627 333 688 principale
345 629 489 687 propositum,
501 628 617 687 aliquando
629 629 743 688 regrediar,
757 628 838 677 Romae
850 627 888 676 ha-

104 703 179 751 bitavit
196 702 273 760 perdiu
290 713 312 748 et
328 701 387 758 apud
404 700 556 755 Octavianum,
573 702 611 760 qui
628 721 684 750 unus
701 703 816 759 imperaret
833 700 887 754 orbi,

104 774 198 824 multum
214 772 293 823 lavaris
310 786 332 822 et
348 773 427 832 gratiae
443 786 553 822 assecutus
570 787 610 823 est.
628 774 704 823 Senior
720 787 794 823 autem
810 772 887 828 lactus,

103 869 154 897 cum
169 848 275 896 desiderio
290 847 415 905 quiescendi
430 847 526 901 liberius,
540 861 589 896 tum
603 848 675 896 studio
690 848 791 896 visendae
805 848 887 905 patriae

66 923 91 969 10
105 922 127 968 in
142 939 185 978 qua
202 920 305 967 educatus
323 931 344 966 et
362 932 424 967 natus
442 932 505 973 esset,
523 919 619 967 Paduam
636 939 681 967 sese
699 920 786 977 recepit.
804 918 887 967 Natura

103 992 161 1041 enim
176 992 205 1040 ita
213 1011 289 1041 sumus
298 991 396 1040 homines
405 992 516 1040 constituti
525 1004 549 1040 ut
558 1013 602 1050 quo
610 992 703 1050 quisque
711 991 758 1040 loco
766 989 887 1045 nascamur,

103 1065 180 1113 eodem
194 1066 242 1122 ipso
258 1064 320 1111 nobis
340 1055 462 1122 presertim
474 1065 561 1113 senibus
582 1065 685 1119 habitare,
701 1066 772 1113 vivere
791 1084 816 1111 ac
832 1064 887 1112 mori

103 1138 167 1194 etiam
179 1157 230 1193 cum
242 1149 340 1195 oporteat
353 1137 503 1186 dulcissimum
516 1138 620 1186 videatur.
634 1138 742 1210 Reversus
752 1138 817 1195 igitur
828 1137 887 1195 apud

102 1230 138 1258 eos
144 1207 231 1268 *quibus
242 1211 375 1268 permaxime
386 1210 447 1259 carus
459 1223 515 1259 esset
531 1211 665 1269 aliquamdiu
677 1211 741 1260 vixits'
749 1209 820 1258 Diem
836 1228 887 1258 vero

65 1283 89 1331 l5
104 1303 154 1330 cum
169 1282 249 1331 obisset
264 1303 328 1330 suum
342 1283 476 1342 amplissimo
490 1304 541 1332 cum
556 1283 637 1332 honore
651 1304 676 1332 ac
690 1303 777 1343 pompa,
792 1283 824 1331 uti
840 1303 886 1331 mos

102 1356 184 1413 patrius
200 1356 297 1414 ritusque
313 1356 398 1414 gentilis
413 1376 438 1403 ac
452 1357 493 1404 ⁴viri
509 1357 601 1415 dignitas
617 1356 721 1415 exigebat,
737 1356 796 1414 apu‘d
811 1356 887 1404 aedem

103 1427 237 1477 Concordiae
248 1427 345 1485 sepultus
356 1441 396 1477 est:
408 1427 516 1477 Memoria
527 1442 599 1477 tamen
610 1429 732 1478 excellentis
743 1429 831 1486 ingenii,
842 1428 886 1477 elo·

102 1502 210 1559 quentiae,
225 1502 310 1550 virtutis
326 1521 377 1549 suae
393 1502 452 1559 apud
467 1502 566 1550 mortales
580 1502 707 1551 immortalis
721 1522 746 1551 ac
757 1503 887 1560 sempiterne

102 1573 161 1620 vivit.
173 1572 250 1621 Annus
261 1585 306 1620 erat
321 1574 501 1633 tuncnativitatis
514 1574 562 1621 Iesu
574 1573 662 1628 Christi,
673 1576 718 1622 veri
728 1594 753 1621 ac
764 1574 840 1631 optimi
851 1574 886 1621 dei

63 1643 89 1692 20
104 1645 178 1698 nostri,
193 1645 317 1703 vigesimus,
334 1644 418 1703 imperii
434 1664 485 1693 vero
500 1644 589 1704 Tyberii
606 1644 702 1694 Caesaris
718 1645 786 1705 (diem
796 1645 885 1705 quidem

102 1716 184 1765 obierat
200 1716 341 1775 Octavianus)
354 1730 451 1776 quartus.
472 1717 522 1775 Quo
542 1736 629 1777 nanque
648 1739 706 1767 anno
723 1718 815 1767 Ovidius
826 1718 886 1777 apud

102 1788 192 1844 Gethas,
205 1791 282 1838 eodem
297 1802 370 1837 noster
385 1790 420 1837 hic
435 1790 463 1838 T.
478 1790 552 1839 Livius
567 1791 652 1839 Paduae
662 1792 705 1840 vita
716 1790 831 1839 defunctus
846 1803 886 1839 est.

101 1861 176 1910 Annos
189 1864 242 1911 vixit
256 1861 285 1911 T.
297 1863 372 1911 Livius
385 1862 499 1912 LXXVII.
514 1863 593 1912 Filium
606 1863 681 1912 habuit
693 1864 827 1921 eloquentiae
840 1876 886 1912 stu·

102 1935 195 1993 diosum;
211 1936 286 1985 habuit
306 1957 395 1995 quoque
414 1936 481 1985 liliam
501 1937 585 1986 Liviam
601 1938 688 1986 nomine
703 1936 839 1996 appellatam.
855 1936 886 1985 Ea

62 2006 88 2055 25
103 2009 176 2066 nupsit
192 2009 218 2058 L.
234 2009 316 2067 Magio,
332 2010 369 2068 qui
388 2009 473 2068 opibus,
492 2009 609 2065 nobilitate,
626 2010 700 2059 litteris
717 2022 804 2059 ornatus
821 2022 886 2060 esset,

102 2079 242 2137 Eloquentiae
257 2099 309 2127 vero
323 2082 400 2128 studiis
417 2082 534 2129 delectatus
546 2083 680 2129 declamabat
691 2083 782 2139 egregie.
795 2082 842 2128 Hac
853 2095 885 2128 ta·

102 2171 151 2200 men
163 2152 186 2201 in
198 2172 221 2202 re
231 2152 280 2212 plus
293 2151 381 2201 honoris
393 2165 414 2202 et
426 2151 496 2202 lamae
507 2153 566 2212 apud
578 2153 684 2213 populum
696 2167 728 2203 est
740 2153 807 2202 soceri
819 2153 885 2212 gratia

102 2245 168 2282 quam
180 2247 218 2274 sua
229 2227 309 2275 virtute
325 2247 350 2274 ac
367 2227 448 2274 meritis
465 2240 582 2275 assecutus.

143 2298 198 2346 Ossa
214 2318 265 2346 vero
281 2298 310 2346 T.
328 2298 383 2346 Livii
399 2300 431 2347 uti
447 2299 532 2347 fuerant
548 2300 651 2357 plumbea
666 2301 689 2347 in
702 2318 750 2347 arca
766 2300 839 2353 locata,
856 2301 885 2347 ita

62 2366 89 2415 30
104 2370 241 2419 membratim
251 2370 327 2419 ordine
337 2391 376 2419 suo
386 2371 476 2420 iacentia
486 2384 551 2430 atque
561 2372 643 2430 integra
653 2390 723 2430 nuper
732 2371 817 2420 Paduae
826 2371 888 2430 apud

101 2442 208 2502 templum
225 2456 310 2493 sanctae
329 2444 429 2499 Iustinae,
447 2466 491 2503 quo
508 2445 530 2493 in
548 2444 595 2493 loco
611 2445 675 2493 aedes
693 2444 826 2493 Concordiae
843 2445 885 2493 ritu

101 2517 209 2572 gentilicio
223 2517 301 2571 luerat,
315 2518 402 2566 inventa
416 2516 473 2566 sunt.
488 2517 519 2566 Ea
532 2517 623 2566 fortuito
636 2514 676 2576 qui
688 2518 773 2576 foveam
786 2517 885 2566 foderent

101 2588 229 2638 invenerunt
240 2589 355 2638 nativitatis
368 2589 416 2638 lesu
427 2589 507 2658 Christi
517 2611 575 2638 anno
586 2589 758 2639 MCCCCXIII.
771 2589 824 2638 Inde
834 2609 885 2639 vero
949 2608 960 2649 j

61 2695 202 2708 Ἢ

96 2758 124 2795 23.
137 2762 194 2805 Quint.
209 2763 248 2801 Insr.
261 2763 282 2800 X.
299 2763 312 2799 1.
327 2763 354 2801 39.

99 2917 131 2964 Zl.
146 2919 193 2972 Quo
207 2938 287 2977 nanque
301 2938 353 2966 anno
368 2927 381 2965 ι’.
395 2939 423 2971 r.;
438 2931 481 2966 erar
496 2922 556 2966 Anno
570 2922 624 2966 enim
639 2926 700 2976 quot·
