2093 3253
249 202 381 234 scurronum
396 201 521 233 nausrmuu
535 213 549 217 -
564 201 622 232 arara
636 201 669 231 xv.
831 185 870 233 425

42 307 43 310 Ἰ
86 334 131 370 non
146 337 204 368 arma
221 317 315 367 victricia
330 316 369 366 sed
384 333 458 376 preces
474 316 556 372 darent.
574 315 663 376 Quippe
678 314 800 370 Antonium
816 313 873 369 bello
953 361 956 366 ,

32 413 33 417 ’
71 403 72 407 ’
86 391 157 449 frangi
172 412 243 450 posse,
259 391 331 439 verbis
346 402 420 439 autem
435 389 497 438 leniri
513 392 557 439 non
572 409 636 449 posse
651 389 772 438 affirmabat
788 389 872 437 Cicero.

5 506 8 507 ν
86 463 203 513 Enimvero
215 464 320 512 sententia
332 462 384 511 haec
396 475 502 530 severaet
513 460 614 511 constans
626 480 712 519 semper
724 461 746 508 in
764 460 800 509 ore
810 459 873 508 Cice·

88 539 136 587 roni
146 536 200 592 tuit,
216 557 260 587 non
275 535 343 586 civilis
358 535 408 584 belli
424 526 518 594 eritingui
534 536 652 592 flammam,
667 555 713 584 non
728 534 758 583 rei
773 532 873 593 publicae

61 613 74 661 5
90 611 217 670 dignitatem
229 610 312 659 restitui
324 612 422 667 unquam
433 628 496 667 posse
508 609 562 665 dum
575 609 613 667 qui
625 627 684 657 arma
696 621 770 662 contra
782 608 874 666 patriam

89 695 199 731 sumerent
213 683 343 741 impunitate
356 681 481 738 gauderent.
492 680 618 730 'Mittendos
634 682 723 739 quidem
737 701 762 729 ac
777 680 873 729 celeriter

89 755 207 804 mittendos
221 754 308 813 quantis
322 775 373 803 cum
387 754 486 812 equitum
499 774 524 802 ac
538 755 638 812 peditum
651 754 722 812 copiis
735 766 808 811 posset
821 773 874 801 con-

89 827 146 877 sules
158 827 241 883 ambos,
254 827 281 875 Α.
295 826 396 892 Hirtium
409 838 430 873 et
443 825 469 873 C.
482 825 581 881 Pansam,
595 840 617 874 et
629 840 681 875 cum
693 826 745 885 ipsis
758 825 874 874 Octavium

89 921 135 948 esse
145 900 237 948 dicebat.
247 891 352 958 Sperabat
361 900 420 948 enim
429 898 528 948 laturum
538 899 614 957 procul
625 900 700 953 dubio,
710 900 728 947 si
738 899 876 947 mitterentur

50 976 76 1025 ll}
91 986 170 1032 presto,
186 973 247 1032 quod
261 972 360 1031 lugerent
374 972 502 1027 Antonium,
518 972 631 1022 obsidione
646 972 747 1027 Decium,
759 984 819 1020 metu
829 990 875 1019 rem

90 1046 200 1105 publicam
213 1046 335 1095 liberarent.
349 1045 397 1093 Nec
410 1045 451 1093 ista
463 1045 486 1093 in
500 1064 523 1092 re
537 1044 614 1094 melius
628 1065 674 1094 esse
688 1046 806 1104 quicquam
820 1044 876 1092 cele-

90 1119 153 1168 ritate
160 1118 257 1176 putabat,
266 1118 326 1176 quod
334 1118 424 1167 Antonii
435 1118 555 1177 potentiam
568 1118 644 1167 dietim
655 1118 722 1179 magis
733 1131 799 1176 atque
809 1117 876 1175 magis

91 1209 176 1251 augere,
191 1191 253 1240 Bruti
265 1210 316 1240 vero
329 1191 422 1241 diminui
436 1211 497 1250 spem
509 1211 534 1241 ac
548 1192 603 1241 vires
616 1192 708 1259 audiret.

135 1264 179 1312 Sed
190 1265 280 1321 pervicit
291 1265 387 1318 tandem,
399 1277 425 1313 ut
436 1265 566 1331 plerumque
578 1265 609 1319 fit,
622 1285 646 1313 ea
658 1265 764 1314 sententia
777 1284 832 1322 quae
843 1263 875 1311 uti

53 1339 78 1387 15
94 1357 140 1386 esse
160 1337 227 1385 tutior
247 1335 321 1388 multis
341 1338 370 1385 ita
391 1336 491 1386 Ciceroni
511 1337 652 1395 periculosior
672 1336 794 1386 videbatur.
805 1335 876 1397 Missi

94 1431 187 1470 nanque,
198 1410 237 1459 sed
247 1410 315 1459 invito
325 1423 347 1459 et
355 1410 483 1459 adversante
494 1410 606 1466 Cicerone,
615 1411 679 1469 legati
690 1424 741 1460 sunt
750 1410 779 1459 ad
788 1409 822 1458 Μ.
831 1409 877 1457 hn-

93 1484 186 1537 tonium,
197 1497 222 1531 ut
235 1484 311 1540 quavis
321 1483 450 1532 condicione
463 1483 536 1542 ipsum
547 1484 576 1533 ad
588 1504 666 1541 pacem
676 1485 816 1537 adducerent,
829 1482 877 1531 Ser.

94 1555 212 1614 Sulpicius,
222 1555 248 1603 L.
257 1555 377 1613 Philippus,
388 1555 414 1603 L.
423 1554 479 1611 Piso,
487 1556 648 1605 honoratissimi
656 1557 713 1605 cives
724 1562 745 1604 et
756 1553 877 1604 consulares

80 1630 81 1633 ’
93 1627 141 1676 viri.
154 1627 215 1686 lpsos
225 1647 276 1677 vero
285 1626 454 1686 haudquaquam
464 1648 525 1677 secus
536 1649 602 1687 quam
612 1642 668 1678 esset
678 1649 690 1678 a
702 1628 806 1678 Cicerone
816 1646 878 1686 prae·

53 1701 81 1747 20
96 1700 180 1748 dictum
201 1701 284 1759 excepit
304 1700 420 1749 Antonius.
442 1701 580 1760 Contempsit
600 1702 691 1761 quidem
706 1702 754 1750 illos
769 1713 835 1759 atque
850 1701 891 1748 ita·

95 1773 226 1832 contempsit
238 1772 298 1833 quod
309 1773 433 1822 videntibus
448 1774 501 1832 ipsis
512 1774 541 1823 ad
552 1775 694 1833 ignominiam
709 1785 819 1833 quassaret
834 1784 879 1821 tor-

95 1847 174 1894 mentis
184 1848 269 1894 moenia
278 1847 377 1896 civitatis.
387 1847 435 1895 Hac
443 1868 495 1896 vero
504 1849 544 1896 ista
553 1849 577 1896 in
586 1848 693 1906 legatione
702 1848 819 1906 Sulpicius,
829 1865 880 1914 cunr

96 1919 163 1988 senio,
178 1932 227 1968 tum
240 1918 359 1969 valitudine
374 1919 428 1969 mala
443 1940 559 1979 oppressus
574 1921 684 1971 occubuit.
703 1921 751 1971 Sibi
765 1934 839 1970 autem
853 1920 880 1985 de

96 1990 184 2047 publico
196 1992 225 2040 ad
237 1992 363 2040 memoriam
376 1992 480 2041 Cicerone
492 2006 579 2042 auctore
591 2014 643 2043 cum
656 1995 685 2043 ad
697 1995 776 2043 urbem
787 1992 880 2051 collegae

54 2062 82 2111 25
98 2063 207 2113 reinlecta
215 2065 327 2120 redissent,
335 2077 404 2113 statua
412 2065 518 2123 pedestris
526 2079 596 2115 erecta
604 2079 643 2115 est.
714 2115 715 2118 ,

139 2136 238 2192 Deinde,
247 2157 318 2195 neque
331 2137 408 2196 perdiu
423 2151 479 2196 post,
494 2139 576 2188 mentio
591 2140 613 2188 in
628 2152 704 2188 senatu
719 2152 751 2187 est
765 2139 792 2187 de
807 2138 881 2197 legatis

97 2209 177 2256 iterum
188 2228 228 2266 pro
239 2230 292 2267 pace
304 2210 415 2258 mittendis
426 2211 455 2259 ad
466 2211 588 2259 Antonium
600 2232 625 2260 ac
638 2212 768 2260 nominatim
780 2211 807 2259 de
818 2210 882 2259 Cice-

97 2299 150 2330 rone
166 2281 194 2330 ad
210 2302 258 2332 eam
274 2300 320 2332 rem
337 2282 452 2341 deligendo
468 2296 522 2334 orta.
539 2283 612 2334 Huius
629 2285 750 2334 sententiae
764 2283 881 2334 Antoniani

97 2368 195 2405 auctores
212 2369 280 2405 erant.
298 2356 342 2406 Illis
359 2356 423 2406 etiam
440 2357 477 2416 qui
493 2370 538 2406 erat
553 2356 636 2413 consul,
654 2357 681 2406 C.
698 2356 773 2412 Pansa,
789 2356 882 2406 favebat.

57 2425 85 2474 30
100 2426 182 2478 Contra
200 2448 251 2478 vero
269 2428 425 2479 dissentiebant
443 2429 517 2489 aliqui,
536 2431 575 2479 sed
592 2431 745 2480 adversabatur
762 2443 813 2479 ante
830 2430 882 2479 alios

100 2500 185 2557 Cicero,
197 2514 245 2550 tum
257 2502 317 2561 quod
327 2502 368 2550 sibi
380 2502 525 2560 periculosum
536 2522 582 2551 esse
593 2503 682 2557 videret,
694 2504 711 2551 si
725 2504 845 2551 mitteretur
855 2502 884 2550 ad

99 2595 150 2624 eum
170 2595 266 2635 quocum
284 2575 410 2624 inimicicias
429 2588 511 2634 gereret
529 2575 639 2634 capitales,
658 2589 707 2625 tum
726 2575 786 2635 quod
805 2574 883 2624 frustra

100 2649 156 2697 mitti
174 2652 307 2708 quemquam
324 2650 353 2697 ad
370 2649 433 2698 illum
451 2651 488 2707 qui
505 2651 584 2698 missos
599 2649 663 2707 paulo
679 2662 730 2698 ante
745 2649 841 2707 egregios
860 2668 885 2697 ac

98 2721 224 2779 splendidos
233 2722 290 2768 viros
300 2721 409 2769 habuisset
418 2722 513 2770 ludibrio
523 2735 641 2779 reputaret.
708 2714 709 2717 Ἴ

56 2840 203 2850 ⁸——.-

99 2907 118 2953 4.
132 2908 179 2954 belli
198 2916 211 2954 ἰ,
231 2928 255 2962 r.;
273 2919 314 2954 erat
333 2908 417 2955 bellum.
476 2910 505 2955 ll.
524 2900 632 2965 quicquam
654 2910 768 2969 detentae)
788 2919 801 2955 ι’.
821 2931 845 2962 r.;
861 2931 884 2957 ex

57 2973 142 3023 putabat
152 2981 219 3021 statim
227 2993 275 3020 corr.
334 2975 363 3020 13.
372 2993 429 3029 spem
439 2994 461 3019 ac
471 2976 523 3021 vires
533 2982 547 3020 ι’.
554 2995 580 3027 r.,·
589 2995 612 3022 ex
621 2976 671 3022 vires
679 2975 756 3021 audiret
763 2984 830 3023 statim
837 2996 886 3023 corr.
