2093 3253
226 117 355 167 semitonum
370 135 495 167 ILLUSTRIUM
507 147 522 153 -
535 135 593 167 LIBER
607 136 651 167 VIII.
820 119 858 164 225

71 254 141 301 imum
160 248 319 298 adiumentum.
341 247 428 297 Horum
443 260 516 297 autem
532 269 544 297 e
559 267 651 297 numero
666 247 725 296 venit
738 259 789 295 ante
804 246 857 295 alios

74 324 140 387 lulius
149 320 278 371 Africanus.
293 322 369 381 Ipsum
381 322 576 372 enim't'estimonio
592 322 669 372 Isidori
680 320 749 371 fuisse
761 321 859 380 primum

72 399 109 458 qui
124 397 183 454 apud
194 395 284 444 Latinos
295 396 336 445 hoc
347 397 370 445 in
380 415 458 454 genere
469 395 497 445 sit
507 409 603 445 versatus
619 409 711 444 constat.
727 394 859 444 Sanctorum

73 489 161 532 quoque
177 471 200 517 in
217 468 329 527 chatalogo
346 470 420 529 ipsum
435 482 563 519 annumerat
581 468 728 527 Hieronymus
745 467 859 527 presbyter

48 549 59 597 5
76 542 213 599 eundemque
229 541 329 598 epistolas
342 542 453 599 scripsisse
465 554 487 589 et
499 542 526 590 de
538 541 649 590 Salvatore
666 542 694 589 ad
705 541 825 589 Aristidem
837 554 859 588 et

73 618 100 664 de
114 612 214 663 Susanna
224 613 253 661 ad
263 613 389 671 Origenem
400 609 550 662 libros'autem
561 614 588 662 de
599 613 747 672 Temporibus
760 613 859 673 quinque

74 686 145 737 refert.
154 686 256 736 Florebat
266 685 334 736 lulius
345 686 386 737 iste
394 706 444 736 cum
452 687 567 746 imperaret
574 680 610 736 M.
618 686 720 736 Aurelius
725 686 857 741 Antoninus,

74 762 101 809 ad
112 780 178 818 quem
188 779 274 807 summa
284 760 469 819 rerumMacrino
484 761 556 808 occiso
567 760 636 808 delata
647 772 687 808 est.
703 759 753 807 Hoc
768 759 858 818 quidem

74 833 115 881 sub
124 834 254 890 imperatore
263 850 353 879 munera
362 832 449 890 publica
459 832 513 880 obiit
522 845 543 880 et
552 832 683 880 Palestinam
692 833 714 879 in
724 832 859 890 provinciam

38 910 61 958 lt]
75 907 156 963 legatus
171 903 297 953 restauravit
313 904 391 952 urbem
408 925 464 963 quae
479 918 549 953 terrae
565 917 627 953 motu
648 904 742 963 collapsa
763 905 859 963 primum

74 980 160 1032 Emaus,
179 990 254 1035 postea
272 978 385 1035 Nicopolis
403 977 510 1035 appellata
524 991 564 1026 est.
690 982 693 987 ’

117 1050 275 1108 Memorandus
290 1050 325 1099 hic
334 1063 391 1099 esset
400 1051 507 1099 Eusebius
517 1052 535 1098 si
544 1052 628 1099 Latinis
638 1052 779 1099 commiscere
790 1050 859 1098 Grae-

76 1144 111 1171 cos
126 1124 211 1171 animus
227 1123 343 1171 statuisset.
354 1123 402 1171 Hoc
411 1125 485 1172 autem
494 1136 594 1172 nostrum
603 1124 631 1171 ad
640 1125 772 1192 institutum,
782 1125 805 1170 in
815 1123 860 1181 quo

76 1197 215 1244 nominantur
231 1196 269 1254 qui
281 1216 353 1245 rerum
364 1210 462 1256 tempora
472 1196 616 1252 tradiderunt,
628 1196 683 1245 illud
694 1196 808 1253 memorari
819 1217 859 1255 po-

39 1272 61 1321 li
76 1284 124 1325 test,
140 1269 200 1328 quod
215 1270 335 1318 Eusebium
348 1291 360 1318 e
374 1270 459 1318 Graeco
472 1270 495 1318 in
510 1269 614 1318 latinum
627 1270 776 1328 Hieronymus
788 1271 859 1317 vertit.

76 1342 125 1390 Fuit
140 1342 256 1401 Caesareae
273 1341 392 1391 Palestinae
407 1340 536 1391 venerabilis
553 1355 627 1401 pastor
643 1340 757 1390 Eusebius.
772 1340 859 1389 Litteris

75 1427 147 1463 autem
162 1414 259 1469 Graecis,
272 1415 333 1472 quod
344 1415 377 1463 vir
390 1414 486 1463 Graecus
499 1428 562 1470 esset,
575 1414 695 1463 librum'de
712 1413 860 1473 Temporibus

77 1487 151 1535 edidit.
166 1486 276 1547 Tempora
300 1488 389 1546 quidem
413 1505 485 1536 rerum
508 1507 563 1546 quae
587 1487 714 1536 mortalibus
738 1486 860 1538 evenissent

77 1561 147 1619 primo
162 1580 174 1607 a
188 1573 277 1618 parente
292 1560 387 1617 singulas
404 1579 442 1619 per
459 1561 615 1618 generationes,
632 1573 720 1614 aetates,
738 1580 805 1617 regna
822 1560 860 1607 de-

39 1634 65 1682 20
79 1633 190 1681 scendens
198 1634 226 1681 ad
236 1632 405 1682 Constantinum
414 1653 484 1693 usque
493 1633 599 1695 pervenit,
608 1632 672 1682 illum
680 1634 718 1693 qui
727 1633 782 1681 urbe
792 1632 861 1681 Roma

77 1706 150 1754 relicta
164 1706 294 1761 Bizantium,
313 1707 488 1766 antiquissimam
506 1705 613 1754 Thraciae
630 1707 747 1761 civitatem,
768 1705 861 1764 amplifi-

77 1779 132 1826 cavit
147 1779 282 1837 eandemque
294 1780 406 1827 constituit
419 1780 504 1837 imperii
517 1779 609 1827 Romani
622 1779 697 1827 sedem
708 1798 733 1826 ac
745 1798 785 1826 suo
798 1799 809 1826 e
822 1799 861 1826 no-

77 1850 135 1898 mine
149 1849 363 1909 Constantinopolim
379 1849 503 1909 appellavit.
520 1850 599 1909 Neque
616 1870 667 1899 vero
683 1842 779 1899 traduxit
796 1851 862 1899 modo

77 1922 222 1981 Hieronymus
237 1924 260 1972 in
276 1923 379 1973 Latinum
400 1943 456 1983 quae
477 1924 597 1983 scripsisset
619 1923 725 1973 Eusebius
747 1924 786 1972 sed
807 1945 862 1983 quae

39 1995 63 2042 25
78 1997 165 2044 deerant
185 1996 269 2044 Latinis
283 1997 311 2044 de
328 1997 392 2045 rebus
409 2017 453 2045 non
470 2017 538 2054 pauca
555 1997 646 2046 addidit.
666 1997 787 2045 Immiscuit
803 1997 862 2045 enim

77 2066 118 2115 illis
132 2068 245 2126 complura
256 2089 311 2128 quae
322 2069 443 2118 Romanam
458 2069 486 2118 ad
497 2088 543 2117 rem
554 2070 687 2128 pertinerent
703 2082 724 2117 et
735 2070 814 2117 omissa
825 2068 865 2117 illo

76 2161 87 2186 a
103 2139 187 2189 Graeco
202 2161 249 2189 esse
259 2142 284 2190 ac
294 2141 359 2200 digna
371 2143 474 2191 memoria
485 2142 617 2191 viderentur.
629 2142 661 2191 Eo
672 2161 759 2200 nanque
770 2152 796 2191 'ex
806 2141 862 2190 libro

76 2213 113 2271 qui
129 2214 218 2264 Latinae
238 2215 353 2274 presertim
373 2216 403 2263 rei
424 2229 545 2264 memorant
561 2217 685 2274 quicquam,
702 2217 803 2274 ipsumne
818 2215 862 2264 Eu·

77 2286 162 2336 sebium
172 2302 283 2336 auctorem
295 2289 366 2336 dicere
376 2309 404 2337 an
415 2289 576 2345 Hieronymum
587 2288 687 2342 debeant,
699 2309 749 2336 sum
759 2288 862 2340 incertus,

40 2354 65 2400 30
79 2359 138 2416 quod
153 2356 221 2409 multa
233 2360 276 2408 sint
288 2379 301 2407 a
314 2360 449 2418 Hieronymo
460 2360 535 2409 addita
547 2381 603 2419 quae
619 2361 700 2418 scripta
711 2380 758 2408 esse
775 2361 823 2419 ipso
835 2360 863 2408 ab

78 2429 172 2481 Eusebio
182 2433 303 2483 videantur.
314 2433 402 2483 Eusebii
412 2454 500 2493 quoque
509 2435 599 2492 vestigia
609 2436 705 2483 imitatus
715 2434 863 2492 Hieronymus

77 2503 160 2553 addidit
169 2526 225 2565 quae
234 2506 262 2562 ad
271 2506 385 2555 Valentem
394 2527 464 2565 usque
473 2519 523 2564 post
533 2506 703 2567 Constantinum
712 2519 835 2555 evenerant.

42 2608 176 2623 &Q—

89 2675 104 2711 Ζ.
119 2676 157 2713 lsid.
171 2677 230 2715 Chron.
242 2676 297 2720 Praes.
311 2677 396 2723 (83.l0l8
409 2677 479 2723 Migne).
529 2679 546 2714 4.
559 2677 627 2714 Hieron.
642 2678 676 2716 Vtr.
689 2678 716 2716 Ill.
729 2677 757 2716 63.

44 2767 177 2783 x*—

92 2833 122 2878 10.
137 2832 168 2880 Ex
182 2834 260 2890 colapsa
274 2853 322 2879 corr.
381 2834 411 2880 19.
420 2834 523 2891 (s)ingulas
534 2842 546 2880 ι’.
557 2854 573 2879 r.
628 2836 661 2880 28.
671 2833 702 2881 Ex
712 2846 808 2880 memorat
816 2853 864 2880 corr.

40 2893 70 2939 30.
85 2899 145 2944 multa
158 2908 172 2946 ι’.
187 2921 209 2952 r.;
224 2910 267 2946 erut
281 2899 384 2956 pluraque.

76 3050 94 3085 u
