2093 3253
251 158 382 190 SCRIP'IORUM
396 157 519 190 ILLUSTRIUM
532 170 546 175 -
560 158 618 190 LIBER
631 159 676 189 XIII.
835 144 874 191 375

93 274 140 334 capi
158 272 263 333 oppidani
279 286 387 332 putarent.
405 272 500 332 Regibus
518 273 576 323 enirn
593 274 631 333 qui
648 287 698 323 ante
716 273 825 324 Romanos
842 274 878 325 illa

92 360 206 404 tenuerant
222 347 269 395 loca
279 360 385 406 >paruerat
402 367 522 406 nunquam.
540 347 689 396 Romanorum
706 361 779 396 autern
796 349 879 397 inimici

94 433 161 475 erant,
177 420 350 478 Parthorumque
363 419 487 475 adventum,
502 432 527 468 ut
541 415 665 468 Romanum
679 420 795 479 pelleretur
809 421 879 479 impe-

94 494 158 549 rium,
171 514 236 553 quam
248 494 342 542 maximo
360 505 444 551 poterat
462 507 572 553 apparatu,
584 494 670 553 gaudio,
683 494 791 543 desiderio
802 514 879 553 expecu

68 569 80 617 5
96 580 156 615 rarat.
173 566 235 614 Hanc
250 566 327 615 Cicero
338 579 417 614 terram
429 567 528 620 hostilem
540 568 560 616 vi
571 580 593 616 et
603 581 649 616 arte
660 568 757 615 Romana
769 587 820 615 usus
832 567 880 615 valo

93 659 118 687 ac
133 638 191 687 lossa
203 639 270 687 cinxit
282 639 402 697 erectisque
414 639 510 688 turribus
523 651 544 688 et
558 640 662 689 machinis
675 640 773 698 undique
786 640 879 688 admotis

59 765 61 770 .
94 711 198 760 continua
211 712 372 770 oppugnatione
385 711 473 759 tandem
486 713 578 771 septimo
591 725 612 760 et
625 712 807 772 quinquagesimo
820 711 879 759 obsi·

59 837 61 840 ,
95 784 165 833 dionis
180 784 215 832 die
230 784 296 843 cepit.
311 784 434 833 Thebarani
449 805 507 840 vero,
523 784 633 834 Pindiniso
648 784 720 839 vicini,
735 785 804 834 aliena
818 785 879 833 clade

94 858 189 917 perteriti
205 857 263 907 nulla
277 871 386 918 expectata
400 858 513 911 obsidione
525 859 547 907 in
568 859 707 913 deditionem,
722 872 746 907 ut
759 859 879 907 Romanam

31 986 32 991 ¹
57 931 266 984 IOmisericordiam
283 933 355 988 potius
374 951 440 988 quarn
457 932 502 979 vim
519 933 673 988 experirentur,
691 931 748 978 ultro
766 943 879 979 venerunt.

138 1003 219 1052 Romae
231 1017 304 1052 autem
316 1003 354 1052 ubi
368 1003 420 1052 haec
433 1004 533 1053 nunciata
545 1017 596 1052 sunt
609 1003 703 1062 (scripsit
716 1004 774 1052 enirn
786 1003 814 1052 ad
827 1024 879 1052 con-

96 1077 155 1125 sules'
168 1090 193 1124 et·
204 1089 304 1126 senatum
318 1078 421 1135 primum,
437 1077 516 1125 deinde
530 1077 631 1134 privatim
645 1076 673 1124 ad
688 1076 722 1124 M.
738 1076 844 1125 Catonern
859 1090 880 1124 et

96 1151 177 1197 amicos
191 1149 284 1206 Cicero),
299 1168 369 1196 sermo
383 1149 469 1197 habitus
482 1162 514 1196 est
527 1169 552 1196 ac
565 1149 698 1206 postulatum
711 1168 750 1205 per
763 1150 843 1197 amicos
856 1162 880 1197 ut

97 1223 124 1271 de
139 1222 238 1271 hostibus
255 1223 317 1270 victis
335 1234 421 1269 senatus
439 1234 460 1270 et
478 1220 645 1279 supplicationes
663 1214 821 1270 immortalibus
839 1221 880 1270 diis

57 1296 81 1346 15
97 1296 203 1344 maiorum
214 1315 225 1343 e
236 1314 295 1343 more
306 1294 430 1343 decerneret
440 1307 461 1343 et
471 1293 579 1349 Ciceroni,
589 1315 640 1343 curn
650 1294 736 1349 rediret,
747 1294 881 1352 triumphare

95 1368 175 1417 liceret.
186 1367 235 1415 Diis
245 1368 334 1425 quidem
343 1366 511 1425 supplicationes
521 1367 567 1414 sine
577 1366 679 1414 dilatione
688 1366 793 1421 decretae
803 1367 880 1414 trium-

95 1440 134 1499 phi
150 1459 201 1489 vero
209 1459 258 1498 spes
267 1449 338 1488 'suum
353 1439 381 1487 ad
397 1439 491 1487 reditum
506 1438 577 1497 ample
593 1439 649 1493 data;
665 1452 779 1497 apparatus
793 1459 881 1497 quoque

95 1513 153 1563 haud
169 1512 222 1561 nulli
238 1512 285 1560 fieri
299 1512 328 1560 ad
342 1512 447 1570 triumphi
462 1532 566 1571 pompam
580 1512 658 1570 coepti.
768 1571 770 1574 ι

138 1586 215 1634 Cicero
229 1598 303 1633 autem
317 1585 382 1633 rebus
396 1605 450 1642 quas
464 1585 508 1633 dixi
523 1605 599 1641 magna
614 1605 664 1633 cum
678 1585 766 1633 victoria
781 1599 801 1633 et
816 1586 879 1634 laude

53 1660 81 1708 20
96 1659 160 1716 gestis
169 1658 293 1722 exercitum,
300 1656 360 1716 quod
368 1657 411 1704 iam
419 1657 503 1705 adesset
510 1669 576 1715 atque
584 1669 669 1715 urgeret
678 1656 754 1713 hiems,
760 1658 783 1705 in
792 1657 881 1706 hiberna

95 1732 184 1781 dimisit.
196 1731 274 1790 Neque
285 1749 343 1785 vero,
355 1731 387 1778 uti
398 1731 559 1778 consuevissent
571 1731 609 1789 qui
620 1743 670 1778 ante
681 1731 820 1788 proconsules
831 1730 879 1779 fue-

94 1818 149 1859 rant,
162 1804 264 1863 pecunias
276 1802 420 1861 locupletibus
432 1803 523 1852 urbibus
536 1823 563 1851 ne
575 1803 603 1852 ad
614 1823 649 1851 eas
669 1802 744 1860 copiae
755 1804 778 1851 in
791 1803 880 1852 hiberna

95 1877 231 1926 mitterentur
246 1876 341 1925 extorsit.
352 1875 397 1924 Sed
408 1875 486 1925 milites
496 1876 526 1924 ita
536 1875 646 1924 distribuit
657 1888 681 1923 ut
691 1875 756 1924 simul
767 1888 788 1924 et
799 1877 880 1935 praesi-

95 1950 132 2008 dio
145 1970 192 2000 esse
207 1949 259 1999 locis
272 1950 378 2009 suspectis
392 1961 480 2008 possent
494 1961 515 1999 et
528 1948 647 2008 praefectos
661 1948 765 1999 haberent
784 1949 821 2009 qui
843 1961 880 1998 eos'

55 2023 82 2071 25
96 2043 109 2070 a
123 2023 203 2083 rapinis
216 2035 237 2070 et
249 2023 309 2071 omni
321 2022 486 2081 provincialium
497 2022 575 2071 iniuria
586 2022 729 2070 continerent.
742 2022 784 2071 Res
797 2022 880 2081 quietas

94 2108 162 2145 totam
177 2113 215 2152 per
231 2095 416 2143 hiemem-Cilicia
432 2095 514 2143 habuit.
530 2095 613 2143 Rumor
628 2107 701 2143 tamen
717 2109 738 2144 et
753 2114 820 2153 pavor
830 2096 879 2153 qui-

95 2168 145 2218 dam
160 2181 205 2217 erat
218 2166 319 2217 futurum
334 2179 413 2216 aestate
428 2167 526 2226 proxima
540 2179 565 2215 ut
579 2167 674 2216 redirent
689 2167 769 2217 Parthi.
786 2168 880 2217 Litterae

94 2255 168 2291 autern
181 2241 263 2289 interea
277 2254 328 2290 sunt
341 2261 353 2289 a
367 2239 472 2289 Cicerone
486 2240 578 2289 Romam
590 2240 618 2289 ad
629 2239 755 2295 Curionem,
766 2240 880 2290 tribunum

95 2314 171 2371 plebis,
180 2315 318 2372 privatosque
329 2313 410 2360 amicos
420 2312 542 2371 complures
554 2314 638 2360 missae.
649 2311 730 2360 Earum
740 2332 825 2360 summa
836 2326 880 2360 erat

55 2385 83 2434 30
97 2386 158 2446 quod
171 2407 208 2435 eos
224 2383 291 2434 multa
301 2403 364 2445 prece
375 2397 497 2444 precaretur
507 2397 606 2434 curarent
616 2384 705 2433 omnino
721 2384 781 2445 quod
795 2404 880 2433 succes-

95 2476 130 2506 sor
145 2460 164 2506 ei
180 2459 302 2508 mitteretur
318 2470 398 2517 presto,
409 2459 526 2517 imperium
541 2472 614 2508 autem
630 2458 671 2506 sibi
687 2460 797 2516 prorogari
811 2458 880 2507 nulla-

94 2541 158 2579 tenus
170 2543 305 2590 paterentur.
319 2531 397 2579 Redire
409 2551 496 2591 nanque
508 2524 600 2579 Romam
612 2551 678 2590 quam
690 2532 786 2589 primum
797 2532 881 2579 adesset

97 2604 147 2651 anni
162 2604 211 2652 finis
226 2604 322 2652 decrevit
337 2604 434 2659 omnino,
448 2617 497 2653 turn
511 2616 599 2662 propter
613 2604 736 2652 sacietatem
750 2605 879 2663 provinciae,

97 2695 152 2733 quae
166 2676 207 2724 sibi
223 2676 329 2724 laboriosa
341 2689 398 2724 esset
408 2690 474 2735 atque
487 2675 582 2731 molesta,
595 2690 643 2725 tum
654 2676 715 2736 quod
726 2690 782 2725 esset
794 2676 881 2725 laudem

57 2745 84 2794 35
99 2746 158 2797 illam
173 2749 321 2809 honoremque
333 2769 358 2798 ac
371 2748 452 2798 lainam
464 2761 592 2798 consecutus
606 2749 643 2808 qui
657 2749 749 2798 diminui
762 2750 834 2808 potius
848 2768 881 2798 re-

55 2864 196 2875 ———.

94 2930 113 2974 ὃ.
121 2932 173 2984 cepit
180 2937 193 2977 i.
202 2949 224 2982 r.;
233 2941 275 2976 erat
283 2931 362 2991 coepit?
413 2928 445 2975 24.
460 2948 502 2975 esse
514 2948 559 2975 sacr.
609 2931 641 2976 34.
649 2929 675 2974 ad
681 2940 726 2975 ante
739 2929 818 2976 laudern
830 2948 880 2975 eras·
