<?xml version="1.0" encoding="UTF-8"?>
<!DOCTYPE html PUBLIC "-//W3C//DTD XHTML 1.0 Transitional//EN"
    "http://www.w3.org/TR/xhtml1/DTD/xhtml1-transitional.dtd">
<html xmlns="http://www.w3.org/1999/xhtml" xml:lang="en" lang="en">
 <head>
  <title>
</title>
<meta http-equiv="Content-Type" content="text/html;charset=utf-8" />
  <meta name='ocr-system' content='tesseract 3.04.00' />
  <meta name='ocr-capabilities' content='ocr_page ocr_carea ocr_par ocr_line ocrx_word'/>
</head>
<body>
  <div class='ocr_page' id='page_1' title='image "MN40033ucmf_2_0259.png"; bbox 0 0 2093 3253; ppageno 0'>
   <div class='ocr_carea' id='block_1_1' title="bbox 263 113 878 159">
    <p class='ocr_par' dir='ltr' id='par_1_1' title="bbox 263 113 878 159">
     <span class='ocr_line' id='line_1_1' title="bbox 263 113 878 159; baseline 0 -1"><span class='ocrx_word' id='word_1_1' title='bbox 263 127 392 159; x_wconf 73' lang='lat' dir='ltr'>scurronum</span> <span class='ocrx_word' id='word_1_2' title='bbox 406 127 531 159; x_wconf 77' lang='lat' dir='ltr'>ittusrnrutrt</span> <span class='ocrx_word' id='word_1_3' title='bbox 544 139 558 143; x_wconf 91' lang='lat'>—</span> <span class='ocrx_word' id='word_1_4' title='bbox 572 128 629 159; x_wconf 77' lang='lat' dir='ltr'>urata</span> <span class='ocrx_word' id='word_1_5' title='bbox 644 128 671 159; x_wconf 89' lang='lat' dir='ltr'>vr.</span> <span class='ocrx_word' id='word_1_6' title='bbox 842 113 878 158; x_wconf 84' lang='grc'>185</span> 
     </span>
    </p>
   </div>
   <div class='ocr_carea' id='block_1_2' title="bbox 59 241 884 1680">
    <p class='ocr_par' dir='ltr' id='par_1_2' title="bbox 83 241 879 521">
     <span class='ocr_line' id='line_1_2' title="bbox 83 241 878 307; baseline -0.011 -9"><span class='ocrx_word' id='word_1_7' title='bbox 83 293 84 298; x_wconf 73' lang='grc'>,</span> <span class='ocrx_word' id='word_1_8' title='bbox 95 247 197 307; x_wconf 81' lang='lat' dir='ltr'>explicata</span> <span class='ocrx_word' id='word_1_9' title='bbox 211 243 304 293; x_wconf 89' lang='lat' dir='ltr'>narratio</span> <span class='ocrx_word' id='word_1_10' title='bbox 317 255 339 291; x_wconf 86' lang='lat' dir='ltr'>et</span> <span class='ocrx_word' id='word_1_11' title='bbox 352 243 414 300; x_wconf 86' lang='lat' dir='ltr'>copia</span> <span class='ocrx_word' id='word_1_12' title='bbox 427 241 539 297; x_wconf 76' lang='lat' dir='ltr'><strong>fastidiret,</strong></span> <span class='ocrx_word' id='word_1_13' title='bbox 554 242 576 290; x_wconf 87' lang='lat' dir='ltr'>bi</span> <span class='ocrx_word' id='word_1_14' title='bbox 591 242 694 291; x_wconf 87' lang='lat' dir='ltr'>brevitate</span> <span class='ocrx_word' id='word_1_15' title='bbox 708 241 825 299; x_wconf 80' lang='lat' dir='ltr'>gauderent</span> <span class='ocrx_word' id='word_1_16' title='bbox 838 243 878 289; x_wconf 80' lang='lat' dir='ltr'>ista</span> 
     </span>
     <span class='ocr_line' id='line_1_3' title="bbox 95 314 879 379; baseline -0.006 -9"><span class='ocrx_word' id='word_1_17' title='bbox 95 324 160 379; x_wconf 83' lang='lat' dir='ltr'>atque</span> <span class='ocrx_word' id='word_1_18' title='bbox 171 317 237 367; x_wconf 91' lang='lat' dir='ltr'>veluti</span> <span class='ocrx_word' id='word_1_19' title='bbox 249 334 322 365; x_wconf 87' lang='lat' dir='ltr'>rerum</span> <span class='ocrx_word' id='word_1_20' title='bbox 333 316 432 364; x_wconf 91' lang='lat' dir='ltr'>omnium</span> <span class='ocrx_word' id='word_1_21' title='bbox 443 316 545 365; x_wconf 88' lang='lat' dir='ltr'>nucleum</span> <span class='ocrx_word' id='word_1_22' title='bbox 556 316 630 374; x_wconf 85' lang='lat' dir='ltr'>paucis</span> <span class='ocrx_word' id='word_1_23' title='bbox 642 315 757 364; x_wconf 91' lang='lat' dir='ltr'>collectum</span> <span class='ocrx_word' id='word_1_24' title='bbox 768 314 879 365; x_wconf 85' lang='lat' dir='ltr'>haberent.</span> 
     </span>
     <span class='ocr_line' id='line_1_4' title="bbox 98 385 879 446; baseline -0.009 -6"><span class='ocrx_word' id='word_1_25' title='bbox 98 391 154 440; x_wconf 85' lang='lat' dir='ltr'>Flori</span> <span class='ocrx_word' id='word_1_26' title='bbox 169 408 256 446; x_wconf 90' lang='lat' dir='ltr'>nanque</span> <span class='ocrx_word' id='word_1_27' title='bbox 271 405 335 445; x_wconf 88' lang='lat' dir='ltr'>opera</span> <span class='ocrx_word' id='word_1_28' title='bbox 351 388 429 445; x_wconf 87' lang='lat' dir='ltr'>scripta</span> <span class='ocrx_word' id='word_1_29' title='bbox 444 388 489 436; x_wconf 90' lang='lat' dir='ltr'>duo</span> <span class='ocrx_word' id='word_1_30' title='bbox 504 400 584 436; x_wconf 83' lang='lat' dir='ltr'>extant.</span> <span class='ocrx_word' id='word_1_31' title='bbox 601 387 653 436; x_wconf 91' lang='lat' dir='ltr'>Uno</span> <span class='ocrx_word' id='word_1_32' title='bbox 675 387 764 444; x_wconf 89' lang='lat' dir='ltr'>quidem</span> <span class='ocrx_word' id='word_1_33' title='bbox 781 385 809 434; x_wconf 86' lang='lat' dir='ltr'>T.</span> <span class='ocrx_word' id='word_1_34' title='bbox 822 386 879 434; x_wconf 90' lang='lat' dir='ltr'>Livii</span> 
     </span>
     <span class='ocr_line' id='line_1_5' title="bbox 96 458 879 521; baseline -0.008 -8"><span class='ocrx_word' id='word_1_35' title='bbox 96 463 169 517; x_wconf 82' lang='lat' dir='ltr'>libros,</span> <span class='ocrx_word' id='word_1_36' title='bbox 185 460 230 521; x_wconf 86' lang='lat' dir='ltr'>qui,</span> <span class='ocrx_word' id='word_1_37' title='bbox 246 473 271 510; x_wconf 91' lang='lat' dir='ltr'>ut</span> <span class='ocrx_word' id='word_1_38' title='bbox 291 459 342 514; x_wconf 82' lang='lat' dir='ltr'>dixi,</span> <span class='ocrx_word' id='word_1_39' title='bbox 359 472 380 508; x_wconf 91' lang='lat' dir='ltr'>et</span> <span class='ocrx_word' id='word_1_40' title='bbox 396 458 459 509; x_wconf 89' lang='lat' dir='ltr'>rebus</span> <span class='ocrx_word' id='word_1_41' title='bbox 482 461 553 519; x_wconf 79' lang='lat' dir='ltr'>magni</span> <span class='ocrx_word' id='word_1_42' title='bbox 572 473 594 509; x_wconf 89' lang='lat' dir='ltr'>et</span> <span class='ocrx_word' id='word_1_43' title='bbox 616 478 707 508; x_wconf 90' lang='lat' dir='ltr'>numero</span> <span class='ocrx_word' id='word_1_44' title='bbox 727 459 789 508; x_wconf 91' lang='lat' dir='ltr'>multi</span> <span class='ocrx_word' id='word_1_45' title='bbox 808 471 879 507; x_wconf 85' lang='lat' dir='ltr'>essent</span> 
     </span>
    </p>

    <p class='ocr_par' dir='ltr' id='par_1_3' title="bbox 71 532 881 883">
     <span class='ocr_line' id='line_1_6' title="bbox 71 532 880 596; baseline -0.009 -9"><span class='ocrx_word' id='word_1_46' title='bbox 71 541 83 590; x_wconf 84' lang='grc'><em>5</em></span> <span class='ocrx_word' id='word_1_47' title='bbox 98 551 162 596; x_wconf 92' lang='lat' dir='ltr'>atque</span> <span class='ocrx_word' id='word_1_48' title='bbox 175 535 210 583; x_wconf 91' lang='lat' dir='ltr'>illa</span> <span class='ocrx_word' id='word_1_49' title='bbox 221 546 289 582; x_wconf 89' lang='lat' dir='ltr'>aetate</span> <span class='ocrx_word' id='word_1_50' title='bbox 301 533 378 592; x_wconf 83' lang='lat' dir='ltr'>integri</span> <span class='ocrx_word' id='word_1_51' title='bbox 391 532 527 588; x_wconf 83' lang='lat' dir='ltr'>haberentur,</span> <span class='ocrx_word' id='word_1_52' title='bbox 539 534 568 583; x_wconf 89' lang='lat' dir='ltr'>ita</span> <span class='ocrx_word' id='word_1_53' title='bbox 580 533 665 592; x_wconf 83' lang='lat' dir='ltr'>collegit</span> <span class='ocrx_word' id='word_1_54' title='bbox 676 546 741 592; x_wconf 90' lang='lat' dir='ltr'>atque</span> <span class='ocrx_word' id='word_1_55' title='bbox 753 533 880 591; x_wconf 82' lang='lat' dir='ltr'>compressit</span> 
     </span>
     <span class='ocr_line' id='line_1_7' title="bbox 97 605 880 668; baseline -0.006 -11"><span class='ocrx_word' id='word_1_56' title='bbox 97 608 157 668; x_wconf 89' lang='lat' dir='ltr'>quod</span> <span class='ocrx_word' id='word_1_57' title='bbox 167 607 336 664; x_wconf 85' lang='lat' dir='ltr'>haudquaquam</span> <span class='ocrx_word' id='word_1_58' title='bbox 346 626 401 664; x_wconf 92' lang='lat' dir='ltr'>quae</span> <span class='ocrx_word' id='word_1_59' title='bbox 411 605 534 654; x_wconf 88' lang='lat' dir='ltr'>dicerentur</span> <span class='ocrx_word' id='word_1_60' title='bbox 543 627 556 654; x_wconf 90' lang='lat' dir='ltr'>a</span> <span class='ocrx_word' id='word_1_61' title='bbox 567 606 629 654; x_wconf 89' lang='lat' dir='ltr'>Livio</span> <span class='ocrx_word' id='word_1_62' title='bbox 639 607 678 654; x_wconf 91' lang='lat' dir='ltr'>sed</span> <span class='ocrx_word' id='word_1_63' title='bbox 688 605 767 664; x_wconf 89' lang='lat' dir='ltr'>quibus</span> <span class='ocrx_word' id='word_1_64' title='bbox 778 606 805 654; x_wconf 92' lang='lat' dir='ltr'>de</span> <span class='ocrx_word' id='word_1_65' title='bbox 815 605 880 653; x_wconf 89' lang='lat' dir='ltr'>rebus</span> 
     </span>
     <span class='ocr_line' id='line_1_8' title="bbox 97 677 880 738; baseline -0.005 -9"><span class='ocrx_word' id='word_1_66' title='bbox 97 681 151 729; x_wconf 93' lang='lat' dir='ltr'>liber</span> <span class='ocrx_word' id='word_1_67' title='bbox 168 677 334 738; x_wconf 80' lang='lat' dir='ltr'>quisqueLivii</span> <span class='ocrx_word' id='word_1_68' title='bbox 351 677 475 736; x_wconf 90' lang='lat' dir='ltr'>loqueretur</span> <span class='ocrx_word' id='word_1_69' title='bbox 492 677 552 727; x_wconf 92' lang='lat' dir='ltr'>brevi</span> <span class='ocrx_word' id='word_1_70' title='bbox 569 678 700 737; x_wconf 87' lang='lat' dir='ltr'>epitbomate</span> <span class='ocrx_word' id='word_1_71' title='bbox 717 697 880 736; x_wconf 81' lang='lat' dir='ltr'>cognoscamus.</span> 
     </span>
     <span class='ocr_line' id='line_1_9' title="bbox 97 750 881 810; baseline -0.004 -8"><span class='ocrx_word' id='word_1_72' title='bbox 97 753 171 802; x_wconf 79' lang='lat' dir='ltr'>Altero</span> <span class='ocrx_word' id='word_1_73' title='bbox 185 764 258 801; x_wconf 86' lang='lat' dir='ltr'>autem</span> <span class='ocrx_word' id='word_1_74' title='bbox 272 751 294 799; x_wconf 94' lang='lat' dir='ltr'>in</span> <span class='ocrx_word' id='word_1_75' title='bbox 308 770 373 809; x_wconf 88' lang='lat' dir='ltr'>opere</span> <span class='ocrx_word' id='word_1_76' title='bbox 387 750 435 799; x_wconf 88' lang='lat' dir='ltr'>libri</span> <span class='ocrx_word' id='word_1_77' title='bbox 450 764 552 810; x_wconf 86' lang='lat' dir='ltr'>quattuor</span> <span class='ocrx_word' id='word_1_78' title='bbox 565 765 623 801; x_wconf 91' lang='lat' dir='ltr'>sunt.</span> <span class='ocrx_word' id='word_1_79' title='bbox 637 751 753 801; x_wconf 86' lang='lat' dir='ltr'>Exorditur</span> <span class='ocrx_word' id='word_1_80' title='bbox 766 751 855 810; x_wconf 88' lang='lat' dir='ltr'>quidem</span> <span class='ocrx_word' id='word_1_81' title='bbox 868 771 881 799; x_wconf 87' lang='lat' dir='ltr'>a</span> 
     </span>
     <span class='ocr_line' id='line_1_10' title="bbox 99 823 881 883; baseline -0.003 -9"><span class='ocrx_word' id='word_1_82' title='bbox 99 825 199 879; x_wconf 86' lang='lat' dir='ltr'>Romulo,</span> <span class='ocrx_word' id='word_1_83' title='bbox 214 824 274 872; x_wconf 92' lang='lat' dir='ltr'>urbis</span> <span class='ocrx_word' id='word_1_84' title='bbox 287 824 358 882; x_wconf 89' lang='lat' dir='ltr'>primo</span> <span class='ocrx_word' id='word_1_85' title='bbox 370 823 482 872; x_wconf 88' lang='lat' dir='ltr'>conditore</span> <span class='ocrx_word' id='word_1_86' title='bbox 494 844 518 872; x_wconf 88' lang='lat' dir='ltr'>ac</span> <span class='ocrx_word' id='word_1_87' title='bbox 530 842 586 882; x_wconf 85' lang='lat' dir='ltr'>rege,</span> <span class='ocrx_word' id='word_1_88' title='bbox 599 838 620 873; x_wconf 90' lang='lat' dir='ltr'>et</span> <span class='ocrx_word' id='word_1_89' title='bbox 632 844 687 883; x_wconf 91' lang='lat' dir='ltr'>quae</span> <span class='ocrx_word' id='word_1_90' title='bbox 699 825 742 873; x_wconf 92' lang='lat' dir='ltr'>sint</span> <span class='ocrx_word' id='word_1_91' title='bbox 754 824 832 873; x_wconf 93' lang='lat' dir='ltr'>deinde</span> <span class='ocrx_word' id='word_1_92' title='bbox 843 836 881 872; x_wconf 91' lang='lat' dir='ltr'>aut</span> 
     </span>
    </p>

    <p class='ocr_par' dir='ltr' id='par_1_4' title="bbox 61 896 882 1250">
     <span class='ocr_line' id='line_1_11' title="bbox 61 896 881 957; baseline -0.005 -7"><span class='ocrx_word' id='word_1_93' title='bbox 61 902 85 952; x_wconf 88' lang='lat' dir='ltr'>l0</span> <span class='ocrx_word' id='word_1_94' title='bbox 100 898 141 948; x_wconf 91' lang='lat' dir='ltr'>sub</span> <span class='ocrx_word' id='word_1_95' title='bbox 155 896 241 957; x_wconf 84' lang='lat' dir='ltr'>regibus</span> <span class='ocrx_word' id='word_1_96' title='bbox 248 911 286 946; x_wconf 90' lang='lat' dir='ltr'>aut</span> <span class='ocrx_word' id='word_1_97' title='bbox 293 896 335 946; x_wconf 90' lang='lat' dir='ltr'>sub</span> <span class='ocrx_word' id='word_1_98' title='bbox 342 896 467 947; x_wconf 90' lang='lat' dir='ltr'>consulibus</span> <span class='ocrx_word' id='word_1_99' title='bbox 475 897 541 947; x_wconf 91' lang='lat' dir='ltr'>libera</span> <span class='ocrx_word' id='word_1_100' title='bbox 549 899 633 948; x_wconf 85' lang='lat' dir='ltr'>civitate</span> <span class='ocrx_word' id='word_1_101' title='bbox 641 912 699 956; x_wconf 81' lang='lat' dir='ltr'>gesta</span> <span class='ocrx_word' id='word_1_102' title='bbox 707 900 729 947; x_wconf 93' lang='lat' dir='ltr'>in</span> <span class='ocrx_word' id='word_1_103' title='bbox 737 897 881 947; x_wconf 88' lang='lat' dir='ltr'>Octavianum</span> 
     </span>
     <span class='ocr_line' id='line_1_12' title="bbox 99 969 881 1030; baseline -0.004 -10"><span class='ocrx_word' id='word_1_104' title='bbox 99 991 167 1030; x_wconf 90' lang='lat' dir='ltr'>usque</span> <span class='ocrx_word' id='word_1_105' title='bbox 182 975 256 1019; x_wconf 81' lang='lat' dir='ltr'>ornate</span> <span class='ocrx_word' id='word_1_106' title='bbox 270 990 295 1018; x_wconf 92' lang='lat' dir='ltr'>ac</span> <span class='ocrx_word' id='word_1_107' title='bbox 314 969 407 1018; x_wconf 82' lang='lat' dir='ltr'>breviter</span> <span class='ocrx_word' id='word_1_108' title='bbox 426 971 532 1018; x_wconf 86' lang='lat' dir='ltr'>enarravit</span> <span class='ocrx_word' id='word_1_109' title='bbox 551 971 670 1029; x_wconf 90' lang='lat' dir='ltr'>eademque</span> <span class='ocrx_word' id='word_1_110' title='bbox 688 971 717 1018; x_wconf 88' lang='lat' dir='ltr'>ita</span> <span class='ocrx_word' id='word_1_111' title='bbox 736 971 841 1018; x_wconf 85' lang='lat' dir='ltr'>enarravit</span> <span class='ocrx_word' id='word_1_112' title='bbox 856 981 881 1017; x_wconf 86' lang='lat' dir='ltr'>ut</span> 
     </span>
     <span class='ocr_line' id='line_1_13' title="bbox 99 1042 882 1110; baseline -0.003 -18"><span class='ocrx_word' id='word_1_113' title='bbox 99 1044 136 1103; x_wconf 90' lang='lat' dir='ltr'>qui</span> <span class='ocrx_word' id='word_1_114' title='bbox 151 1042 207 1102; x_wconf 81' lang='lat' dir='ltr'>legat</span> <span class='ocrx_word' id='word_1_115' title='bbox 222 1043 290 1101; x_wconf 84' lang='lat' dir='ltr'>magis</span> <span class='ocrx_word' id='word_1_116' title='bbox 301 1062 356 1101; x_wconf 90' lang='lat' dir='ltr'>quae</span> <span class='ocrx_word' id='word_1_117' title='bbox 369 1043 412 1091; x_wconf 92' lang='lat' dir='ltr'>sint</span> <span class='ocrx_word' id='word_1_118' title='bbox 428 1054 487 1101; x_wconf 79' lang='lat' dir='ltr'>gesta</span> <span class='ocrx_word' id='word_1_119' title='bbox 498 1061 564 1102; x_wconf 88' lang='lat' dir='ltr'>quam</span> <span class='ocrx_word' id='word_1_120' title='bbox 574 1063 601 1092; x_wconf 83' lang='lat' dir='ltr'>ex</span> <span class='ocrx_word' id='word_1_121' title='bbox 610 1042 686 1092; x_wconf 90' lang='lat' dir='ltr'>ordine</span> <span class='ocrx_word' id='word_1_122' title='bbox 697 1042 882 1110; x_wconf 88' lang='lat' dir='ltr'>quemadmodum</span> 
     </span>
     <span class='ocr_line' id='line_1_14' title="bbox 98 1117 174 1175; baseline 0 -11"><span class='ocrx_word' id='word_1_123' title='bbox 98 1117 174 1175; x_wconf 85' lang='lat' dir='ltr'>capiat.</span> 
     </span>
     <span class='ocr_line' id='line_1_15' title="bbox 127 1180 882 1250; baseline -0.001 -13"><span class='ocrx_word' id='word_1_124' title='bbox 127 1188 186 1250; x_wconf 9' lang='lat' dir='ltr'>*Sed</span> <span class='ocrx_word' id='word_1_125' title='bbox 200 1188 304 1246; x_wconf 89' lang='lat' dir='ltr'>quoniam</span> <span class='ocrx_word' id='word_1_126' title='bbox 322 1188 495 1243; x_wconf 85' lang='lat' dir='ltr'>memoravimus,</span> <span class='ocrx_word' id='word_1_127' title='bbox 514 1189 545 1246; x_wconf 86' lang='lat' dir='ltr'>uti</span> <span class='ocrx_word' id='word_1_128' title='bbox 564 1202 636 1238; x_wconf 87' lang='lat' dir='ltr'>nostra</span> <span class='ocrx_word' id='word_1_129' title='bbox 654 1180 760 1238; x_wconf 78' lang='lat' dir='ltr'>institulio</span> <span class='ocrx_word' id='word_1_130' title='bbox 777 1187 882 1246; x_wconf 80' lang='lat' dir='ltr'>exigebat,</span> 
     </span>
    </p>

    <p class='ocr_par' dir='ltr' id='par_1_5' title="bbox 63 1259 884 1612">
     <span class='ocr_line' id='line_1_16' title="bbox 63 1259 883 1320; baseline -0.001 -10"><span class='ocrx_word' id='word_1_131' title='bbox 63 1262 86 1310; x_wconf 84' lang='grc'>15</span> <span class='ocrx_word' id='word_1_132' title='bbox 102 1261 139 1320; x_wconf 91' lang='lat' dir='ltr'>qui</span> <span class='ocrx_word' id='word_1_133' title='bbox 154 1279 188 1308; x_wconf 89' lang='lat' dir='ltr'>res</span> <span class='ocrx_word' id='word_1_134' title='bbox 199 1259 306 1309; x_wconf 88' lang='lat' dir='ltr'>Romanas</span> <span class='ocrx_word' id='word_1_135' title='bbox 318 1260 383 1318; x_wconf 83' lang='lat' dir='ltr'>digno</span> <span class='ocrx_word' id='word_1_136' title='bbox 393 1281 444 1310; x_wconf 93' lang='lat' dir='ltr'>cum</span> <span class='ocrx_word' id='word_1_137' title='bbox 455 1274 581 1311; x_wconf 91' lang='lat' dir='ltr'>ornamento</span> <span class='ocrx_word' id='word_1_138' title='bbox 591 1262 729 1320; x_wconf 89' lang='lat' dir='ltr'>scripserunt,</span> <span class='ocrx_word' id='word_1_139' title='bbox 740 1273 765 1309; x_wconf 94' lang='lat' dir='ltr'>ut</span> <span class='ocrx_word' id='word_1_140' title='bbox 775 1280 830 1320; x_wconf 91' lang='lat' dir='ltr'>quae</span> <span class='ocrx_word' id='word_1_141' title='bbox 840 1261 883 1309; x_wconf 84' lang='lat' dir='ltr'>sint</span> 
     </span>
     <span class='ocr_line' id='line_1_17' title="bbox 100 1332 883 1391; baseline 0 -10"><span class='ocrx_word' id='word_1_142' title='bbox 100 1332 166 1382; x_wconf 89' lang='lat' dir='ltr'>libera</span> <span class='ocrx_word' id='word_1_143' title='bbox 179 1333 264 1382; x_wconf 88' lang='lat' dir='ltr'>civitate</span> <span class='ocrx_word' id='word_1_144' title='bbox 277 1346 335 1391; x_wconf 83' lang='lat' dir='ltr'>gesta</span> <span class='ocrx_word' id='word_1_145' title='bbox 348 1334 451 1391; x_wconf 84' lang='lat' dir='ltr'>legamus.</span> <span class='ocrx_word' id='word_1_146' title='bbox 464 1354 490 1383; x_wconf 87' lang='lat' dir='ltr'>eo</span> <span class='ocrx_word' id='word_1_147' title='bbox 503 1335 591 1383; x_wconf 87' lang='lat' dir='ltr'>tandem</span> <span class='ocrx_word' id='word_1_148' title='bbox 603 1335 644 1383; x_wconf 92' lang='lat' dir='ltr'>loci</span> <span class='ocrx_word' id='word_1_149' title='bbox 657 1352 690 1383; x_wconf 91' lang='lat' dir='ltr'>res</span> <span class='ocrx_word' id='word_1_150' title='bbox 703 1346 779 1383; x_wconf 83' lang='lat' dir='ltr'>nostra</span> <span class='ocrx_word' id='word_1_151' title='bbox 788 1334 846 1382; x_wconf 89' lang='lat' dir='ltr'>venit</span> <span class='ocrx_word' id='word_1_152' title='bbox 858 1345 883 1382; x_wconf 90' lang='lat' dir='ltr'>ut</span> 
     </span>
     <span class='ocr_line' id='line_1_18' title="bbox 100 1405 884 1465; baseline -0.001 -11"><span class='ocrx_word' id='word_1_153' title='bbox 100 1406 127 1454; x_wconf 90' lang='lat' dir='ltr'>de</span> <span class='ocrx_word' id='word_1_154' title='bbox 142 1405 183 1454; x_wconf 87' lang='lat' dir='ltr'>illis</span> <span class='ocrx_word' id='word_1_155' title='bbox 198 1406 226 1454; x_wconf 86' lang='lat' dir='ltr'>sit</span> <span class='ocrx_word' id='word_1_156' title='bbox 236 1405 299 1454; x_wconf 88' lang='lat' dir='ltr'>nobis</span> <span class='ocrx_word' id='word_1_157' title='bbox 310 1405 422 1455; x_wconf 89' lang='lat' dir='ltr'>habendus</span> <span class='ocrx_word' id='word_1_158' title='bbox 432 1426 504 1455; x_wconf 88' lang='lat' dir='ltr'>sermo</span> <span class='ocrx_word' id='word_1_159' title='bbox 514 1408 552 1464; x_wconf 90' lang='lat' dir='ltr'>qui</span> <span class='ocrx_word' id='word_1_160' title='bbox 561 1407 667 1465; x_wconf 90' lang='lat' dir='ltr'>spirituali</span> <span class='ocrx_word' id='word_1_161' title='bbox 676 1407 775 1455; x_wconf 88' lang='lat' dir='ltr'>instituto</span> <span class='ocrx_word' id='word_1_162' title='bbox 785 1424 818 1454; x_wconf 91' lang='lat' dir='ltr'>res</span> <span class='ocrx_word' id='word_1_163' title='bbox 829 1405 884 1453; x_wconf 84' lang='lat' dir='ltr'>Cae·</span> 
     </span>
     <span class='ocr_line' id='line_1_19' title="bbox 100 1477 884 1536; baseline 0 -12"><span class='ocrx_word' id='word_1_164' title='bbox 100 1496 169 1525; x_wconf 88' lang='lat' dir='ltr'>sareas</span> <span class='ocrx_word' id='word_1_165' title='bbox 179 1477 346 1535; x_wconf 88' lang='lat' dir='ltr'>descripserunt.</span> <span class='ocrx_word' id='word_1_166' title='bbox 356 1477 433 1526; x_wconf 91' lang='lat' dir='ltr'>Finem</span> <span class='ocrx_word' id='word_1_167' title='bbox 442 1478 507 1536; x_wconf 83' lang='lat' dir='ltr'>igitur</span> <span class='ocrx_word' id='word_1_168' title='bbox 516 1478 616 1526; x_wconf 89' lang='lat' dir='ltr'>dabimus</span> <span class='ocrx_word' id='word_1_169' title='bbox 625 1479 675 1526; x_wconf 93' lang='lat' dir='ltr'>huic</span> <span class='ocrx_word' id='word_1_170' title='bbox 684 1477 746 1526; x_wconf 92' lang='lat' dir='ltr'>libro.</span> <span class='ocrx_word' id='word_1_171' title='bbox 757 1478 801 1536; x_wconf 85' lang='lat' dir='ltr'>Ipsi</span> <span class='ocrx_word' id='word_1_172' title='bbox 810 1490 884 1525; x_wconf 86' lang='lat' dir='ltr'>autem</span> 
     </span>
     <span class='ocr_line' id='line_1_20' title="bbox 100 1548 883 1612; baseline 0 -15"><span class='ocrx_word' id='word_1_173' title='bbox 100 1550 198 1608; x_wconf 85' lang='lat' dir='ltr'>sequenti</span> <span class='ocrx_word' id='word_1_174' title='bbox 209 1549 231 1597; x_wconf 93' lang='lat' dir='ltr'>in</span> <span class='ocrx_word' id='word_1_175' title='bbox 242 1548 297 1597; x_wconf 89' lang='lat' dir='ltr'>libro</span> <span class='ocrx_word' id='word_1_176' title='bbox 308 1560 371 1598; x_wconf 92' lang='lat' dir='ltr'>erunt</span> <span class='ocrx_word' id='word_1_177' title='bbox 382 1550 443 1609; x_wconf 88' lang='lat' dir='ltr'>quasi</span> <span class='ocrx_word' id='word_1_178' title='bbox 454 1550 541 1610; x_wconf 89' lang='lat' dir='ltr'>proprio</span> <span class='ocrx_word' id='word_1_179' title='bbox 552 1550 648 1610; x_wconf 91' lang='lat' dir='ltr'>quodam</span> <span class='ocrx_word' id='word_1_180' title='bbox 658 1571 697 1600; x_wconf 91' lang='lat' dir='ltr'>suo</span> <span class='ocrx_word' id='word_1_181' title='bbox 708 1550 730 1599; x_wconf 93' lang='lat' dir='ltr'>in</span> <span class='ocrx_word' id='word_1_182' title='bbox 741 1548 821 1599; x_wconf 88' lang='lat' dir='ltr'>circulo</span> <span class='ocrx_word' id='word_1_183' title='bbox 829 1569 883 1612; x_wconf 82' lang='lat' dir='ltr'>con·</span> 
     </span>
    </p>

    <p class='ocr_par' dir='ltr' id='par_1_6' title="bbox 59 1622 187 1680">
     <span class='ocr_line' id='line_1_21' title="bbox 59 1622 187 1680; baseline 0.008 -9"><span class='ocrx_word' id='word_1_184' title='bbox 59 1622 86 1671; x_wconf 86' lang='lat'>20</span> <span class='ocrx_word' id='word_1_185' title='bbox 101 1623 187 1680; x_wconf 79' lang='lat' dir='ltr'>gregati.</span> 
     </span>
    </p>
   </div>
   <div class='ocr_carea' id='block_1_3' title="bbox 0 0 1066 3253">
    <p class='ocr_par' dir='ltr' id='par_1_7' title="bbox 0 0 1066 3253">
     <span class='ocr_line' id='line_1_22' title="bbox 0 0 1066 3253; baseline 0 0"><span class='ocrx_word' id='word_1_186' title='bbox 0 0 1066 3253; x_wconf 95' lang='lat' dir='ltr'> </span> 
     </span>
    </p>
   </div>
  </div>
 </body>
</html>
