2093 3253
251 211 381 243 scurmonuu
395 211 520 243 ILLUSTRIUM
533 223 547 228 -
561 211 620 241 tisun
635 210 654 240 x.
826 196 865 239 289

121 325 222 373 Ciceroni
232 337 306 373 autem
317 344 373 383 opus
384 345 429 373 non
439 323 482 373 luit
493 324 533 373 hac
544 326 566 373 in
575 344 642 373 vcausa
654 323 755 382 progredi
765 323 866 382 amplius.

80 399 141 457 Quae
155 416 206 447 vero
221 399 243 447 in
258 397 354 448 Verrinis
370 397 397 447 de
411 397 512 447 Praetura
527 397 622 452 Urbana,
639 397 666 447 de
682 396 777 452 Iudiciis,
793 397 821 446 de
835 397 867 445 Re

81 473 235 526 Frumentaria,
247 472 274 520 de
284 471 364 529 Signis,
376 473 403 520 de
412 471 530 530 Suppliciis
540 473 643 530 inscripta
653 478 734 526 extanu'
743 490 768 519 ea
778 470 867 519 minime

80 546 136 594 dicta
147 546 175 593 ah
186 565 213 593 eo
223 545 262 593 sed
272 545 322 593 ficta
334 552 381 592 esse
392 557 490 592 auctores
502 545 554 593 mihi
566 557 590 593 ut
601 545 707 592 affirmem
724 557 744 592 et
760 544 867 592 Asconius

55 621 66 669 5
83 631 104 665 et
119 617 201 664 Plinius
211 617 381 675 haudquaquam
390 616 477 664 obscuri
487 630 544 664 sunt.
555 616 591 664 Sic
600 617 659 664 enim
668 616 750 674 placuit
759 615 867 669 Ciceroni,

81 710 107 737 ne
119 689 202 737 deesset
213 689 332 747 quicquam
343 688 404 747 quod
418 687 453 735 illa
467 689 489 736 in
503 689 639 737 accusatione
654 688 772 737 dicendum
783 708 830 737 esse
840 688 868 736 ad

81 761 225 820 integritatem
244 761 336 809 oratoria
356 781 382 809 ex
401 773 446 809 arte
462 773 555 819 putaret.
574 761 690 809 Enimvero
705 782 757 809 cum
772 760 831 808 locos
847 774 868 808 et

81 834 186 881 rationem
196 832 327 881 defendendi
337 834 367 880 rei
377 826 510 891 quocunque
526 833 549 879 in
566 851 643 890 genere
659 833 747 900 copiose
763 842 789 880 ac
805 853 868 889 saepe

81 919 102 955 et
112 918 203 966 utraque
213 907 236 955 in
245 919 291 955 arte
300 918 322 954 et
332 905 407 954 multis
416 906 439 954 in
449 905 583 955 orationibus
594 906 726 964 explicasset,
739 905 868 954 existimavit

45 982 69 1030 10
84 978 130 1027 lore
141 980 443 1038 percommodumpstudiosis
455 981 473 1026 si
485 980 531 1027 istis
543 981 565 1027 in
577 979 638 1027 libris
649 980 687 1037 qui
699 980 722 1027 in
733 980 869 1027 accusatione

81 1065 193 1100 versantur
206 1065 228 1099 et
241 1064 292 1099 sunt
305 1052 328 1098 in
342 1051 368 1100 C.
383 1051 473 1099 Verrem
486 1052 584 1109 inseripti
598 1071 686 1099 omnem
699 1052 744 1099 vim
750 1052 869 1098 oratoriam

82 1125 104 1171 in
114 1124 235 1173 accusando
245 1142 281 1172 reo
291 1125 431 1172 constitutam
440 1141 607 1182 expressamque
617 1136 752 1189 monstraret.
858 1127 860 1130 ⁴

124 1195 246 1245 Aedilitatis
257 1208 330 1245 autem
342 1196 491 1255 magistratum
503 1216 527 1245 ea
539 1196 649 1254 gravitate,
661 1191 758 1251 consilio,
771 1196 869 1245 modera-

82 1270 141 1317 tione
153 1270 218 1327 gessit
229 1269 290 1327 quod
302 1288 373 1328 neque
386 1282 500 1318 exaustum
512 1270 618 1318 aerarium
630 1269 742 1327 largitione
754 1270 820 1318 nimia
832 1290 870 1317 ne-

45 1342 69 1391 15
85 1362 127 1400 que
141 1341 262 1390 diminutus
272 1341 386 1390 aedilitatis
397 1337 500 1399 splendor
509 1342 600 1389 avaricia
610 1342 726 1391 videretur.
735 1338 810 1391 Ludds
821 1342 870 1402 qui»

83 1414 133 1463 dem
148 1414 223 1465 aedilis
235 1413 286 1464 lecit
294 1415 366 1468 trinos
380 1407 514 1473 modumque
526 1415 549 1463 in
561 1413 666 1464 faciendis
677 1414 719 1463 illis
731 1414 797 1463 talem
808 1415 869 1464 adhi-

83 1488 130 1535 buit
144 1488 204 1546 quod
216 1487 312 1535 aedilitas
326 1507 365 1536 sua
377 1488 441 1536 bonis
454 1507 466 1535 a
479 1488 562 1536 civibus
576 1487 698 1536 laudaretur
711 1495 820 1547 grataque
830 1509 870 1547 po-

85 1559 137 1617 pulo
153 1560 251 1608 Romano
269 1580 294 1607 ac
313 1561 433 1617 posteritati
453 1560 577 1618 exemplum
596 1573 658 1608 esset.
735 1569 739 1573 ’

127 1631 250 1681 Defunctus
265 1651 316 1681 vero
330 1632 439 1683 aedilitate
453 1634 481 1681 ad
496 1653 570 1681 causas
586 1653 598 1680 e
615 1651 674 1681 more
690 1633 792 1682 dicendas
807 1634 871 1686 rediit

44 1706 71 1753 20
86 1718 151 1763 atque
165 1705 188 1752 in
203 1703 250 1752 loro
263 1724 332 1753 annos
354 1705 457 1764 quattuor
478 1718 574 1753 versatus
595 1718 634 1756 est.
658 1706 773 1754 Urbanum
793 1707 872 1755 deinde

85 1791 207 1836 praetorem
221 1779 294 1836 ipsum
308 1777 403 1836 populus
418 1777 529 1827 Romanus
545 1778 583 1840 llll.v
594 1779 679 1837 Lepido
693 1791 714 1827 et
730 1778 756 1828 L.
774 1779 873 1828 Vulcatio

85 1849 212 1898 consulibus
232 1849 353 1898 incredibili
373 1871 480 1899 consensu
500 1864 522 1899 at
543 1864 631 1899 summa
641 1853 743 1907 omnium
761 1852 873 1901 voluntate

85 1923 172 1993 creavit
188 1923 286 1972 Multum
298 1924 357 1973 enim
370 1923 449 1973 favoris
462 1945 487 1974 ac
500 1924 657 1975 benivolentiae
669 1926 729 1985 apud
741 1946 817 1975 omnes
829 1926 873 1975 iam

85 1997 177 2055 adeptus
190 2009 242 2051 erat,
257 2009 306 2045 tum
320 1998 349 2045 oh
367 1997 423 2046 bene
442 1998 583 2061 modesteque
602 2012 673 2056 gestos
693 2020 749 2057 quos
769 1999 876 2048 habuerat

46 2069 71 2116 25
87 2070 230 2126 magistratus,
241 2081 289 2117 turn
299 2070 359 2128 quod
368 2070 462 2118 liberalis
472 2082 528 2118 esset
537 2082 603 2129 atque
612 2070 720 2119 humanus
731 2090 780 2129 erga
790 2064 873 2135 ornnes.

87 2139 168 2189 Causas
182 2158 234 2189 vero
247 2142 269 2190 in
282 2140 331 2190 loro
343 2154 402 2191 tanta
416 2162 466 2191 curn
483 2143 572 2196 ratione,
585 2143 717 2198 assiduitate,
731 2156 783 2199 arte,
797 2144 872 2193 indus-

85 2214 125 2262 tria
139 2227 211 2273 ageret
225 2227 257 2270 ut,
276 2215 321 2264 sive
337 2215 364 2264 de
379 2215 471 2264 civitatis
487 2216 584 2264 moribus
598 2229 635 2264 aut
650 2229 748 2264 veterum
762 2216 873 2276 exemplis,

86 2286 131 2335 sive
154 2286 181 2335 de
203 2287 310 2336 maiorum
334 2287 417 2346 legibus
441 2302 478 2337 aut
502 2289 548 2337 iure
564 2289 628 2343 civili,
646 2289 740 2339 sivede
757 2290 873 2338 virtutihus

85 2372 123 2413 aut
148 2361 205 2408 vitiis
230 2381 286 2419 quae
310 2381 322 2408 a
347 2361 484 2420 philosophia
509 2363 632 2416 traduntur,
657 2365 702 2411 sive
726 2363 770 2411 ulla
795 2364 823 2411 de
850 2382 873 2411 re

47 2428 74 2476 30
88 2450 143 2488 quae
169 2431 191 2478 in
217 2430 321 2479 doctrinis
347 2445 368 2480 et
395 2431 509 2481 hominum
532 2432 655 2491 cognitione
678 2447 790 2483 versantur
813 2433 873 2493 loqui

86 2504 179 2561 exigeret
195 2523 265 2558 causa,
282 2525 347 2553 nemo
363 2518 419 2557 esset
436 2506 535 2554 omnium
551 2505 616 2566 atque
632 2506 718 2555 illorum
734 2508 799 2556 etiam
815 2508 873 2566 ipso=

87 2595 136 2624 rum
152 2577 189 2635 qui
209 2597 283 2625 causas
294 2591 382 2635 agerent
393 2591 415 2626 et
426 2579 449 2626 in
469 2578 517 2626 loro
536 2598 582 2626 esse
602 2580 686 2637 patroni
702 2579 833 2636 excellentes
849 2601 875 2628 ac
936 2581 941 2588 ²

87 2662 197 2698 oratorum
206 2650 315 2710 principes
325 2650 450 2700 viderentur
459 2653 497 2711 qui
508 2653 554 2701 iure
564 2652 609 2701 ullo
618 2653 660 2701 sihi
669 2652 784 2713 adaequari
793 2667 874 2714 posset.

51 2757 193 2769 Q--u—

94 2822 110 2858 1.
123 2822 149 2860 Ps.
161 2822 221 2859 Ascon.
235 2822 280 2861 Verr.
293 2823 314 2859 ll.
330 2824 344 2865 1,
357 2823 395 2867 Arg.
409 2824 433 2869 (p.
450 2823 481 2861 154
494 2824 538 2870 On).
562 2828 564 2830 ’
590 2824 606 2860 5.
619 2824 660 2861 Plln.
672 2825 702 2868 Ep.
716 2825 728 2862 l.
742 2825 770 2863 20.
785 2825 811 2864 10.

48 2915 190 2926 ,κη-...-

86 2975 105 3021 2.
119 2978 175 3022 Rei.
190 2998 206 3022 r.
261 2979 280 3023 8.
295 2979 322 3024 rei
337 2985 350 3023 i.
366 2997 381 3023 r.
439 2979 469 3023 14.
484 2980 514 3025 Ex
529 2981 636 3025 serrarium
649 2998 698 3025 corr.

98 3131 117 3166 19
