2093 3253
167 220 192 266 14
430 256 432 259 .
463 231 557 264 srccours
570 231 689 263 roraurour

206 349 288 397 litteras
297 361 318 398 et
327 348 429 398 Boeotius
437 361 466 402 et,
475 348 514 407 qui
522 347 587 405 longe
595 345 638 396 luit
646 349 764 405 antiquior,
770 347 872 397 ‘lsidorus
881 352 994 398 memorat.

211 423 294 481 Ingenii
309 442 396 481 nanque
410 421 473 470 multi
487 419 569 469 lemina
585 420 624 468 lsis
638 419 688 470 luit.
702 420 764 470 Patre
778 433 851 470 autem
865 420 995 470 Prometheo

209 516 255 549 seu,
270 509 295 551 ut
306 496 389 543 malunt
400 494 498 552 quidam,
512 494 584 548 lnaco,
595 493 726 551 Argivorum
737 512 793 551 rege.
805 501 862 547 nata,
873 493 897 542 lo
908 494 996 542 nomine

160 593 163 614 ;
209 567 276 617 altero
289 567 395 627 appellata
408 578 448 615 est.
461 565 505 624 Api
519 584 577 620 vero,
591 565 750 625 aegyptiorum
768 565 820 626 regi,
834 580 902 626 nupta
916 564 996 617 litteras

186 641 314 691 5docuisse
338 640 455 699 Aegyptios
482 641 581 689 omnium
607 639 677 698 prima
702 637 771 688 lertur
797 639 932 699 traditurque
952 661 997 690 non

160 759 162 761 ,
211 714 298 763 easdem
317 713 420 763 omnibus
439 712 478 761 sed
497 711 601 761 biformes
621 712 748 766 instituisse,
768 725 792 761 ut
810 713 858 760 aliis
877 712 998 762 sacerdotio

163 827 164 831 ,
211 786 298 845 prediti,
310 785 358 835 aliis
369 784 436 843 vulgo
448 783 543 843 populus
555 796 676 833 uterentur.
689 783 726 832 Sic
738 783 797 833 enim
809 784 891 843 placuit
903 806 930 833 ne
942 786 998 835 vitae

212 858 385 913 sanctimoniam,
402 857 419 905 si
436 857 498 906 mixti
515 875 538 905 re
553 856 598 906 ulla
614 878 665 906 cum
681 856 764 915 populo
780 857 902 906 sacerdotes
918 871 998 912 essent,

212 932 285 990 aliqua
298 931 411 990 prophana
425 930 525 988 contagio
540 928 664 978 macularet.
680 928 740 978 Haec
754 930 792 987 qui
807 929 888 978 litteras
903 932 1000 988 primum

174 1005 201 1053 10
215 1003 274 1063 apud
288 1004 407 1062 Aegyptios
422 1003 520 1052 inventas
536 1014 620 1061 putant.

256 1075 300 1132 Qui
313 1094 365 1124 vero
378 1075 433 1123 hanc
446 1074 541 1133 palmam
554 1073 614 1133 Syris
628 1073 770 1124 deferendam
782 1074 888 1131 scribunt,
902 1075 926 1125 id
937 1076 1000 1125 adiu-

215 1162 289 1197 mento
308 1148 396 1204 habent,
415 1147 476 1207 quod
495 1148 574 1206 Moyse
592 1167 617 1196 ac
638 1147 696 1196 Iside
714 1146 757 1203 luit
772 1148 883 1207 antiquior
897 1147 1001 1206 Abraam,

215 1221 291 1282 populi
304 1220 399 1270 Hebraei
412 1233 479 1278 pater,
493 1241 560 1278 quern
572 1220 654 1268 litteras
667 1221 776 1269 invenisse
788 1234 810 1270 et
822 1221 888 1280 Syrus
901 1235 923 1270 et
935 1221 1002 1278 Chal·

216 1294 280 1344 daeas
296 1293 372 1343 Isidori
386 1293 493 1342 sententia
506 1305 546 1342 est.
560 1292 679 1342 Phoenices
692 1305 766 1342 autern
779 1292 864 1353 (Syriae
877 1294 954 1354 populi
967 1295 1003 1345 isti

169 1369 204 1420 -15
218 1367 280 1426 sunt)
292 1387 358 1417 usum
371 1366 495 1426 litterarum·
505 1386 528 1414 se
540 1379 591 1415 ante
604 1386 680 1415 omnes
694 1364 795 1415 habuisse
809 1366 892 1416 dicunt.
906 1367 1003 1417 Assentit

217 1442 248 1490 eis
259 1440 394 1499 Pomponius·
405 1438 480 1493 Mella,
492 1438 669 1497 cosmographiae
680 1440 780 1498 scriptor.
792 1440 890 1488 Assentit
902 1440 1004 1489 Lucanus

218 1512 374 1567 Cordubensis,
390 1524 460 1572 poeta.
488 1512 585 1560 Assentit
612 1511 714 1570 Hugucio
742 1512 879 1567 Ferariensis‚
907 1515 1004 1562 antistes.

218 1586 314 1642 Quintus
329 1604 380 1633 vero
395 1584 492 1637 Curtius,
508 1583 678 1642 haudquaquam
693 1584 828 1643 spernendus
843 1598 925 1640 auctor,
940 1587 963 1634 in
978 1606 1004 1635 eo

219 1658 276 1708 libro
293 1677 360 1717 quem
379 1657 406 1705 de
424 1656 489 1705 rebus
507 1655 624 1706 Alexandri
643 1657 736 1717 scripsit,
756 1677 806 1706 cum
825 1658 852 1707 de
870 1657 1004 1708 Phoenicum

178 1735 207 1782 20
221 1745 293 1791 ageret
303 1730 413 1787 laudibus,
424 1731 485 1787 quasi
496 1730 576 1778 dubius
588 1730 621 1777 his
632 1731 703 1778 verbis
715 1731 756 1778 hoc
766 1731 794 1777 ad
804 1732 942 1789 propositum
952 1752 1005 1780 usus

220 1817 260 1852 est:
276 1820 284 1844 r
292 1802 338 1851 Etsi
349 1801 418 1850 lamae
428 1800 481 1849 libet
490 1801 577 1851 credere
588 1818 603 1858 a,
613 1803 693 1861 inquit,
703 1819 712 1842 <t
721 1802 773 1852 haec
783 1822 835 1861 gens
845 1802 926 1852 litteras
936 1804 1006 1863 prima

220 1889 259 1927 aut
265 1876 340 1926 docuit
347 1888 384 1925 aut
391 1874 476 1924 didicit.
486 1890 496 1915 >r
503 1873 626 1924 Cornellius
633 1888 707 1925 autem
714 1874 812 1931 Tacitus,
820 1897 871 1925 cum
879 1877 906 1925 de
913 1877 1007 1928 Claudio

222 1951 354 2009 loqueretur,
365 1950 388 1996 in
398 1968 424 1997 eo
435 1948 491 1996 libro
502 1968 575 2006 quem.
586 1961 611 1996 ut
621 1948 674 2002 dixi,
685 1948 713 1997 de
723 1949 789 2006 gestis
799 1948 919 1998 Caesarum
928 1949 1005 2005 edidit,

223 2024 278 2071 hanc
296 2022 319 2069 in
337 2020 467 2069 sententiam
485 2021 591 2078 scriptum
610 2020 704 2079 reliquit:
724 2019 860 2069 «Phoenices
879 2020 906 2069 de
924 2020 1008 2072 Thebis

175 2096 209 2145 -25
224 2094 337 2153 Aegyptiis
351 2094 374 2141 in
390 2092 475 2152 Syriam
491 2090 590 2150 proiecti,
609 2094 660 2151 quia
676 2093 729 2141 mari
746 2092 911 2151 praepollerent,
927 2092 1009 2144 litteras

224 2167 328 2216 Graeciae
346 2165 474 2220 intulerunt;
492 2185 537 2223 quo
555 2164 628 2224 adepti
647 2179 699 2214 sunt
717 2165 808 2225 gloriam
825 2178 930 2225 tanquam
948 2167 1009 2216 inve-

224 2241 296 2289 nerint
309 2260 365 2298 quae
377 2239 406 2286 ab
418 2238 531 2297 Aegyptiis
544 2251 682 2296 acceperunt.
693 2255 702 2279 >³
716 2238 795 2296 Neque
808 2257 860 2287 vero
872 2259 885 2286 a
898 2239 1010 2288 Cornellio

225 2313 325 2361 dissentit
341 2310 456 2359 Eusebius.
473 2308 505 2358 Eo
521 2330 608 2369 nanque
623 2312 647 2359 in
663 2310 719 2359 libro
735 2331 802 2370 quem
818 2311 845 2359 de
860 2310 1010 2371 Temporibus

225 2385 312 2445 scripsit
323 2383 455 2433 Phoenicem
467 2403 511 2431 una
523 2404 573 2432 curn
586 2383 672 2433 Cadmo
684 2382 750 2433 tratre
762 2384 789 2433 de
801 2383 885 2433 Thebis
897 2385 1011 2444 Aegyptiis

186 2484 326 2495 ...-----

177 2557 180 2571 ;
217 2536 230 2570 1.
242 2534 290 2569 Boea.
299 2532 385 2575 Genealog.
394 2533 463 2568 Deorum
476 2529 504 2565 lV.
515 2529 542 2571 46,
553 2530 593 2567 Vll¹
604 2530 630 2566 22.
678 2531 691 2566 1.
706 2529 744 2566 lsid.
754 2530 808 2576 Etym.
820 2529 833 2571 1,
844 2529 861 2565 3.
876 2529 892 2565 5.
937 2530 963 2569 ll·
973 2529 1014 2568 leid.

178 2596 237 2642 ,Etym
251 2593 263 2631 l.
274 2593 290 2631 3.
301 2591 317 2630 5.
374 2591 399 2629 16.
411 2590 469 2634 Pomp.
482 2589 523 2627 Mel.
537 2590 549 2627 l.
560 2590 587 2627 65.
641 2591 666 2629 lb.
679 2591 742 2627 Lucan,
755 2590 787 2626 lll.
798 2590 831 2626 220
842 2589 894 2633 (apud
906 2590 945 2627 leid.
956 2590 1009 2636 Etyma

189 2656 201 2692 1.
212 2655 229 2692 3.
240 2655 262 2699 5).
314 2653 340 2690 17.
352 2651 390 2689 Hoc
397 2666 439 2696 opus
447 2665 481 2687 non
490 2650 553 2688 editum
561 2661 591 2689 est.
647 2652 673 2689 l8.
686 2650 732 2689 Curt.
743 2650 771 2688 lV.
780 2651 795 2688 4.
809 2651 833 2688 19.
877 2651 905 2687 22.
917 2649 958 2688 Tac.
969 2652 1013 2690 Ana.

186 2716 252 2754 11114.
295 2714 323 2755 28,
332 2713 401 2750 Hieron.
412 2712 472 2751 Cluen·
486 2713 534 2751 Anno
546 2712 586 2751 Atr.
598 2713 641 2751 562.

227 2874 244 2920 1.
258 2873 288 2919 Ex
301 2870 407 2918 Boccatius
420 2884 468 2915 carr.
484 2868 550 2925 (etium
565 2877 585 2917 in
600 2870 675 2924 indice),
691 2870 724 2916 sed
738 2876 766 2915 r'tu
780 2869 830 2918 male
844 2878 866 2914 ut
888 2874 957 2914 etiam-
967 2889 1017 2916 nunc

187 2943 292 2990 Boccatius
304 2938 383 2994 facilius
395 2936 475 2991 legatam
515 2936 535 2982 2.
542 2937 588 2983 Post
596 2937 654 2982 multi
662 2936 773 2983 uocabulum
785 2936 824 2983 fuit
835 2936 873 2982 del.
881 2945 899 2981 et
908 2950 951 2990 exp.
959 2933 979 2982 2.
987 2935 1018 2983 Et

189 3009 309 3067 promotheo
322 3004 407 3053 cornO
425 3005 544 3058 prometheo
563 3006 581 3050 R
600 3004 719 3060 prometheo
744 3009 764 3048 r'n
783 3002 902 3058 prometheo
920 3021 969 3055 corr.
989 3002 1017 3052 Η.
