<?xml version="1.0" encoding="UTF-8"?>
<!DOCTYPE html PUBLIC "-//W3C//DTD XHTML 1.0 Transitional//EN"
    "http://www.w3.org/TR/xhtml1/DTD/xhtml1-transitional.dtd">
<html xmlns="http://www.w3.org/1999/xhtml" xml:lang="en" lang="en">
 <head>
  <title>
</title>
<meta http-equiv="Content-Type" content="text/html;charset=utf-8" />
  <meta name='ocr-system' content='tesseract 3.04.00' />
  <meta name='ocr-capabilities' content='ocr_page ocr_carea ocr_par ocr_line ocrx_word'/>
</head>
<body>
  <div class='ocr_page' id='page_1' title='image "MN40033ucmf_2_0528.png"; bbox 0 0 2093 3253; ppageno 0'>
   <div class='ocr_carea' id='block_1_1' title="bbox 152 241 680 288">
    <p class='ocr_par' dir='ltr' id='par_1_1' title="bbox 152 241 680 288">
     <span class='ocr_line' id='line_1_1' title="bbox 152 241 680 288; baseline 0.006 -4"><span class='ocrx_word' id='word_1_1' title='bbox 152 241 193 288; x_wconf 73' lang='lat'>454</span> <span class='ocrx_word' id='word_1_2' title='bbox 438 249 442 260; x_wconf 53' lang='lat'>&#39;¹</span> <span class='ocrx_word' id='word_1_3' title='bbox 452 251 548 287; x_wconf 78' lang='lat' dir='ltr'>sicconis</span> <span class='ocrx_word' id='word_1_4' title='bbox 561 256 680 287; x_wconf 75' lang='lat' dir='ltr'>euasurum</span> 
     </span>
    </p>
   </div>
   <div class='ocr_carea' id='block_1_2' title="bbox 197 367 980 575">
    <p class='ocr_par' dir='ltr' id='par_1_2' title="bbox 197 362 1047 577">
     <span class='ocr_line' id='line_1_2' title="bbox 197 367 979 429; baseline 0.004 -12"><span class='ocrx_word' id='word_1_5' title='bbox 197 369 256 418; x_wconf 86' lang='lat' dir='ltr'>solus</span> <span class='ocrx_word' id='word_1_6' title='bbox 270 367 407 428; x_wconf 78' lang='lat' dir='ltr'>imperitabat</span> <span class='ocrx_word' id='word_1_7' title='bbox 419 368 497 418; x_wconf 84' lang='lat' dir='ltr'>Caesar</span> <span class='ocrx_word' id='word_1_8' title='bbox 509 382 530 418; x_wconf 87' lang='lat' dir='ltr'>et</span> <span class='ocrx_word' id='word_1_9' title='bbox 542 388 582 428; x_wconf 93' lang='lat' dir='ltr'>pro</span> <span class='ocrx_word' id='word_1_10' title='bbox 593 388 643 429; x_wconf 81' lang='lat' dir='ltr'>rege</span> <span class='ocrx_word' id='word_1_11' title='bbox 654 369 759 418; x_wconf 90' lang='lat' dir='ltr'>Deiotaro</span> <span class='ocrx_word' id='word_1_12' title='bbox 770 369 885 426; x_wconf 88' lang='lat' dir='ltr'>dicentem,</span> <span class='ocrx_word' id='word_1_13' title='bbox 897 382 922 419; x_wconf 87' lang='lat' dir='ltr'>ut</span> <span class='ocrx_word' id='word_1_14' title='bbox 934 392 979 421; x_wconf 84' lang='lat' dir='ltr'>me·</span> 
     </span>
     <span class='ocr_line' id='line_1_3' title="bbox 197 440 679 496; baseline 0.004 -6"><span class='ocrx_word' id='word_1_15' title='bbox 197 443 285 496; x_wconf 88' lang='lat' dir='ltr'>moravi,</span> <span class='ocrx_word' id='word_1_16' title='bbox 299 441 410 490; x_wconf 85' lang='lat' dir='ltr'>audiverat</span> <span class='ocrx_word' id='word_1_17' title='bbox 430 440 566 491; x_wconf 87' lang='lat' dir='ltr'>Ciceronem.</span> <span class='ocrx_word' id='word_1_18' title='bbox 678 454 679 458; x_wconf 78' lang='grc'>’</span> 
     </span>
     <span class='ocr_line' id='line_1_4' title="bbox 238 513 980 575; baseline 0.005 -13"><span class='ocrx_word' id='word_1_19' title='bbox 238 514 314 563; x_wconf 81' lang='lat' dir='ltr'>Postea</span> <span class='ocrx_word' id='word_1_20' title='bbox 322 526 373 564; x_wconf 89' lang='lat' dir='ltr'>vero</span> <span class='ocrx_word' id='word_1_21' title='bbox 381 526 453 574; x_wconf 89' lang='lat' dir='ltr'>atque,</span> <span class='ocrx_word' id='word_1_22' title='bbox 462 526 487 563; x_wconf 88' lang='lat' dir='ltr'>ut</span> <span class='ocrx_word' id='word_1_23' title='bbox 495 514 547 569; x_wconf 89' lang='lat' dir='ltr'>dixi,</span> <span class='ocrx_word' id='word_1_24' title='bbox 558 513 614 563; x_wconf 92' lang='lat' dir='ltr'>lulio</span> <span class='ocrx_word' id='word_1_25' title='bbox 622 513 714 564; x_wconf 85' lang='lat' dir='ltr'>Caesare</span> <span class='ocrx_word' id='word_1_26' title='bbox 722 515 841 575; x_wconf 87' lang='lat' dir='ltr'>imperante</span> <span class='ocrx_word' id='word_1_27' title='bbox 850 515 910 575; x_wconf 93' lang='lat' dir='ltr'>quod</span> <span class='ocrx_word' id='word_1_28' title='bbox 918 516 946 565; x_wconf 89' lang='lat' dir='ltr'>sit</span> <span class='ocrx_word' id='word_1_29' title='bbox 954 537 980 566; x_wconf 84' lang='lat' dir='ltr'>ex</span> 
     </span>
    </p>
   </div>
   <div class='ocr_carea' id='block_1_3' title="bbox 140 587 1047 3049">
    <p class='ocr_par' dir='ltr' id='par_1_3' title="bbox 197 583 1047 655">
     <span class='ocr_line' id='line_1_5' title="bbox 197 587 980 648; baseline 0.001 -12"><span class='ocrx_word' id='word_1_30' title='bbox 197 587 298 637; x_wconf 90' lang='lat' dir='ltr'>omnibus</span> <span class='ocrx_word' id='word_1_31' title='bbox 316 587 402 636; x_wconf 89' lang='lat' dir='ltr'>dicendi</span> <span class='ocrx_word' id='word_1_32' title='bbox 420 587 528 645; x_wconf 91' lang='lat' dir='ltr'>optimum</span> <span class='ocrx_word' id='word_1_33' title='bbox 545 607 612 646; x_wconf 81' lang='lat' dir='ltr'>genus</span> <span class='ocrx_word' id='word_1_34' title='bbox 623 608 668 636; x_wconf 93' lang='lat' dir='ltr'>uno</span> <span class='ocrx_word' id='word_1_35' title='bbox 679 587 756 636; x_wconf 82' lang='lat' dir='ltr'>docuit</span> <span class='ocrx_word' id='word_1_36' title='bbox 769 587 832 642; x_wconf 90' lang='lat' dir='ltr'>libro,</span> <span class='ocrx_word' id='word_1_37' title='bbox 849 590 886 648; x_wconf 88' lang='lat' dir='ltr'>qui</span> <span class='ocrx_word' id='word_1_38' title='bbox 904 592 980 639; x_wconf 89' lang='lat' dir='ltr'>estad</span> 
     </span>
    </p>

    <p class='ocr_par' dir='ltr' id='par_1_4' title="bbox 171 657 1047 945">
     <span class='ocr_line' id='line_1_6' title="bbox 171 659 980 719; baseline 0.002 -9"><span class='ocrx_word' id='word_1_39' title='bbox 171 662 184 710; x_wconf 87' lang='grc'>5</span> <span class='ocrx_word' id='word_1_40' title='bbox 201 660 235 710; x_wconf 87' lang='grc' dir='ltr'>Μ.</span> <span class='ocrx_word' id='word_1_41' title='bbox 250 659 343 710; x_wconf 85' lang='lat' dir='ltr'>Brutum</span> <span class='ocrx_word' id='word_1_42' title='bbox 359 659 439 710; x_wconf 87' lang='lat' dir='ltr'>Orator</span> <span class='ocrx_word' id='word_1_43' title='bbox 455 659 579 719; x_wconf 85' lang='lat' dir='ltr'>inscriptus.</span> <span class='ocrx_word' id='word_1_44' title='bbox 596 659 743 719; x_wconf 79' lang='lat' dir='ltr'>Permagnam</span> <span class='ocrx_word' id='word_1_45' title='bbox 754 660 844 719; x_wconf 90' lang='lat' dir='ltr'>quidem</span> <span class='ocrx_word' id='word_1_46' title='bbox 860 661 922 710; x_wconf 78' lang='lat' dir='ltr'>inter</span> <span class='ocrx_word' id='word_1_47' title='bbox 933 680 980 710; x_wconf 79' lang='lat' dir='ltr'>ora·</span> 
     </span>
     <span class='ocr_line' id='line_1_7' title="bbox 198 727 980 792; baseline 0.004 -10"><span class='ocrx_word' id='word_1_48' title='bbox 198 748 256 782; x_wconf 89' lang='lat' dir='ltr'>tores</span> <span class='ocrx_word' id='word_1_49' title='bbox 271 734 336 782; x_wconf 89' lang='lat' dir='ltr'>etiam</span> <span class='ocrx_word' id='word_1_50' title='bbox 352 733 422 782; x_wconf 91' lang='lat' dir='ltr'>bonos</span> <span class='ocrx_word' id='word_1_51' title='bbox 439 727 639 783; x_wconf 71' lang='lat' dir='ltr'>dissimilitudinem</span> <span class='ocrx_word' id='word_1_52' title='bbox 655 735 749 783; x_wconf 90' lang='lat' dir='ltr'>sentiens</span> <span class='ocrx_word' id='word_1_53' title='bbox 766 735 850 792; x_wconf 90' lang='lat' dir='ltr'>aperuit</span> <span class='ocrx_word' id='word_1_54' title='bbox 867 734 909 784; x_wconf 89' lang='lat' dir='ltr'>hoc</span> <span class='ocrx_word' id='word_1_55' title='bbox 925 735 980 785; x_wconf 91' lang='lat' dir='ltr'>libro</span> 
     </span>
     <span class='ocr_line' id='line_1_8' title="bbox 199 805 981 866; baseline 0.002 -12"><span class='ocrx_word' id='word_1_56' title='bbox 199 807 259 865; x_wconf 89' lang='lat' dir='ltr'>quod</span> <span class='ocrx_word' id='word_1_57' title='bbox 269 819 325 855; x_wconf 90' lang='lat' dir='ltr'>esset</span> <span class='ocrx_word' id='word_1_58' title='bbox 335 805 390 855; x_wconf 92' lang='lat' dir='ltr'>illud</span> <span class='ocrx_word' id='word_1_59' title='bbox 400 805 487 854; x_wconf 85' lang='lat' dir='ltr'>dicendi</span> <span class='ocrx_word' id='word_1_60' title='bbox 497 826 565 866; x_wconf 79' lang='lat' dir='ltr'>genus</span> <span class='ocrx_word' id='word_1_61' title='bbox 575 806 630 855; x_wconf 88' lang='lat' dir='ltr'>adeo</span> <span class='ocrx_word' id='word_1_62' title='bbox 642 805 748 855; x_wconf 84' lang='lat' dir='ltr'>excellens</span> <span class='ocrx_word' id='word_1_63' title='bbox 761 806 859 866; x_wconf 84' lang='lat' dir='ltr'>adeoque</span> <span class='ocrx_word' id='word_1_64' title='bbox 873 806 981 865; x_wconf 92' lang='lat' dir='ltr'>optimum</span> 
     </span>
     <span class='ocr_line' id='line_1_9' title="bbox 197 877 981 939; baseline 0 -12"><span class='ocrx_word' id='word_1_65' title='bbox 197 892 262 939; x_wconf 87' lang='lat' dir='ltr'>atque</span> <span class='ocrx_word' id='word_1_66' title='bbox 276 877 398 938; x_wconf 86' lang='lat' dir='ltr'>perlectum</span> <span class='ocrx_word' id='word_1_67' title='bbox 409 878 444 928; x_wconf 91' lang='lat' dir='ltr'>cui</span> <span class='ocrx_word' id='word_1_68' title='bbox 456 891 529 938; x_wconf 88' lang='lat' dir='ltr'>posset</span> <span class='ocrx_word' id='word_1_69' title='bbox 541 878 595 927; x_wconf 84' lang='lat' dir='ltr'>nihil</span> <span class='ocrx_word' id='word_1_70' title='bbox 607 900 715 929; x_wconf 91' lang='lat' dir='ltr'>summam</span> <span class='ocrx_word' id='word_1_71' title='bbox 726 880 755 929; x_wconf 90' lang='lat' dir='ltr'>ad</span> <span class='ocrx_word' id='word_1_72' title='bbox 766 879 911 938; x_wconf 82' lang='lat' dir='ltr'>integritatem</span> <span class='ocrx_word' id='word_1_73' title='bbox 922 879 981 930; x_wconf 89' lang='lat' dir='ltr'>addi.</span> 
     </span>
    </p>

    <p class='ocr_par' dir='ltr' id='par_1_5' title="bbox 159 950 1047 1379">
     <span class='ocr_line' id='line_1_10' title="bbox 197 950 982 1013; baseline 0.001 -12"><span class='ocrx_word' id='word_1_74' title='bbox 197 965 199 969; x_wconf 83' lang='lat'>&#39;</span> <span class='ocrx_word' id='word_1_75' title='bbox 241 951 293 1002; x_wconf 89' lang='lat' dir='ltr'>Uno</span> <span class='ocrx_word' id='word_1_76' title='bbox 306 952 359 1001; x_wconf 90' lang='lat' dir='ltr'>item</span> <span class='ocrx_word' id='word_1_77' title='bbox 373 951 429 1001; x_wconf 92' lang='lat' dir='ltr'>libro</span> <span class='ocrx_word' id='word_1_78' title='bbox 440 951 568 1001; x_wconf 88' lang='lat' dir='ltr'>Partitiones</span> <span class='ocrx_word' id='word_1_79' title='bbox 579 950 689 1002; x_wconf 88' lang='lat' dir='ltr'>Oratorias</span> <span class='ocrx_word' id='word_1_80' title='bbox 701 952 814 1013; x_wconf 89' lang='lat' dir='ltr'>disputans</span> <span class='ocrx_word' id='word_1_81' title='bbox 825 952 910 1002; x_wconf 79' lang='lat' dir='ltr'>Graeco</span> <span class='ocrx_word' id='word_1_82' title='bbox 922 974 982 1002; x_wconf 88' lang='lat' dir='ltr'>more</span> 
     </span>
     <span class='ocr_line' id='line_1_11' title="bbox 159 1022 982 1085; baseline 0.001 -12"><span class='ocrx_word' id='word_1_83' title='bbox 159 1023 298 1074; x_wconf 78' lang='lat' dir='ltr'>lO&#39;absolvit.</span> <span class='ocrx_word' id='word_1_84' title='bbox 312 1022 367 1072; x_wconf 84' lang='lat' dir='ltr'>Filio</span> <span class='ocrx_word' id='word_1_85' title='bbox 380 1024 439 1073; x_wconf 91' lang='lat' dir='ltr'>enim</span> <span class='ocrx_word' id='word_1_86' title='bbox 451 1024 485 1074; x_wconf 85' lang='lat' dir='ltr'>M.</span> <span class='ocrx_word' id='word_1_87' title='bbox 499 1023 599 1074; x_wconf 88' lang='lat' dir='ltr'>Ciceroni</span> <span class='ocrx_word' id='word_1_88' title='bbox 612 1025 665 1074; x_wconf 91' lang='lat' dir='ltr'>haec</span> <span class='ocrx_word' id='word_1_89' title='bbox 676 1025 751 1075; x_wconf 90' lang='lat' dir='ltr'>audire</span> <span class='ocrx_word' id='word_1_90' title='bbox 764 1026 859 1075; x_wconf 85' lang='lat' dir='ltr'>studenti</span> <span class='ocrx_word' id='word_1_91' title='bbox 872 1038 937 1085; x_wconf 88' lang='lat' dir='ltr'>atque</span> <span class='ocrx_word' id='word_1_92' title='bbox 948 1027 982 1075; x_wconf 79' lang='lat' dir='ltr'>in-</span> 
     </span>
     <span class='ocr_line' id='line_1_12' title="bbox 198 1096 982 1165; baseline 0.004 -20"><span class='ocrx_word' id='word_1_93' title='bbox 198 1098 304 1155; x_wconf 78' lang='lat' dir='ltr'>teroganti</span> <span class='ocrx_word' id='word_1_94' title='bbox 323 1098 346 1145; x_wconf 93' lang='lat' dir='ltr'>in</span> <span class='ocrx_word' id='word_1_95' title='bbox 371 1097 449 1156; x_wconf 81' lang='lat' dir='ltr'>dialogi</span> <span class='ocrx_word' id='word_1_96' title='bbox 473 1096 566 1147; x_wconf 86' lang='lat' dir='ltr'>lormam</span> <span class='ocrx_word' id='word_1_97' title='bbox 586 1097 662 1147; x_wconf 90' lang='lat' dir='ltr'>Cicero</span> <span class='ocrx_word' id='word_1_98' title='bbox 682 1111 742 1157; x_wconf 85' lang='lat' dir='ltr'>pater</span> <span class='ocrx_word' id='word_1_99' title='bbox 761 1099 881 1165; x_wconf 79' lang='lat' dir='ltr'>respondet</span> <span class='ocrx_word' id='word_1_100' title='bbox 896 1100 943 1159; x_wconf 86' lang='lat' dir='ltr'>ipse</span> <span class='ocrx_word' id='word_1_101' title='bbox 961 1115 982 1149; x_wconf 86' lang='lat' dir='ltr'>et</span> 
     </span>
     <span class='ocr_line' id='line_1_13' title="bbox 199 1169 1011 1233; baseline 0.004 -14"><span class='ocrx_word' id='word_1_102' title='bbox 199 1190 254 1230; x_wconf 89' lang='lat' dir='ltr'>quae</span> <span class='ocrx_word' id='word_1_103' title='bbox 268 1169 388 1220; x_wconf 87' lang='lat' dir='ltr'>floruerunt</span> <span class='ocrx_word' id='word_1_104' title='bbox 403 1169 473 1220; x_wconf 89' lang='lat' dir='ltr'>media</span> <span class='ocrx_word' id='word_1_105' title='bbox 490 1190 517 1220; x_wconf 85' lang='lat' dir='ltr'>ex</span> <span class='ocrx_word' id='word_1_106' title='bbox 532 1170 650 1221; x_wconf 75' lang='lat' dir='ltr'>Academia</span> <span class='ocrx_word' id='word_1_107' title='bbox 667 1171 797 1221; x_wconf 86' lang='lat' dir='ltr'>documenta</span> <span class='ocrx_word' id='word_1_108' title='bbox 814 1173 906 1221; x_wconf 86' lang='lat' dir='ltr'>oratoria</span> <span class='ocrx_word' id='word_1_109' title='bbox 922 1185 982 1233; x_wconf 83' lang='lat' dir='ltr'>pate-</span> <span class='ocrx_word' id='word_1_110' title='bbox 1008 1171 1011 1176; x_wconf 66' lang='grc'><em>’</em></span> 
     </span>
     <span class='ocr_line' id='line_1_14' title="bbox 198 1245 849 1294; baseline -0.006 -1"><span class='ocrx_word' id='word_1_111' title='bbox 198 1245 256 1294; x_wconf 81' lang='lat' dir='ltr'>lecit.</span> <span class='ocrx_word' id='word_1_112' title='bbox 423 1258 425 1260; x_wconf 82' lang='grc'><strong>’</strong></span> <span class='ocrx_word' id='word_1_113' title='bbox 847 1265 849 1267; x_wconf 50' lang='lat'>&gt;</span> 
     </span>
     <span class='ocr_line' id='line_1_15' title="bbox 242 1316 983 1373; baseline 0.002 -8"><span class='ocrx_word' id='word_1_114' title='bbox 242 1316 382 1366; x_wconf 88' lang='lat' dir='ltr'>Proficiscens</span> <span class='ocrx_word' id='word_1_115' title='bbox 392 1329 465 1366; x_wconf 89' lang='lat' dir='ltr'>autem</span> <span class='ocrx_word' id='word_1_116' title='bbox 474 1317 497 1366; x_wconf 93' lang='lat' dir='ltr'>in</span> <span class='ocrx_word' id='word_1_117' title='bbox 506 1316 628 1373; x_wconf 84' lang='lat' dir='ltr'>Graeciam,</span> <span class='ocrx_word' id='word_1_118' title='bbox 638 1337 689 1367; x_wconf 90' lang='lat' dir='ltr'>cum</span> <span class='ocrx_word' id='word_1_119' title='bbox 698 1331 785 1367; x_wconf 88' lang='lat' dir='ltr'>mortuo</span> <span class='ocrx_word' id='word_1_120' title='bbox 794 1317 885 1367; x_wconf 84' lang='lat' dir='ltr'>Caesare</span> <span class='ocrx_word' id='word_1_121' title='bbox 894 1318 929 1368; x_wconf 78' lang='lat' dir='ltr'>M.</span> <span class='ocrx_word' id='word_1_122' title='bbox 937 1318 983 1368; x_wconf 81' lang='lat' dir='ltr'>An-</span> 
     </span>
    </p>

    <p class='ocr_par' dir='ltr' id='par_1_6' title="bbox 161 1383 1047 1596">
     <span class='ocr_line' id='line_1_16' title="bbox 161 1387 984 1449; baseline 0 -11"><span class='ocrx_word' id='word_1_123' title='bbox 161 1391 187 1440; x_wconf 80' lang='lat' dir='ltr'>l5</span> <span class='ocrx_word' id='word_1_124' title='bbox 203 1389 275 1438; x_wconf 88' lang='lat' dir='ltr'>tonius</span> <span class='ocrx_word' id='word_1_125' title='bbox 290 1387 366 1438; x_wconf 92' lang='lat' dir='ltr'>consul</span> <span class='ocrx_word' id='word_1_126' title='bbox 382 1388 455 1438; x_wconf 91' lang='lat' dir='ltr'>omnia</span> <span class='ocrx_word' id='word_1_127' title='bbox 471 1388 734 1449; x_wconf 71' lang='lat' dir='ltr'>perturbaret&#39;lugatique</span> <span class='ocrx_word' id='word_1_128' title='bbox 750 1391 855 1439; x_wconf 85' lang='lat' dir='ltr'>occisores</span> <span class='ocrx_word' id='word_1_129' title='bbox 872 1403 943 1440; x_wconf 88' lang='lat' dir='ltr'>essent</span> <span class='ocrx_word' id='word_1_130' title='bbox 960 1412 984 1439; x_wconf 88' lang='lat' dir='ltr'>ac</span> 
     </span>
     <span class='ocr_line' id='line_1_17' title="bbox 201 1460 984 1530; baseline -0.002 -18"><span class='ocrx_word' id='word_1_131' title='bbox 201 1462 312 1512; x_wconf 85' lang='lat' dir='ltr'>Ciceronis</span> <span class='ocrx_word' id='word_1_132' title='bbox 323 1480 388 1521; x_wconf 90' lang='lat' dir='ltr'>opera</span> <span class='ocrx_word' id='word_1_133' title='bbox 399 1482 470 1521; x_wconf 87' lang='lat' dir='ltr'>neque</span> <span class='ocrx_word' id='word_1_134' title='bbox 480 1480 514 1510; x_wconf 86' lang='lat' dir='ltr'>res</span> <span class='ocrx_word' id='word_1_135' title='bbox 525 1460 612 1521; x_wconf 86' lang='lat' dir='ltr'>publica</span> <span class='ocrx_word' id='word_1_136' title='bbox 624 1483 664 1529; x_wconf 87' lang='lat' dir='ltr'>nec</span> <span class='ocrx_word' id='word_1_137' title='bbox 677 1462 740 1512; x_wconf 86' lang='lat' dir='ltr'>amici</span> <span class='ocrx_word' id='word_1_138' title='bbox 754 1474 866 1512; x_wconf 85' lang='lat' dir='ltr'>uterentur</span> <span class='ocrx_word' id='word_1_139' title='bbox 878 1478 918 1530; x_wconf 86' lang='lat' dir='ltr'>nec</span> <span class='ocrx_word' id='word_1_140' title='bbox 926 1464 984 1513; x_wconf 88' lang='lat' dir='ltr'>inter</span> 
     </span>
     <span class='ocr_line' id='line_1_18' title="bbox 200 1534 984 1594; baseline -0.004 -10"><span class='ocrx_word' id='word_1_141' title='bbox 200 1554 259 1584; x_wconf 89' lang='lat' dir='ltr'>arma</span> <span class='ocrx_word' id='word_1_142' title='bbox 272 1547 358 1594; x_wconf 84' lang='lat' dir='ltr'>togatus</span> <span class='ocrx_word' id='word_1_143' title='bbox 373 1547 494 1583; x_wconf 88' lang='lat' dir='ltr'>versaretur</span> <span class='ocrx_word' id='word_1_144' title='bbox 507 1547 562 1589; x_wconf 87' lang='lat' dir='ltr'>tuto,</span> <span class='ocrx_word' id='word_1_145' title='bbox 573 1534 696 1593; x_wconf 88' lang='lat' dir='ltr'>composuit</span> <span class='ocrx_word' id='word_1_146' title='bbox 705 1534 734 1583; x_wconf 91' lang='lat' dir='ltr'>ad</span> <span class='ocrx_word' id='word_1_147' title='bbox 744 1535 770 1583; x_wconf 89' lang='lat' dir='ltr'>C.</span> <span class='ocrx_word' id='word_1_148' title='bbox 777 1534 911 1584; x_wconf 79' lang='lat' dir='ltr'>Trebatium</span> <span class='ocrx_word' id='word_1_149' title='bbox 921 1535 984 1584; x_wconf 86' lang='lat' dir='ltr'>iuris·</span> 
     </span>
    </p>

    <p class='ocr_par' dir='ltr' id='par_1_7' title="bbox 149 1600 1047 1740">
     <span class='ocr_line' id='line_1_19' title="bbox 149 1600 984 1673; baseline 0.001 -17"><span class='ocrx_word' id='word_1_150' title='bbox 149 1600 150 1603; x_wconf 11' lang='grc' dir='ltr'><strong>Ἴ</strong></span> <span class='ocrx_word' id='word_1_151' title='bbox 201 1606 324 1656; x_wconf 87' lang='lat' dir='ltr'>consultum</span> <span class='ocrx_word' id='word_1_152' title='bbox 338 1605 474 1664; x_wconf 89' lang='lat' dir='ltr'>Topicorum</span> <span class='ocrx_word' id='word_1_153' title='bbox 495 1606 576 1654; x_wconf 93' lang='lat' dir='ltr'>librum</span> <span class='ocrx_word' id='word_1_154' title='bbox 590 1626 666 1661; x_wconf 88' lang='lat' dir='ltr'>unum,</span> <span class='ocrx_word' id='word_1_155' title='bbox 681 1608 704 1655; x_wconf 90' lang='lat' dir='ltr'>in</span> <span class='ocrx_word' id='word_1_156' title='bbox 718 1626 763 1665; x_wconf 92' lang='lat' dir='ltr'>quo</span> <span class='ocrx_word' id='word_1_157' title='bbox 773 1607 872 1673; x_wconf 79' lang='lat' dir='ltr'>haustam</span> <span class='ocrx_word' id='word_1_158' title='bbox 886 1627 913 1655; x_wconf 86' lang='lat' dir='ltr'>ex</span> <span class='ocrx_word' id='word_1_159' title='bbox 924 1607 984 1656; x_wconf 79' lang='lat' dir='ltr'>Aris-</span> 
     </span>
     <span class='ocr_line' id='line_1_20' title="bbox 201 1678 985 1740; baseline -0.002 -9"><span class='ocrx_word' id='word_1_160' title='bbox 201 1679 266 1731; x_wconf 86' lang='lat' dir='ltr'>totele</span> <span class='ocrx_word' id='word_1_161' title='bbox 280 1678 417 1740; x_wconf 88' lang='lat' dir='ltr'>disciplinam</span> <span class='ocrx_word' id='word_1_162' title='bbox 430 1679 554 1729; x_wconf 88' lang='lat' dir='ltr'>inveniendi</span> <span class='ocrx_word' id='word_1_163' title='bbox 567 1693 693 1739; x_wconf 83' lang='lat' dir='ltr'>argumenta</span> <span class='ocrx_word' id='word_1_164' title='bbox 707 1680 774 1729; x_wconf 89' lang='lat' dir='ltr'>dedit.</span> <span class='ocrx_word' id='word_1_165' title='bbox 788 1680 848 1729; x_wconf 90' lang='lat' dir='ltr'>Haec</span> <span class='ocrx_word' id='word_1_166' title='bbox 866 1700 954 1739; x_wconf 87' lang='lat' dir='ltr'>nanque</span> <span class='ocrx_word' id='word_1_167' title='bbox 973 1703 985 1729; x_wconf 93' lang='lat' dir='ltr'>a</span> 
     </span>
    </p>

    <p class='ocr_par' dir='ltr' id='par_1_8' title="bbox 158 1745 1047 1890">
     <span class='ocr_line' id='line_1_21' title="bbox 158 1745 985 1808; baseline -0.006 -2"><span class='ocrx_word' id='word_1_168' title='bbox 158 1757 190 1806; x_wconf 84' lang='lat'>20·</span> <span class='ocrx_word' id='word_1_169' title='bbox 203 1753 313 1804; x_wconf 84' lang='lat' dir='ltr'>dialectica</span> <span class='ocrx_word' id='word_1_170' title='bbox 328 1754 358 1802; x_wconf 89' lang='lat' dir='ltr'>ita</span> <span class='ocrx_word' id='word_1_171' title='bbox 373 1752 446 1802; x_wconf 83' lang='lat' dir='ltr'>differt</span> <span class='ocrx_word' id='word_1_172' title='bbox 461 1765 493 1808; x_wconf 93' lang='lat' dir='ltr'>ut,</span> <span class='ocrx_word' id='word_1_173' title='bbox 509 1773 560 1801; x_wconf 93' lang='lat' dir='ltr'>cum</span> <span class='ocrx_word' id='word_1_174' title='bbox 576 1752 683 1802; x_wconf 88' lang='lat' dir='ltr'>diserendi</span> <span class='ocrx_word' id='word_1_175' title='bbox 700 1753 743 1802; x_wconf 88' lang='lat' dir='ltr'>sint</span> <span class='ocrx_word' id='word_1_176' title='bbox 758 1753 851 1802; x_wconf 88' lang='lat' dir='ltr'>rationes</span> <span class='ocrx_word' id='word_1_177' title='bbox 867 1753 929 1808; x_wconf 90' lang='lat' dir='ltr'>duae,</span> <span class='ocrx_word' id='word_1_178' title='bbox 945 1745 985 1801; x_wconf 82' lang='lat' dir='ltr'>ista</span> 
     </span>
     <span class='ocr_line' id='line_1_22' title="bbox 202 1818 887 1890; baseline -0.004 -14"><span class='ocrx_word' id='word_1_179' title='bbox 202 1827 326 1879; x_wconf 88' lang='lat' dir='ltr'>inveniendi</span> <span class='ocrx_word' id='word_1_180' title='bbox 340 1818 473 1886; x_wconf 78' lang='lat' dir='ltr'>argumenta,</span> <span class='ocrx_word' id='word_1_181' title='bbox 487 1825 524 1875; x_wconf 93' lang='lat' dir='ltr'>illa</span> <span class='ocrx_word' id='word_1_182' title='bbox 537 1825 647 1876; x_wconf 86' lang='lat' dir='ltr'>iudicandi</span> <span class='ocrx_word' id='word_1_183' title='bbox 662 1825 887 1890; x_wconf 86' lang='lat' dir='ltr'>rationemexhibeat.</span> 
     </span>
    </p>

    <p class='ocr_par' dir='ltr' id='par_1_9' title="bbox 244 1897 1047 1966">
     <span class='ocr_line' id='line_1_23' title="bbox 244 1898 985 1959; baseline -0.004 -10"><span class='ocrx_word' id='word_1_184' title='bbox 244 1900 289 1949; x_wconf 88' lang='lat' dir='ltr'>Sed</span> <span class='ocrx_word' id='word_1_185' title='bbox 304 1900 326 1949; x_wconf 91' lang='lat' dir='ltr'>hi</span> <span class='ocrx_word' id='word_1_186' title='bbox 341 1900 431 1959; x_wconf 88' lang='lat' dir='ltr'>quidem</span> <span class='ocrx_word' id='word_1_187' title='bbox 442 1919 498 1958; x_wconf 89' lang='lat' dir='ltr'>quos</span> <span class='ocrx_word' id='word_1_188' title='bbox 510 1899 619 1949; x_wconf 90' lang='lat' dir='ltr'>nominavi</span> <span class='ocrx_word' id='word_1_189' title='bbox 631 1899 659 1948; x_wconf 92' lang='lat' dir='ltr'>ad</span> <span class='ocrx_word' id='word_1_190' title='bbox 670 1899 768 1948; x_wconf 90' lang='lat' dir='ltr'>instituta</span> <span class='ocrx_word' id='word_1_191' title='bbox 780 1898 866 1948; x_wconf 87' lang='lat' dir='ltr'>dicendi</span> <span class='ocrx_word' id='word_1_192' title='bbox 878 1899 985 1958; x_wconf 89' lang='lat' dir='ltr'>pertinent</span> 
     </span>
    </p>

    <p class='ocr_par' dir='ltr' id='par_1_10' title="bbox 204 1966 1046 2112">
     <span class='ocr_line' id='line_1_24' title="bbox 204 1971 986 2031; baseline -0.004 -9"><span class='ocrx_word' id='word_1_193' title='bbox 204 1994 287 2023; x_wconf 85' lang='lat' dir='ltr'>omnes.</span> <span class='ocrx_word' id='word_1_194' title='bbox 301 1972 338 2022; x_wconf 76' lang='lat' dir='ltr'>h&#39;d</span> <span class='ocrx_word' id='word_1_195' title='bbox 356 1971 517 2031; x_wconf 88' lang='lat' dir='ltr'>philosophiam</span> <span class='ocrx_word' id='word_1_196' title='bbox 535 1991 587 2021; x_wconf 89' lang='lat' dir='ltr'>vero</span> <span class='ocrx_word' id='word_1_197' title='bbox 605 1992 630 2021; x_wconf 90' lang='lat' dir='ltr'>ac</span> <span class='ocrx_word' id='word_1_198' title='bbox 649 1977 763 2031; x_wconf 82' lang='lat' dir='ltr'>praecepta</span> <span class='ocrx_word' id='word_1_199' title='bbox 782 1989 868 2020; x_wconf 91' lang='lat' dir='ltr'>morum</span> <span class='ocrx_word' id='word_1_200' title='bbox 887 1983 912 2020; x_wconf 92' lang='lat' dir='ltr'>ut</span> <span class='ocrx_word' id='word_1_201' title='bbox 930 1971 986 2020; x_wconf 88' lang='lat' dir='ltr'>bene</span> 
     </span>
     <span class='ocr_line' id='line_1_25' title="bbox 204 2044 986 2112; baseline -0.006 -16"><span class='ocrx_word' id='word_1_202' title='bbox 204 2046 333 2106; x_wconf 81' lang='lat' dir='ltr'>laudateque</span> <span class='ocrx_word' id='word_1_203' title='bbox 348 2047 433 2096; x_wconf 89' lang='lat' dir='ltr'>vivatur</span> <span class='ocrx_word' id='word_1_204' title='bbox 447 2045 514 2094; x_wconf 90' lang='lat' dir='ltr'>libros</span> <span class='ocrx_word' id='word_1_205' title='bbox 529 2045 622 2094; x_wconf 89' lang='lat' dir='ltr'>scribere</span> <span class='ocrx_word' id='word_1_206' title='bbox 637 2045 736 2094; x_wconf 89' lang='lat' dir='ltr'>omnium</span> <span class='ocrx_word' id='word_1_207' title='bbox 751 2044 847 2103; x_wconf 86' lang='lat' dir='ltr'>primum</span> <span class='ocrx_word' id='word_1_208' title='bbox 862 2044 893 2092; x_wconf 64' lang='lat' dir='ltr'>de&gt;</span> <span class='ocrx_word' id='word_1_209' title='bbox 904 2044 986 2112; x_wconf 84' lang='lat' dir='ltr'>optimo</span> 
     </span>
    </p>

    <p class='ocr_par' dir='ltr' id='par_1_11' title="bbox 140 2115 1047 2475">
     <span class='ocr_line' id='line_1_26' title="bbox 140 2117 986 2178; baseline -0.006 -9"><span class='ocrx_word' id='word_1_210' title='bbox 140 2148 142 2150; x_wconf 30' lang='lat' dir='ltr'>v</span> <span class='ocrx_word' id='word_1_211' title='bbox 160 2118 188 2170; x_wconf 74' lang='lat'>25</span> <span class='ocrx_word' id='word_1_212' title='bbox 204 2120 295 2169; x_wconf 87' lang='lat' dir='ltr'>civitatis</span> <span class='ocrx_word' id='word_1_213' title='bbox 310 2132 367 2168; x_wconf 88' lang='lat' dir='ltr'>statu</span> <span class='ocrx_word' id='word_1_214' title='bbox 382 2119 453 2178; x_wconf 87' lang='lat' dir='ltr'>deque</span> <span class='ocrx_word' id='word_1_215' title='bbox 468 2119 551 2177; x_wconf 91' lang='lat' dir='ltr'>optimo</span> <span class='ocrx_word' id='word_1_216' title='bbox 573 2117 620 2167; x_wconf 90' lang='lat' dir='ltr'>cive</span> <span class='ocrx_word' id='word_1_217' title='bbox 641 2118 761 2167; x_wconf 89' lang='lat' dir='ltr'>constituit.</span> <span class='ocrx_word' id='word_1_218' title='bbox 784 2117 843 2166; x_wconf 87' lang='lat' dir='ltr'>Rem</span> <span class='ocrx_word' id='word_1_219' title='bbox 861 2117 944 2176; x_wconf 90' lang='lat' dir='ltr'>quippe</span> <span class='ocrx_word' id='word_1_220' title='bbox 959 2129 986 2174; x_wconf 75' lang='lat' dir='ltr'>¹et</span> 
     </span>
     <span class='ocr_line' id='line_1_27' title="bbox 202 2189 987 2250; baseline -0.005 -10"><span class='ocrx_word' id='word_1_221' title='bbox 202 2212 302 2250; x_wconf 82' lang='lat' dir='ltr'>magnam</span> <span class='ocrx_word' id='word_1_222' title='bbox 312 2204 334 2240; x_wconf 86' lang='lat' dir='ltr'>et</span> <span class='ocrx_word' id='word_1_223' title='bbox 344 2210 430 2249; x_wconf 82' lang='lat' dir='ltr'>gravem</span> <span class='ocrx_word' id='word_1_224' title='bbox 440 2203 512 2250; x_wconf 87' lang='lat' dir='ltr'>atque,</span> <span class='ocrx_word' id='word_1_225' title='bbox 524 2202 548 2239; x_wconf 89' lang='lat' dir='ltr'>ut</span> <span class='ocrx_word' id='word_1_226' title='bbox 558 2190 605 2248; x_wconf 86' lang='lat' dir='ltr'>ipse</span> <span class='ocrx_word' id='word_1_227' title='bbox 615 2191 693 2249; x_wconf 91' lang='lat' dir='ltr'>inquit,</span> <span class='ocrx_word' id='word_1_228' title='bbox 704 2190 792 2248; x_wconf 86' lang='lat' dir='ltr'>plurimi</span> <span class='ocrx_word' id='word_1_229' title='bbox 803 2189 851 2243; x_wconf 91' lang='lat' dir='ltr'>ocii,</span> <span class='ocrx_word' id='word_1_230' title='bbox 862 2210 907 2248; x_wconf 87' lang='lat' dir='ltr'>quo</span> <span class='ocrx_word' id='word_1_231' title='bbox 917 2198 987 2247; x_wconf 85' lang='lat' dir='ltr'>egeret</span> 
     </span>
     <span class='ocr_line' id='line_1_28' title="bbox 204 2260 987 2327; baseline -0.007 -13"><span class='ocrx_word' id='word_1_232' title='bbox 204 2275 270 2325; x_wconf 90' lang='lat' dir='ltr'>quam</span> <span class='ocrx_word' id='word_1_233' title='bbox 285 2265 384 2319; x_wconf 85' lang='lat' dir='ltr'>maxime,</span> <span class='ocrx_word' id='word_1_234' title='bbox 400 2282 512 2322; x_wconf 80' lang='lat' dir='ltr'>aggressus</span> <span class='ocrx_word' id='word_1_235' title='bbox 527 2276 567 2312; x_wconf 89' lang='lat' dir='ltr'>est.</span> <span class='ocrx_word' id='word_1_236' title='bbox 583 2262 682 2327; x_wconf 88' lang='lat' dir='ltr'>Scribere</span> <span class='ocrx_word' id='word_1_237' title='bbox 697 2283 784 2322; x_wconf 88' lang='lat' dir='ltr'>nanque</span> <span class='ocrx_word' id='word_1_238' title='bbox 797 2275 846 2310; x_wconf 88' lang='lat' dir='ltr'>tum</span> <span class='ocrx_word' id='word_1_239' title='bbox 861 2261 902 2310; x_wconf 89' lang='lat' dir='ltr'>ista</span> <span class='ocrx_word' id='word_1_240' title='bbox 916 2260 987 2321; x_wconf 89' lang='lat' dir='ltr'>coepit</span> 
     </span>
     <span class='ocr_line' id='line_1_29' title="bbox 203 2333 987 2395; baseline -0.008 -7"><span class='ocrx_word' id='word_1_241' title='bbox 203 2359 254 2389; x_wconf 86' lang='lat' dir='ltr'>cum</span> <span class='ocrx_word' id='word_1_242' title='bbox 268 2349 380 2387; x_wconf 88' lang='lat' dir='ltr'>revocatus</span> <span class='ocrx_word' id='word_1_243' title='bbox 390 2335 417 2385; x_wconf 91' lang='lat' dir='ltr'>ab</span> <span class='ocrx_word' id='word_1_244' title='bbox 428 2334 491 2385; x_wconf 90' lang='lat' dir='ltr'>exilio</span> <span class='ocrx_word' id='word_1_245' title='bbox 501 2334 668 2395; x_wconf 89' lang='lat' dir='ltr'>rempublicam</span> <span class='ocrx_word' id='word_1_246' title='bbox 678 2335 814 2394; x_wconf 84' lang='lat' dir='ltr'>gubernaret.</span> <span class='ocrx_word' id='word_1_247' title='bbox 824 2333 888 2394; x_wconf 87' lang='lat' dir='ltr'>Opus</span> <span class='ocrx_word' id='word_1_248' title='bbox 898 2333 987 2394; x_wconf 90' lang='lat' dir='ltr'>quidem</span> 
     </span>
     <span class='ocr_line' id='line_1_30' title="bbox 204 2406 987 2473; baseline -0.007 -12"><span class='ocrx_word' id='word_1_249' title='bbox 204 2410 316 2461; x_wconf 85' lang='lat' dir='ltr'>texebatur</span> <span class='ocrx_word' id='word_1_250' title='bbox 332 2408 458 2464; x_wconf 87' lang='lat' dir='ltr'>luculenter,</span> <span class='ocrx_word' id='word_1_251' title='bbox 475 2421 496 2457; x_wconf 91' lang='lat' dir='ltr'>et</span> <span class='ocrx_word' id='word_1_252' title='bbox 512 2406 562 2457; x_wconf 90' lang='lat' dir='ltr'>libri</span> <span class='ocrx_word' id='word_1_253' title='bbox 578 2407 629 2458; x_wconf 83' lang='lat' dir='ltr'>iacti</span> <span class='ocrx_word' id='word_1_254' title='bbox 645 2409 688 2457; x_wconf 90' lang='lat' dir='ltr'>iam</span> <span class='ocrx_word' id='word_1_255' title='bbox 704 2408 748 2457; x_wconf 91' lang='lat' dir='ltr'>duo</span> <span class='ocrx_word' id='word_1_256' title='bbox 765 2420 832 2457; x_wconf 86' lang='lat' dir='ltr'>erant.</span> <span class='ocrx_word' id='word_1_257' title='bbox 849 2406 928 2456; x_wconf 89' lang='lat' dir='ltr'>Forma</span> <span class='ocrx_word' id='word_1_258' title='bbox 943 2419 987 2473; x_wconf 85' lang='lat' dir='ltr'>erat</span> 
     </span>
    </p>

    <p class='ocr_par' dir='ltr' id='par_1_12' title="bbox 162 2480 1047 2681">
     <span class='ocr_line' id='line_1_31' title="bbox 162 2480 1046 2542; baseline -0.011 -7"><span class='ocrx_word' id='word_1_259' title='bbox 162 2485 191 2535; x_wconf 81' lang='lat'>30</span> <span class='ocrx_word' id='word_1_260' title='bbox 207 2482 292 2542; x_wconf 81' lang='lat' dir='ltr'>dialogi.</span> <span class='ocrx_word' id='word_1_261' title='bbox 307 2480 351 2541; x_wconf 86' lang='lat' dir='ltr'>Qui</span> <span class='ocrx_word' id='word_1_262' title='bbox 362 2494 436 2530; x_wconf 86' lang='lat' dir='ltr'>autem</span> <span class='ocrx_word' id='word_1_263' title='bbox 446 2480 590 2542; x_wconf 90' lang='lat' dir='ltr'>loquebantur</span> <span class='ocrx_word' id='word_1_264' title='bbox 601 2493 622 2530; x_wconf 90' lang='lat' dir='ltr'>et</span> <span class='ocrx_word' id='word_1_265' title='bbox 634 2481 773 2540; x_wconf 88' lang='lat' dir='ltr'>disputabant</span> <span class='ocrx_word' id='word_1_266' title='bbox 784 2480 824 2530; x_wconf 84' lang='lat' dir='ltr'>viri</span> <span class='ocrx_word' id='word_1_267' title='bbox 835 2491 896 2529; x_wconf 85' lang='lat' dir='ltr'>erant</span> <span class='ocrx_word' id='word_1_268' title='bbox 906 2492 987 2528; x_wconf 86' lang='lat' dir='ltr'>veteres</span> <span class='ocrx_word' id='word_1_269' title='bbox 1040 2483 1046 2540; x_wconf 67' lang='lat' dir='ltr'>&#39;J</span> 
     </span>
     <span class='ocr_line' id='line_1_32' title="bbox 205 2551 1044 2615; baseline -0.006 -10"><span class='ocrx_word' id='word_1_270' title='bbox 205 2569 226 2605; x_wconf 88' lang='lat' dir='ltr'>et</span> <span class='ocrx_word' id='word_1_271' title='bbox 240 2576 295 2614; x_wconf 92' lang='lat' dir='ltr'>quos</span> <span class='ocrx_word' id='word_1_272' title='bbox 317 2575 430 2615; x_wconf 92' lang='lat' dir='ltr'>nunquam</span> <span class='ocrx_word' id='word_1_273' title='bbox 450 2555 537 2603; x_wconf 82' lang='lat' dir='ltr'>viderat</span> <span class='ocrx_word' id='word_1_274' title='bbox 553 2556 600 2614; x_wconf 88' lang='lat' dir='ltr'>ipse</span> <span class='ocrx_word' id='word_1_275' title='bbox 621 2554 712 2603; x_wconf 89' lang='lat' dir='ltr'>civitatis</span> <span class='ocrx_word' id='word_1_276' title='bbox 733 2554 842 2613; x_wconf 88' lang='lat' dir='ltr'>principes</span> <span class='ocrx_word' id='word_1_277' title='bbox 862 2554 988 2602; x_wconf 82' lang='lat' dir='ltr'>introducti.</span> <span class='ocrx_word' id='word_1_278' title='bbox 1037 2551 1044 2600; x_wconf 55' lang='grc' dir='ltr'>ξ,</span> 
     </span>
     <span class='ocr_line' id='line_1_33' title="bbox 205 2624 988 2677; baseline -0.008 -1"><span class='ocrx_word' id='word_1_279' title='bbox 205 2629 282 2677; x_wconf 90' lang='lat' dir='ltr'>Sermo</span> <span class='ocrx_word' id='word_1_280' title='bbox 295 2641 344 2675; x_wconf 64' lang='lat' dir='ltr'>erat&gt;</span> <span class='ocrx_word' id='word_1_281' title='bbox 352 2647 432 2675; x_wconf 89' lang='lat' dir='ltr'>novem</span> <span class='ocrx_word' id='word_1_282' title='bbox 444 2626 467 2674; x_wconf 91' lang='lat' dir='ltr'>in</span> <span class='ocrx_word' id='word_1_283' title='bbox 480 2625 526 2674; x_wconf 91' lang='lat' dir='ltr'>dies</span> <span class='ocrx_word' id='word_1_284' title='bbox 540 2638 561 2673; x_wconf 87' lang='lat' dir='ltr'>et</span> <span class='ocrx_word' id='word_1_285' title='bbox 573 2625 640 2673; x_wconf 86' lang='lat' dir='ltr'>libros</span> <span class='ocrx_word' id='word_1_286' title='bbox 648 2624 789 2674; x_wconf 85' lang='lat' dir='ltr'>distributus.</span> <span class='ocrx_word' id='word_1_287' title='bbox 803 2625 918 2673; x_wconf 85' lang='lat' dir='ltr'>Sallustius</span> <span class='ocrx_word' id='word_1_288' title='bbox 931 2642 988 2677; x_wconf 86' lang='lat' dir='ltr'>vero,</span> 
     </span>
    </p>

    <p class='ocr_par' dir='ltr' id='par_1_13' title="bbox 206 2695 1047 2831">
     <span class='ocr_line' id='line_1_34' title="bbox 206 2695 989 2760; baseline -0.011 -10"><span class='ocrx_word' id='word_1_289' title='bbox 206 2700 243 2760; x_wconf 92' lang='lat' dir='ltr'>qui</span> <span class='ocrx_word' id='word_1_290' title='bbox 256 2713 305 2750; x_wconf 92' lang='lat' dir='ltr'>tum</span> <span class='ocrx_word' id='word_1_291' title='bbox 318 2712 362 2749; x_wconf 90' lang='lat' dir='ltr'>erat</span> <span class='ocrx_word' id='word_1_292' title='bbox 375 2700 421 2749; x_wconf 86' lang='lat' dir='ltr'>eius</span> <span class='ocrx_word' id='word_1_293' title='bbox 434 2697 545 2747; x_wconf 75' lang='lat' dir='ltr'>familiaris</span> <span class='ocrx_word' id='word_1_294' title='bbox 558 2712 579 2747; x_wconf 91' lang='lat' dir='ltr'>et</span> <span class='ocrx_word' id='word_1_295' title='bbox 592 2698 681 2752; x_wconf 87' lang='lat' dir='ltr'>amicus,</span> <span class='ocrx_word' id='word_1_296' title='bbox 694 2710 719 2746; x_wconf 91' lang='lat' dir='ltr'>ut</span> <span class='ocrx_word' id='word_1_297' title='bbox 732 2709 825 2745; x_wconf 86' lang='lat' dir='ltr'>mutaret</span> <span class='ocrx_word' id='word_1_298' title='bbox 837 2695 953 2745; x_wconf 90' lang='lat' dir='ltr'>consilium</span> <span class='ocrx_word' id='word_1_299' title='bbox 965 2715 989 2743; x_wconf 89' lang='lat' dir='ltr'>ac</span> 
     </span>
     <span class='ocr_line' id='line_1_35' title="bbox 206 2767 1047 2831; baseline -0.008 -10"><span class='ocrx_word' id='word_1_300' title='bbox 206 2785 314 2822; x_wconf 88' lang='lat' dir='ltr'>revocaret</span> <span class='ocrx_word' id='word_1_301' title='bbox 327 2793 382 2831; x_wconf 89' lang='lat' dir='ltr'>quae</span> <span class='ocrx_word' id='word_1_302' title='bbox 394 2773 438 2821; x_wconf 92' lang='lat' dir='ltr'>iam</span> <span class='ocrx_word' id='word_1_303' title='bbox 450 2772 563 2830; x_wconf 90' lang='lat' dir='ltr'>scripserat</span> <span class='ocrx_word' id='word_1_304' title='bbox 575 2771 688 2830; x_wconf 87' lang='lat' dir='ltr'>persuasit.</span> <span class='ocrx_word' id='word_1_305' title='bbox 701 2769 834 2819; x_wconf 79' lang='lat' dir='ltr'>Reformavit</span> <span class='ocrx_word' id='word_1_306' title='bbox 846 2769 912 2828; x_wconf 82' lang='lat' dir='ltr'>igitur</span> <span class='ocrx_word' id='word_1_307' title='bbox 924 2767 989 2818; x_wconf 90' lang='lat' dir='ltr'>alium</span> <span class='ocrx_word' id='word_1_308' title='bbox 1034 2778 1047 2814; x_wconf 42' lang='lat' dir='ltr'>‘j</span> 
     </span>
    </p>

    <p class='ocr_par' dir='ltr' id='par_1_14' title="bbox 164 2837 1046 3051">
     <span class='ocr_line' id='line_1_36' title="bbox 164 2839 990 2905; baseline -0.01 -9"><span class='ocrx_word' id='word_1_309' title='bbox 164 2848 191 2897; x_wconf 81' lang='lat'>35</span> <span class='ocrx_word' id='word_1_310' title='bbox 207 2847 230 2896; x_wconf 91' lang='lat' dir='ltr'>in</span> <span class='ocrx_word' id='word_1_311' title='bbox 245 2845 344 2896; x_wconf 90' lang='lat' dir='ltr'>ordinem</span> <span class='ocrx_word' id='word_1_312' title='bbox 357 2865 412 2905; x_wconf 88' lang='lat' dir='ltr'>opus</span> <span class='ocrx_word' id='word_1_313' title='bbox 426 2845 493 2904; x_wconf 87' lang='lat' dir='ltr'>idque</span> <span class='ocrx_word' id='word_1_314' title='bbox 506 2864 544 2893; x_wconf 84' lang='lat' dir='ltr'>sex</span> <span class='ocrx_word' id='word_1_315' title='bbox 557 2845 623 2893; x_wconf 90' lang='lat' dir='ltr'>modo</span> <span class='ocrx_word' id='word_1_316' title='bbox 636 2842 710 2894; x_wconf 87' lang='lat' dir='ltr'>divisit</span> <span class='ocrx_word' id='word_1_317' title='bbox 722 2843 745 2892; x_wconf 89' lang='lat' dir='ltr'>in</span> <span class='ocrx_word' id='word_1_318' title='bbox 759 2841 832 2897; x_wconf 88' lang='lat' dir='ltr'>libros,</span> <span class='ocrx_word' id='word_1_319' title='bbox 847 2841 885 2900; x_wconf 93' lang='lat' dir='ltr'>qui</span> <span class='ocrx_word' id='word_1_320' title='bbox 899 2853 950 2890; x_wconf 93' lang='lat' dir='ltr'>sunt</span> <span class='ocrx_word' id='word_1_321' title='bbox 963 2839 990 2888; x_wconf 89' lang='lat' dir='ltr'>de</span> 
     </span>
     <span class='ocr_line' id='line_1_37' title="bbox 206 2912 990 2980; baseline -0.013 -11"><span class='ocrx_word' id='word_1_322' title='bbox 206 2919 238 2969; x_wconf 86' lang='lat' dir='ltr'>Re</span> <span class='ocrx_word' id='word_1_323' title='bbox 247 2917 341 2971; x_wconf 83' lang='lat' dir='ltr'>Publica</span> <span class='ocrx_word' id='word_1_324' title='bbox 352 2917 468 2979; x_wconf 82' lang='lat' dir='ltr'>appellati·</span> <span class='ocrx_word' id='word_1_325' title='bbox 478 2916 591 2967; x_wconf 86' lang='lat' dir='ltr'>Platonem</span> <span class='ocrx_word' id='word_1_326' title='bbox 603 2917 693 2977; x_wconf 89' lang='lat' dir='ltr'>quidem</span> <span class='ocrx_word' id='word_1_327' title='bbox 705 2917 802 2965; x_wconf 89' lang='lat' dir='ltr'>imitatus</span> <span class='ocrx_word' id='word_1_328' title='bbox 814 2928 847 2980; x_wconf 89' lang='lat' dir='ltr'>est</span> <span class='ocrx_word' id='word_1_329' title='bbox 859 2935 900 2963; x_wconf 85' lang='lat' dir='ltr'>nec</span> <span class='ocrx_word' id='word_1_330' title='bbox 912 2932 936 2963; x_wconf 89' lang='lat' dir='ltr'>re</span> <span class='ocrx_word' id='word_1_331' title='bbox 947 2912 990 2963; x_wconf 93' lang='lat' dir='ltr'>ulla</span> 
     </span>
     <span class='ocr_line' id='line_1_38' title="bbox 208 2985 990 3049; baseline -0.008 -8"><span class='ocrx_word' id='word_1_332' title='bbox 208 2992 280 3042; x_wconf 77' lang='lat' dir='ltr'>differt</span> <span class='ocrx_word' id='word_1_333' title='bbox 294 2992 322 3039; x_wconf 91' lang='lat' dir='ltr'>ab</span> <span class='ocrx_word' id='word_1_334' title='bbox 337 3012 363 3040; x_wconf 93' lang='lat' dir='ltr'>eo</span> <span class='ocrx_word' id='word_1_335' title='bbox 377 2991 400 3039; x_wconf 90' lang='lat' dir='ltr'>ni</span> <span class='ocrx_word' id='word_1_336' title='bbox 419 2992 480 3049; x_wconf 92' lang='lat' dir='ltr'>quod</span> <span class='ocrx_word' id='word_1_337' title='bbox 498 2990 534 3038; x_wconf 89' lang='lat' dir='ltr'>ille</span> <span class='ocrx_word' id='word_1_338' title='bbox 553 2990 634 3049; x_wconf 88' lang='lat' dir='ltr'>quibus</span> <span class='ocrx_word' id='word_1_339' title='bbox 652 2990 757 3038; x_wconf 89' lang='lat' dir='ltr'>institutis</span> <span class='ocrx_word' id='word_1_340' title='bbox 776 3000 832 3037; x_wconf 87' lang='lat' dir='ltr'>esset</span> <span class='ocrx_word' id='word_1_341' title='bbox 852 3006 885 3036; x_wconf 91' lang='lat' dir='ltr'>res</span> <span class='ocrx_word' id='word_1_342' title='bbox 905 2985 990 3045; x_wconf 89' lang='lat' dir='ltr'>publica</span> 
     </span>
    </p>
   </div>
   <div class='ocr_carea' id='block_1_4' title="bbox 0 0 1065 3253">
    <p class='ocr_par' dir='ltr' id='par_1_15' title="bbox 0 0 1065 3253">
     <span class='ocr_line' id='line_1_39' title="bbox 0 0 1065 3253; baseline 0 0"><span class='ocrx_word' id='word_1_343' title='bbox 0 0 1065 3253; x_wconf 95' lang='lat' dir='ltr'> </span> 
     </span>
    </p>
   </div>
  </div>
 </body>
</html>
