2093 3253
244 226 376 258 scurronum
390 225 517 259 niusmruu
528 228 544 242 ·-
558 225 616 257 tmen
631 227 653 257 rr.
836 212 862 257 65

77 342 169 397 licentia,
184 340 281 395 consilio,
297 339 407 392 voluntate
423 331 537 389 concessit.
551 339 618 388 Arma
636 338 725 398 quidem
742 340 816 398 posuit
832 338 862 387 ibi

77 436 101 463 ac
115 414 192 474 spretis
207 413 245 473 qui
251 412 341 460 >divitias
351 431 404 459 auro
414 411 475 460 fulvo
485 424 632 470 congererent,
642 412 671 459 ad
681 432 737 469 quae
747 411 863 471 reliquerat

77 488 196 537 litterarum
210 485 257 534 ocia
270 485 341 534 rediit.
356 484 463 544 Epistolas
476 483 592 534 familiares
604 485 633 534 ad
645 485 726 533 amicos
735 484 863 543 'conplures

77 559 213 609 delectabiles
222 579 247 607 ac
257 570 342 607 ornatas
351 571 373 607 et
383 570 452 607 metro
461 571 483 608 et
493 576 556 617 prosa
565 558 634 611 dedit.
649 558 727 607 Libros
736 570 810 607 autem
819 571 862 606 tres

51 635 64 682 5
79 633 181 680 amatoria
191 632 218 679 de
228 650 251 678 re
261 651 323 679 suam
332 631 457 679 adDeliam
467 631 559 687 elegiaco
570 643 639 679 metro
649 631 742 687 scripsit.
757 631 794 678 Sic
804 631 863 678 enirn

79 724 134 764 quae
148 704 237 753 nomine
251 722 302 753 vero
317 702 399 753 Plautia
414 715 527 753 vocaretur
542 702 584 753 hoc
599 702 640 753 isto
656 701 707 753 ficto
722 723 747 752 ac
763 722 807 752 non
823 722 863 751 suo

79 779 167 827 nomine
181 776 304 836 appellavit.
319 776 382 825 Plura
403 792 448 825 non
469 777 579 835 scripsisse
600 790 732 837 memoratur
752 775 863 842 Tibullus.

78 850 139 898 Obiit
154 869 240 908 nanque
255 862 347 897 mortem
363 849 410 907 ipso
426 848 449 897 in
465 848 517 897 llore
532 849 657 898 iuventutis.
673 848 744 897 Natus
765 868 816 897 vero
831 859 864 895 est

78 924 153 972 Hircio
167 936 189 971 et
203 924 271 971 Pansa
287 921 413 969 consulibus
430 921 518 969 biennio
534 933 675 979 posteaquam
691 941 765 969 caesus
782 934 814 969 est
827 922 863 969 lu-

40 998 66 1047 tt)
80 995 121 1045 lius
136 995 222 1045 Caesar.
627 1000 629 1005 ’

121 1070 204 1118 Natalis
220 1088 308 1128 quoque
322 1068 403 1117 Ovidio
418 1068 500 1116 Nasoni
517 1080 593 1126 poetae
608 1066 755 1133 annusgidem'
769 1067 818 1117 luit.
834 1068 863 1117 Se

80 1144 170 1200 quidem
184 1155 261 1190 natum
276 1155 381 1188 memorat
395 1154 486 1198 uterque
499 1160 562 1188 versu
575 1142 624 1195 isto;
638 1158 647 1181 (t
656 1137 714 1189 Cilm
727 1141 805 1189 cecidit
818 1141 863 1189 lato

78 1214 154 1263 consul
172 1227 264 1272 uterque
280 1214 354 1272 pari.»
369 1213 517 1262 Liberandum
534 1213 593 1261 enim
609 1213 637 1262 ad
654 1213 747 1262 Brutum
763 1212 863 1263 consules

79 1287 166 1336 Hircius
181 1300 203 1336 et
217 1287 286 1335 Pansa
300 1286 359 1334 missi
373 1286 433 1345 apud
448 1285 559 1334 Mutinam
572 1283 621 1334 lusa
635 1284 753 1344 fugatoque
766 1285 863 1334 Antonio

41 1360 65 1408 l5
81 1361 187 1418 perempti
202 1372 260 1408 sunt.
275 1360 355 1408 Ovidio
368 1372 442 1407 autem
454 1360 522 1417 patria
536 1359 616 1407 Sulmo·
625 1358 674 1407 luit.
689 1359 828 1416 Pelignorum
841 1359 864 1406 id

79 1433 186 1491 oppidum
200 1445 253 1482 erat.
268 1432 364 1482 Nomine
381 1445 442 1491 pater
458 1432 483 1480 P.
500 1431 592 1481 Ovidius
609 1432 676 1487 Naso,
695 1445 763 1480 mater
779 1432 863 1490 Pelagia

79 1504 187 1563 appellati.
203 1504 300 1552 Fratrem
320 1517 383 1563 poeta
403 1517 477 1552 noster
497 1503 614 1552 Lucillium
634 1504 717 1553 habuit.
731 1504 807 1552 Aetate
828 1505 863 1552 hie

80 1578 150 1626 minor
164 1577 221 1627 civili
234 1578 336 1627 studebat
348 1577 390 1627 iuri
403 1577 442 1626 sed
455 1589 548 1627 mortem
560 1578 644 1628 iuvenis
657 1577 719 1626 obiit.
734 1578 799 1626 Poeta
812 1596 863 1626 vero

79 1663 152 1699 noster
164 1653 231 1709 patris
244 1672 256 1699 e
269 1652 358 1699 nomine
370 1651 394 1700 P.
409 1651 502 1699 Ovidius
513 1649 574 1699 Naso
587 1651 706 1709 appellatus
719 1663 759 1699 est.
776 1651 863 1699 Litteris
876 1707 877 1710 Ἴ

37 1721 66 1768 20
80 1735 152 1768 autem
166 1723 241 1780 primis
255 1721 337 1770 haustis
350 1723 378 1770 ad
392 1722 468 1770 Nlusas
481 1735 557 1779 suapte
570 1735 653 1776 natura,
667 1722 816 1776 delectatione,
829 1723 863 1769 in-

78 1795 141 1851 genio
155 1793 272 1844 ferebatur.
288 1793 336 1845 Nec
354 1796 427 1856 ipsum
445 1795 576 1845 accendebat
594 1815 672 1854 parum
690 1796 776 1855 vulgata
794 1796 822 1845 de
840 1816 863 1843 se

79 1867 145 1923 lamat'
158 1870 219 1926 quod
229 1869 279 1917 lacti
290 1870 354 1917 abeo
364 1889 438 1918 versus
449 1871 588 1918 laudarentur
598 1871 699 1924 multum,
710 1890 750 1918 nec
760 1870 798 1918 ulli
809 1891 863 1928 pue·

78 1939 127 1986 riles
141 1952 163 1986 et
179 1940 231 1988 lluxi
246 1942 285 1988 sed
298 1942 394 1998 castigati
407 1961 454 1989 esse
467 1942 569 2000 plenique
582 1941 652 1991 bonae
665 1943 711 1999 spei
724 1962 750 1989 ac
768 1942 832 1990 docto
850 1962 863 1989 a

78 2011 124 2060 viro
138 2012 190 2061 editi
205 2013 337 2063 viderentur.
353 2014 435 2063 Contra
442 2033 493 2064 vero
500 2015 559 2064 solus
566 2014 720 2063 adversabatur
727 2022 795 2073 pater.
803 2014 864 2074 quod

37 2083 65 2131 25
80 2103 155 2133 eorum
169 2106 182 2133 e
197 2105 287 2135 numero
302 2099 358 2135 esset
372 2086 452 2147 quibus
464 2100 486 2136 et
498 2088 569 2146 poesis
581 2100 603 2136 et
615 2087 712 2136 doctrina
724 2087 795 2135 omnis
808 2107 863 2147 quae

78 2176 155 2206 aurum
180 2179 225 2207 non
249 2159 335 2208 afferret
359 2180 426 2220 quam
445 2161 537 2209 maxime
560 2160 690 2219 displiceret.
706 2160 782 2209 Musas
805 2161 863 2209 enim

79 2231 220 2279 cumulandas
235 2252 279 2280 non
294 2253 340 2280 esse
354 2234 382 2281 ad
396 2253 448 2291 opes
462 2233 501 2282 sed
514 2234 576 2291 quasi
590 2232 777 2281 frondosam'sine
790 2233 863 2282 fructu

78 2301 177 2353 arborem
191 2325 238 2355 esse
252 2305 349 2364 putabat.
367 2305 402 2362 lus
415 2318 488 2357 autem
500 2305 563 2357 civile
575 2305 676 2356 laudabat
693 2326 785 2363 summe,
803 2306 863 2368 quod

80 2376 141 2424 multi
150 2390 171 2425 et
181 2377 268 2426 honoris
278 2392 300 2427 et
310 2393 412 2438 quaestus
423 2380 446 2428 id
456 2400 503 2428 esse
512 2380 602 2442 videret.
617 2372 685 2428 Patris
695 2381 761 2439 igitur
770 2381 863 2429 stimulis

37 2445 66 2492 30
78 2461 166 2512 [coactus
181 2450 281 2515 Ovidius,
296 2471 324 2498 ne
340 2464 453 2508 protervus
469 2472 495 2500 ac
510 2452 773 2510 inobediens'appareret
790 2453 864 2511 posuit

80 2518 163 2575 Musas,
178 2522 314 2578 studuitiuri
325 2524 382 2572 civili
393 2524 508 2583 effecitque
518 2524 613 2578 tandem,
624 2524 662 2573 ubi
673 2536 731 2573 aetas
741 2536 763 2573 et
773 2523 863 2574 facultas

79 2594 155 2651 exegit,
171 2595 231 2653 quod
248 2595 318 2644 delata
335 2595 376 2644 sibi
394 2597 501 2645 maiorum
518 2615 578 2651 more
595 2597 796 2647 ornamenta'docti
815 2598 863 2653 viri,

79 2676 151 2723 togam
165 2667 250 2715 virilem
263 2668 392 2729 clavumque
412 2668 480 2717 latum
499 2688 524 2716 ac
542 2669 677 2728 'purpuranu
691 2670 792 2729 sumpsit.
808 2670 864 2720 Rem

37 2773 181 2785 -ᾕκ--ι

76 2833 101 2871 n.
114 2835 153 2873 m,
167 2834 197 2875 m.
211 2837 227 2874 s.
243 2838 269 2876 ta:
281 2837 314 2876 ov.
328 2837 376 2877 rar.
390 2835 418 2876 rv.
434 2838 460 2876 n.
470 2814 490 2876 'a

37 2927 180 2940 55——

78 2988 109 3033 30.
123 3002 225 3045 appareret
232 3011 255 3038 ex
263 2992 363 3038 videretur
372 3010 422 3039 corr.
471 2994 504 3040 3l.
513 2994 619 3050 effecitque
628 2994 709 3041 tandem
718 3002 732 3042 ἱ.
738 3014 765 3047 -rs
774 2994 810 3043 ubi
819 3014 865 3043 sscr.

75 3139 85 3175 5
