2093 3253
128 293 130 296 ι
169 231 192 277 10
467 246 559 278 srccovrs
573 246 692 278 notanronr

209 380 297 419 nanque
311 373 333 408 et
347 359 441 409 latemur
456 361 496 418 ipsi
512 374 533 408 et
546 361 635 409 credere
648 374 720 419 potest
735 363 835 419 quisque,
850 361 910 419 quod
924 380 996 419 neque

209 433 328 496 viderimus
344 433 416 482 omnia
431 453 471 482 nec
489 433 652 483 meminerimus
670 433 770 483 omnium
788 454 844 495 quae
861 446 917 483 sunt,
930 434 996 484 etiarn

147 524 150 531 ¹
210 527 222 555 a
237 507 300 556 nobis
315 508 368 556 visa.
383 506 440 556 Illud
452 527 542 566 quoque
554 527 599 556 non
611 508 696 556 inficior
709 507 838 566 reprehendi
851 527 922 567 posse,
935 507 996 567 quod

210 579 302 638 loquens
323 580 350 628 de
370 580 513 638 scriptoribus
533 580 595 628 claris
614 581 709 628 dictione
727 582 769 627 sim
787 581 846 628 haud
864 582 915 627 satis
931 581 997 639 digna

184 651 197 700 5
213 672 253 699 nec
269 651 370 701 delimata
387 671 447 701 usus.
464 651 509 701 Sed
525 653 649 701 tolerabunt
665 653 707 701 hoc
723 652 786 701 facile
802 653 840 711 qui
858 652 997 702 meminerint

211 723 340 781 Quintiliani
363 724 479 775 consilium
501 745 548 774 esse
571 746 598 774 ne
620 726 715 774 scribere
737 726 869 780 desinamus,
893 726 997 785 quoniam

211 798 301 857 quidem
314 798 386 847 dicere
399 819 465 856 quam
478 799 561 856 optime
574 819 618 846 non
631 800 748 856 possimus.
766 799 814 860 Nos
832 800 923 857 quidem
941 818 997 858 opus

211 870 253 919 hoc
261 883 360 919 nostrum
368 882 434 930 quam
442 871 562 928 poterimus
570 884 592 919 et
599 872 696 919 ornatius
704 884 726 919 et
733 871 844 929 copiosius
851 870 997 919 absolvemus.

211 938 325 999 Quantum
336 944 395 993 enim
407 943 526 1002 potuimus,
535 943 626 992 solertia
637 944 835 1002 et==investigatione
847 958 920 993 nostra
932 942 998 1009 colle·

173 1017 200 1065 ll)
214 1016 285 1074 gimus
301 1017 407 1075 quicquid
422 1036 516 1074 usquam
531 1017 615 1065 dictum
630 1037 676 1064 esse
691 1017 725 1064 vel
740 1017 768 1064 ab
782 1018 835 1075 ipsis
850 1017 884 1064 vel
899 1017 928 1065 ab
942 1017 997 1070 aliis,

212 1088 281 1136 doctis
299 1101 356 1136 certe
372 1087 423 1137 viris
440 1107 465 1137 ac
481 1088 624 1147 scriptoribus
641 1089 710 1143 claris,
729 1088 770 1137 hoc
786 1101 887 1138 nostrum
903 1089 931 1138 ad
947 1107 998 1147 pro-

212 1161 309 1219 positum
320 1161 451 1215 invenimus,
463 1174 484 1209 et
496 1164 552 1220 quae
562 1161 622 1220 apud
633 1160 686 1210 alios
697 1180 771 1220 sparsa
782 1175 804 1210 et
816 1161 890 1211 multis
901 1163 924 1210 in
935 1162 996 1210 libris

212 1234 344 1292 compendio
351 1233 409 1282 dicta
417 1246 484 1288 erant,
493 1254 520 1282 ea
525 1254 565 1287 nos
573 1234 635 1293 quasi
644 1233 742 1283 membra
749 1234 876 1283 reduximus
883 1234 912 1283 ad
919 1253 998 1294 corpus

213 1328 286 1360 suum,
298 1320 323 1355 ut
335 1328 381 1365 quo
393 1307 448 1360 loco,
461 1327 506 1364 quo
518 1319 624 1363 tempore,
638 1327 682 1364 quo
694 1320 783 1364 parente
796 1307 889 1365 quisque
901 1320 923 1355 et
935 1320 998 1356 natus

173 1378 198 1428 l5
214 1391 235 1427 et
246 1379 290 1426 vita
303 1377 419 1428 defunctus
432 1379 467 1431 sit,
480 1379 534 1436 quid
546 1379 621 1426 vivens
630 1378 695 1434 dixit,
708 1378 763 1439 quid
774 1377 833 1434 lecit,
846 1380 901 1438 quid
913 1380 1000 1439 scripsit

212 1473 237 1502 ac
248 1452 319 1502 omnis
331 1452 426 1512 denique
437 1453 543 1512 cuiusque
555 1452 598 1502 vita
610 1473 654 1502 uno
665 1453 688 1501 in
697 1452 745 1501 loco
752 1452 842 1503 collecta
850 1453 1000 1513 explicataque

213 1527 296 1584 integre
305 1527 384 1574 nostris
394 1525 466 1574 verbis
476 1537 497 1573 et
507 1525 583 1573 ordine
593 1526 705 1574 habeatur.
716 1525 764 1574 Hac
773 1526 832 1575 enim
841 1545 1000 1577 commemora-

208 1599 272 1666 tione
290 1599 346 1648 illud
363 1599 447 1653 saltem,
466 1617 586 1657 speramus,
605 1600 696 1655 eveniet,
716 1599 776 1658 quod
795 1600 925 1650 revirescent
937 1600 1000 1650 vitae

213 1673 345 1732 scriptorum
357 1672 483 1727 illustrium,
497 1693 537 1720 nos
550 1692 602 1725 vero
615 1673 759 1721 accendemur
773 1674 801 1721 ad
814 1674 917 1722 virtutem
930 1675 1000 1723 enite-

173 1747 202 1794 ΖΟ
216 1764 310 1802 murque
324 1744 364 1792 bos
378 1744 457 1791 imitari
472 1744 530 1791 viros
544 1745 582 1802 qui
597 1757 619 1791 et
633 1744 697 1792 laude
711 1757 762 1791 sunt
776 1745 910 1802 amplissima
924 1758 946 1793 et
960 1765 1000 1795 no-

215 1817 280 1866 minis
295 1816 457 1866 immortalitate
472 1816 540 1874 digni.

257 1889 351 1938 Nostrae
375 1900 449 1938 autem
473 1889 605 1937 institutioni
631 1902 802 1937 consentaneum
826 1910 873 1938 esse
898 1903 1000 1948 putamus

215 1963 328 2010 nominare
343 1963 440 2020 primum
455 1974 521 2020 atque
538 1961 579 2010 hoc
595 1961 643 2009 loco
659 1962 698 2020 qui
714 1962 814 2010 omnium
830 1961 1001 2020 primiluerunt

215 2035 253 2093 qui
268 2035 389 2083 litterarum
403 2034 482 2092 figuras
498 2035 581 2092 quique
595 2035 744 2082 doctrinarum
759 2055 784 2082 ac
798 2035 917 2092 sapientiae
931 2036 1002 2092 prima

174 2107 202 2156 25
217 2108 278 2154 initia
287 2119 309 2154 et
317 2106 389 2155 studia
397 2107 535 2155 invenerunt.
545 2105 594 2154 Hoc
603 2107 662 2154 enim
670 2105 737 2154 veluti
747 2106 843 2164 quodam
852 2107 920 2154 nostri
930 2107 1001 2166 operis

215 2179 359 2228 fundamento
374 2180 407 2228 usi
420 2180 547 2238 poterimus,
561 2197 615 2233 reor,
629 2190 729 2228 nostrum
740 2179 769 2228 ad
780 2179 828 2234 iter,
841 2179 873 2228 uti
886 2179 1002 2229 statuimus

215 2254 289 2300 animo
304 2273 329 2300 ac
343 2243 419 2300 sumus
434 2250 533 2308 polliciti,
549 2251 638 2298 liberius
653 2251 768 2308 proficisci.
784 2250 863 2308 Neque
878 2270 930 2299 vero
944 2251 1002 2300 arbi-

215 2337 305 2379 tramur,
324 2323 464 2382 impresentia
482 2322 565 2378 saltem,
584 2330 636 2370 cum
654 2323 789 2371 mentionem
807 2323 875 2371 simus
894 2322 956 2371 claris
974 2322 1003 2373 cle

215 2397 359 2456 scriptoribus
375 2396 476 2450 habituri,
493 2395 557 2443 licere
573 2396 677 2454 preterire
692 2395 740 2443 illos
756 2396 794 2454 qui
802 2416 851 2444 suo
866 2396 947 2451 studio,
963 2398 1002 2456 qui

174 2470 203 2520 30
217 2491 256 2519 sua
274 2469 422 2523 meditatione,
441 2468 564 2526 prudentia,
582 2468 693 2527 vigilantia
711 2468 819 2516 dederunt
837 2469 901 2516 nobis
920 2469 1003 2517 radices

217 2556 238 2592 et
248 2543 319 2602 capita
329 2561 409 2598 rerum,
420 2542 467 2590 sine
477 2541 558 2599 quibus
569 2560 615 2589 esse
625 2541 658 2589 vir
668 2560 733 2589 nemo
743 2540 788 2589 ullo
798 2541 821 2588 in
831 2559 909 2598 genere
920 2541 1003 2599 peritus

219 2630 241 2665 et
256 2616 328 2664 bonus
344 2627 425 2675 potest.

210 2799 227 2833 6.
238 2796 297 2836 Quint.
308 2797 348 2832 Ino.
359 2795 380 2830 X.
391 2796 407 2830 3.
421 2793 447 2829 15⁴

216 2953 236 2998 5,
249 2952 370 3018 tollerabunt
382 2951 398 3005 (l
410 2951 461 3004 exp.)
470 2951 490 2996 Ο
500 2950 621 2995 tollerabunt
631 2950 659 2995 H.
716 2948 747 2995 15.
756 2950 803 2994 Post
812 2948 859 2994 lecit
869 2956 883 2994 ι’.
893 2968 917 2993 m.
928 2967 1005 2995 memo-

175 3032 219 3067 ratu
231 3019 292 3073 digna
304 3018 349 3064 odd.
363 3018 384 3062 θ’
441 3017 471 3063 16.
483 3016 565 3061 collecta
577 3035 601 3062 ex
612 3016 663 3062 lecta
676 3035 724 3060 corr.
