2093 3253
149 198 174 243 66
444 214 538 247 SlCCONlS
557 214 678 246 POLENTONI
731 199 733 201 .

192 330 270 380 deinde
285 330 419 380 iudiciariam
431 330 459 379 ad
472 349 519 378 reos
533 331 654 389 puniendos
668 331 719 389 egit.
734 330 763 379 Se
775 346 848 380 autem
861 333 884 380 in
896 352 921 381 ea
935 335 977 381 mi-

193 404 302 451 nistranda
313 417 372 451 tanta
383 423 433 449 cum
445 403 566 461 prudentia,
578 404 669 458 iusticia,
682 404 828 453 moderatione
840 406 904 463 gessit
916 408 983 464 quod·

173 495 174 498 ’
192 478 240 535 ipso
254 478 319 525 etiam
331 476 359 525 ab
372 474 491 525 Octaviano
504 476 601 535 principe
615 476 744 531 laudaretur,
758 476 819 536 quod
832 490 853 525 et
865 478 922 525 iuste
934 470 977 536 pu¹>
1029 470 1047 515 s

184 547 259 599 nisset
274 570 320 599 reos
335 564 356 599 et
372 551 461 598 honeste
474 551 539 598 ditior
552 549 621 598 lactus
635 564 697 599 esset.
715 552 798 599 Interea
811 570 862 599 vero
875 551 979 600 utebatur

166 624 288 687 5dictione
303 624 379 679 soluta,
393 624 453 681 quod
466 644 493 671 ne
507 623 629 682 displiceret
642 625 696 682 patri
710 644 784 673 versus
797 625 867 674 lacere
880 647 924 674 non
936 619 977 674 au·

192 697 259 744 deret.
274 696 325 744 Erat
339 709 412 745 tamen
426 696 454 744 ad
467 695 543 744 Musas
555 709 631 745 natura
644 694 725 755 pronus
738 718 778 746 nee
790 697 833 747 ulla
846 700 977 756 cumgratia

192 769 320 828 loquebatur
335 788 405 827 prosa.
420 768 531 826 Quicquid
548 782 620 817 autem
638 769 708 818 dicere
725 772 850 827 attentabat,
868 773 891 819 id
902 790 976 819 versus

192 854 243 890 erat.

235 914 336 972 Denique
351 914 416 973 patris
432 926 501 961 morte
516 915 548 962 sui
560 913 615 962 'iuris
631 914 700 962 lactus
717 905 871 963 obsecundavit
887 927 975 964 naturae

154 988 180 1036 ll)
194 1000 259 1046 atque
273 987 330 1036 civili
345 986 415 1046 posito
430 987 476 1035 iure
488 986 516 1035 ad
529 1007 595 1046 quam
607 986 692 1036 amabat
704 1000 772 1037 artem
785 988 892 1047 poeticam
905 988 976 1037 rediit.

187 1060 253 1108 'Tum
272 1061 361 1119 quidem
381 1059 457 1108 Musas
478 1061 566 1108 caeteris
587 1060 658 1108 missis
683 1061 751 1109 libero
776 1062 849 1109 animo
875 1075 896 1109 et
915 1063 975 1109 omni

193 1133 265 1182 studio
279 1134 390 1192 amplexus
410 1145 449 1181 est.
472 1132 537 1181 Istam
557 1151 608 1181 vero
633 1133 661 1181 ad
681 1151 727 1182 rem
745 1133 804 1192 apud
827 1134 915 1190 amicos,
937 1135 975 1194 qui

193 1208 238 1255 eius
253 1207 368 1256 eonsilium
381 1206 523 1265 increparent,
540 1206 667 1255 causabatur
682 1208 780 1255 animum
800 1207 841 1256 sibi
863 1207 975 1267 haudqua-

193 1301 258 1339 quam
273 1281 383 1329 iudiciales
403 1280 432 1327 ad
451 1298 513 1328 curas
533 1280 572 1328 sed
591 1280 697 1338 cupidum
716 1281 758 1328 ocii
777 1301 802 1328 ac
823 1282 901 1338 quietis
921 1301 975 1330 esse.

155 1354 179 1402 l5
195 1354 256 1409 Quos
271 1355 335 1411 igitur
346 1354 437 1401 honores
447 1366 468 1400 et
479 1355 614 1410 magistratus
624 1353 658 1400 alii
669 1366 779 1411 cuperent,
790 1355 836 1411 ipse
846 1355 977 1411 contempsit

193 1447 233 1474 nec
247 1426 326 1474 deinde
340 1445 403 1485 prosa
419 1425 457 1473 sed
473 1438 541 1473 metro
557 1425 628 1493 dicere
643 1446 668 1473 ac
684 1427 756 1484 quiete
771 1426 842 1474 vivere
858 1426 975 1475 delectatus

193 1513 231 1549 est.
248 1499 397 1559 Suppetebant
411 1499 500 1557 quidem
514 1499 598 1547 relictae
612 1499 653 1548 sibi
667 1520 680 1547 a
693 1512 753 1558 patre
767 1520 819 1558 opes
833 1499 861 1548 ad
874 1512 975 1558 sumptus

193 1575 283 1632 egregie.
298 1573 373 1621 Poetas
384 1591 435 1620 vero
445 1585 531 1620 secutus
542 1571 602 1620 Naso
612 1572 695 1621 audivit
705 1573 821 1621 Horatium
831 1573 975 1626 Venusinum;
1040 1582 1046 1634 J

193 1646 275 1693 audivit
286 1643 420 1693 Cornellium
431 1644 526 1700 Callum;
537 1644 620 1693 audivit
636 1645 737 1693 blacrum
746 1644 900 1694 Veronensem.
910 1644 976 1693 Erant

152 1721 181 1768 20
196 1720 217 1767 hi
232 1732 300 1767 aetate
315 1720 358 1766 iam
374 1737 435 1765 senes
451 1730 472 1766 et
488 1718 526 1765 hos
541 1718 569 1766 ad
584 1718 630 1766 dies
645 1719 721 1776 poetae
737 1718 792 1766 inter
808 1730 882 1777 poetas
904 1719 977 1776 magni

194 1793 287 1840 nominis
299 1811 324 1839 ac
337 1791 407 1849 periti.
422 1790 480 1839 Cum
493 1790 569 1839 Macro
582 1803 603 1838 et
616 1792 638 1839 in
652 1790 747 1839 Siciliam
760 1804 781 1839 et
794 1792 816 1839 in
828 1791 903 1838 Asiam
916 1793 976 1839 navi·

194 1865 257 1922 gavit.
273 1864 305 1912 Ex
320 1864 353 1911 his
368 1875 440 1911 autem
452 1863 489 1921 qui
501 1863 542 1910 sibi
553 1863 652 1920 aequales
664 1875 734 1911 essent
745 1882 770 1910 ae
781 1863 858 1910 eodem
869 1864 892 1910 in
903 1864 976 1911 studio

193 1949 328 1985 versarentur
342 1935 470 1985 nominatim
482 1934 594 1994 Propertio
606 1955 631 1983 ac
643 1934 733 1983 Tibullo
746 1935 820 1983 haesit.
836 1935 880 1983 Sed
892 1934 975 1984 Tibulli

193 2010 289 2074 amicicia
299 2009 330 2056 uti
341 2007 417 2068 perdiu
427 2022 542 2056 vetuerunt
552 2006 602 2063 lata;
613 2028 663 2056 nam
673 2022 765 2056 mortem
775 2008 858 2057 iuvenis
869 2008 904 2057 ille
914 2006 975 2058 obiit.

152 2084 180 2131 25
196 2083 321 2131 Plusculum
335 2083 387 2130 vixit
405 2081 536 2140 Propertius.
550 2081 665 2139 Virgilium
683 2095 756 2130 autem
773 2082 827 2129 vidit
846 2082 918 2135 modo,
938 2083 978 2129 sed

194 2155 252 2203 nulla
271 2155 312 2202 sibi
332 2153 474 2203 lamiliaritate
498 2154 610 2203 devinctus
634 2152 683 2203 luit.
698 2153 778 2203 Ovidio
799 2153 889 2214 quidem
908 2174 976 2213 puero
1042 2197 1045 2212 „

193 2228 279 2287 grandis
294 2229 337 2276 iam
351 2239 395 2277 erat
410 2226 467 2276 lama
479 2247 503 2275 ac
515 2240 583 2276 aetate
596 2227 667 2276 Maro.
680 2227 755 2276 Poetas
767 2247 818 2276 vero
830 2239 924 2277 caeteros
937 2228 975 2287 qui
1041 2234 1046 2280 ξ

194 2303 297 2349 memoria
311 2302 347 2348 illa
361 2301 394 2349 vel
406 2301 488 2348 Romae
499 2301 533 2348 vel
543 2300 635 2348 Athenis
647 2314 718 2348 essent
730 2300 790 2357 (nam
801 2301 918 2358 utrobique
929 2314 976 2348 stu·
1043 2301 1046 2357 ’Ἴ

193 2373 250 2431 duit)
265 2387 285 2421 et
302 2375 381 2421 amavit
397 2386 418 2420 et
435 2374 501 2421 coluit
518 2375 549 2422 uti
566 2373 626 2423 deos.
638 2373 743 2439 Denique
759 2374 876 2438 instructus
893 2372 975 2422 artibus

152 2448 181 2495 30
195 2445 236 2494 illis
252 2460 272 2495 et
288 2446 390 2494 doctrinis
410 2446 489 2505 quibus
508 2459 570 2504 poeta
588 2459 695 2495 constaret
712 2447 856 2504 incitatusque
874 2446 977 2504 cupidine

193 2519 262 2567 laudis
277 2532 298 2568 et
312 2519 398 2577 gloriae,
419 2532 444 2567 ut
463 2518 517 2567 solet
538 2518 661 2568 mortalium
681 2520 773 2574 animus,
795 2518 862 2571 multa
882 2519 975 2577 scripsit.

193 2590 240 2640 Nee
255 2592 347 2641 dubium
358 2592 476 2650 scripturus
487 2605 532 2640 erat
543 2590 612 2651 plura,
623 2593 641 2639 si
652 2592 725 2648 modo,
737 2612 792 2650 quae
803 2592 894 2649 impedit
905 2612 976 2650 saepe,

193 2668 291 2715 invidens
306 2665 393 2714 lortuna
407 2665 507 2720 liberum,
523 2678 547 2714 ut
562 2677 669 2724 coeperat,
686 2666 758 2714 ocium
774 2665 892 2715 tribuisset.

235 2739 306 2788 Prima
321 2740 410 2798 quidem
424 2739 480 2787 inter
498 2739 570 2787 studia
588 2739 676 2798 ingenii,
695 2757 750 2794 reor,
770 2739 893 2799 experiendi
912 2759 977 2789 causa
1043 2761 1046 2788 3

152 2814 179 2863 35
195 2814 278 2862 libellos
293 2814 386 2862 edidisse
402 2812 470 2862 fertur
486 2813 513 2861 de
529 2812 675 2862 Medicamine
692 2813 769 2868 Faciei‚
786 2812 976 2862 deMedicamine
1043 2860 1045 2862 .

172 3052 174 3054 q
190 2993 223 3040 23.
238 2994 299 3039 lraesit
313 3014 336 3040 ex
351 2993 401 3039 hesit
415 3012 464 3037 corr.
530 3030 533 3035 .

1028 225 1043 271 ³1:
