<?xml version="1.0" encoding="UTF-8"?>
<!DOCTYPE html PUBLIC "-//W3C//DTD XHTML 1.0 Transitional//EN"
    "http://www.w3.org/TR/xhtml1/DTD/xhtml1-transitional.dtd">
<html xmlns="http://www.w3.org/1999/xhtml" xml:lang="en" lang="en">
 <head>
  <title>
</title>
<meta http-equiv="Content-Type" content="text/html;charset=utf-8" />
  <meta name='ocr-system' content='tesseract 3.04.00' />
  <meta name='ocr-capabilities' content='ocr_page ocr_carea ocr_par ocr_line ocrx_word'/>
</head>
<body>
  <div class='ocr_page' id='page_1' title='image "MN40033ucmf_2_0424.png"; bbox 0 0 2093 3253; ppageno 0'>
   <div class='ocr_carea' id='block_1_1' title="bbox 435 158 655 189">
    <p class='ocr_par' dir='ltr' id='par_1_1' title="bbox 435 158 655 189">
     <span class='ocr_line' id='line_1_1' title="bbox 435 158 655 189; baseline 0 -1"><span class='ocrx_word' id='word_1_1' title='bbox 435 158 526 189; x_wconf 75' lang='lat' dir='ltr'>srecoms</span> <span class='ocrx_word' id='word_1_2' title='bbox 540 159 655 189; x_wconf 82' lang='lat' dir='ltr'>POLENTONl</span> 
     </span>
    </p>
   </div>
   <div class='ocr_carea' id='block_1_2' title="bbox 174 275 1034 337">
    <p class='ocr_par' dir='ltr' id='par_1_2' title="bbox 174 275 1034 337">
     <span class='ocr_line' id='line_1_2' title="bbox 174 275 1034 337; baseline 0.001 -13"><span class='ocrx_word' id='word_1_3' title='bbox 174 277 258 337; x_wconf 89' lang='lat' dir='ltr'>impetu</span> <span class='ocrx_word' id='word_1_4' title='bbox 273 289 294 325; x_wconf 89' lang='lat' dir='ltr'>et</span> <span class='ocrx_word' id='word_1_5' title='bbox 309 277 477 326; x_wconf 80' lang='lat' dir='ltr'>comminatione</span> <span class='ocrx_word' id='word_1_6' title='bbox 485 276 581 325; x_wconf 86' lang='lat' dir='ltr'>recitavit</span> <span class='ocrx_word' id='word_1_7' title='bbox 588 276 687 335; x_wconf 78' lang='lat' dir='ltr'>adeoque</span> <span class='ocrx_word' id='word_1_8' title='bbox 694 275 717 324; x_wconf 92' lang='lat' dir='ltr'>in</span> <span class='ocrx_word' id='word_1_9' title='bbox 725 275 848 325; x_wconf 78' lang='lat' dir='ltr'>Minatium</span> <span class='ocrx_word' id='word_1_10' title='bbox 856 287 888 324; x_wconf 86' lang='lat' dir='ltr'>est</span> <span class='ocrx_word' id='word_1_11' title='bbox 895 275 959 325; x_wconf 87' lang='lat' dir='ltr'>vehe-</span> <span class='ocrx_word' id='word_1_12' title='bbox 1027 279 1034 310; x_wconf 67' lang='lat' dir='ltr'>st</span> 
     </span>
    </p>
   </div>
   <div class='ocr_carea' id='block_1_3' title="bbox 175 348 959 408">
    <p class='ocr_par' dir='ltr' id='par_1_3' title="bbox 175 348 959 408">
     <span class='ocr_line' id='line_1_3' title="bbox 175 348 959 408; baseline -0.001 -10"><span class='ocrx_word' id='word_1_13' title='bbox 175 364 257 399; x_wconf 83' lang='lat' dir='ltr'><strong>menter</strong></span> <span class='ocrx_word' id='word_1_14' title='bbox 272 350 370 398; x_wconf 87' lang='lat' dir='ltr'>invectus</span> <span class='ocrx_word' id='word_1_15' title='bbox 384 369 409 398; x_wconf 88' lang='lat' dir='ltr'>ac</span> <span class='ocrx_word' id='word_1_16' title='bbox 423 349 516 397; x_wconf 89' lang='lat' dir='ltr'>deteruit</span> <span class='ocrx_word' id='word_1_17' title='bbox 530 370 605 398; x_wconf 91' lang='lat' dir='ltr'>omnes</span> <span class='ocrx_word' id='word_1_18' title='bbox 619 361 644 398; x_wconf 88' lang='lat' dir='ltr'>ut</span> <span class='ocrx_word' id='word_1_19' title='bbox 658 369 722 397; x_wconf 90' lang='lat' dir='ltr'>nemo</span> <span class='ocrx_word' id='word_1_20' title='bbox 736 361 792 397; x_wconf 86' lang='lat' dir='ltr'>esset</span> <span class='ocrx_word' id='word_1_21' title='bbox 806 348 843 406; x_wconf 85' lang='lat' dir='ltr'>qui</span> <span class='ocrx_word' id='word_1_22' title='bbox 858 348 959 408; x_wconf 82' lang='lat' dir='ltr'>deinceps</span> 
     </span>
    </p>
   </div>
   <div class='ocr_carea' id='block_1_4' title="bbox 175 418 1035 482">
    <p class='ocr_par' dir='ltr' id='par_1_4' title="bbox 175 418 1035 482">
     <span class='ocr_line' id='line_1_4' title="bbox 175 418 1035 482; baseline 0 -10"><span class='ocrx_word' id='word_1_23' title='bbox 175 443 200 473; x_wconf 87' lang='lat' dir='ltr'>ea</span> <span class='ocrx_word' id='word_1_24' title='bbox 214 423 242 472; x_wconf 90' lang='lat' dir='ltr'>de</span> <span class='ocrx_word' id='word_1_25' title='bbox 256 440 279 471; x_wconf 91' lang='lat' dir='ltr'>re</span> <span class='ocrx_word' id='word_1_26' title='bbox 293 422 321 475; x_wconf 90' lang='lat' dir='ltr'>ad</span> <span class='ocrx_word' id='word_1_27' title='bbox 336 434 435 471; x_wconf 86' lang='lat' dir='ltr'>senatum</span> <span class='ocrx_word' id='word_1_28' title='bbox 447 420 532 477; x_wconf 73' lang='lat' dir='ltr'>reterre,</span> <span class='ocrx_word' id='word_1_29' title='bbox 545 422 643 482; x_wconf 87' lang='lat' dir='ltr'>quamvis</span> <span class='ocrx_word' id='word_1_30' title='bbox 655 434 711 471; x_wconf 90' lang='lat' dir='ltr'>esset</span> <span class='ocrx_word' id='word_1_31' title='bbox 723 420 834 470; x_wconf 85' lang='lat' dir='ltr'>Ciceronis</span> <span class='ocrx_word' id='word_1_32' title='bbox 845 421 927 471; x_wconf 86' lang='lat' dir='ltr'>amicus</span> <span class='ocrx_word' id='word_1_33' title='bbox 938 437 959 472; x_wconf 89' lang='lat' dir='ltr'>et</span> <span class='ocrx_word' id='word_1_34' title='bbox 1030 418 1035 443; x_wconf 27' lang='lat'>&#39;³</span> 
     </span>
    </p>
   </div>
   <div class='ocr_carea' id='block_1_5' title="bbox 148 495 960 625">
    <p class='ocr_par' dir='ltr' id='par_1_5' title="bbox 148 495 960 625">
     <span class='ocr_line' id='line_1_5' title="bbox 174 495 452 553; baseline -0.004 -9"><span class='ocrx_word' id='word_1_35' title='bbox 174 496 340 553; x_wconf 79' lang='lat' dir='ltr'>civismagnus,</span> <span class='ocrx_word' id='word_1_36' title='bbox 356 495 452 544; x_wconf 80' lang='lat' dir='ltr'>auderet.</span> 
     </span>
     <span class='ocr_line' id='line_1_6' title="bbox 148 566 960 625; baseline 0 -10"><span class='ocrx_word' id='word_1_37' title='bbox 148 570 161 615; x_wconf 82' lang='lat'>5</span> <span class='ocrx_word' id='word_1_38' title='bbox 220 570 252 616; x_wconf 87' lang='lat' dir='ltr'>lta</span> <span class='ocrx_word' id='word_1_39' title='bbox 266 586 300 615; x_wconf 91' lang='lat' dir='ltr'>res</span> <span class='ocrx_word' id='word_1_40' title='bbox 315 568 433 621; x_wconf 87' lang='lat' dir='ltr'>Ciceronis,</span> <span class='ocrx_word' id='word_1_41' title='bbox 446 588 473 615; x_wconf 91' lang='lat' dir='ltr'>ne</span> <span class='ocrx_word' id='word_1_42' title='bbox 485 568 533 625; x_wconf 89' lang='lat' dir='ltr'>quis</span> <span class='ocrx_word' id='word_1_43' title='bbox 546 569 591 615; x_wconf 92' lang='lat' dir='ltr'>eius</span> <span class='ocrx_word' id='word_1_44' title='bbox 603 568 630 614; x_wconf 93' lang='lat' dir='ltr'>de</span> <span class='ocrx_word' id='word_1_45' title='bbox 642 568 713 614; x_wconf 88' lang='lat' dir='ltr'>reditu</span> <span class='ocrx_word' id='word_1_46' title='bbox 724 566 856 624; x_wconf 85' lang='lat' dir='ltr'>loqueretur,</span> <span class='ocrx_word' id='word_1_47' title='bbox 867 579 900 615; x_wconf 87' lang='lat' dir='ltr'>est</span> <span class='ocrx_word' id='word_1_48' title='bbox 911 567 960 624; x_wconf 82' lang='lat' dir='ltr'>plu-</span> 
     </span>
    </p>
   </div>
   <div class='ocr_carea' id='block_1_6' title="bbox 174 632 1035 773">
    <p class='ocr_par' dir='ltr' id='par_1_6' title="bbox 174 632 1035 773">
     <span class='ocr_line' id='line_1_7' title="bbox 174 632 1035 703; baseline -0.001 -15"><span class='ocrx_word' id='word_1_49' title='bbox 174 660 208 689; x_wconf 89' lang='lat' dir='ltr'>res</span> <span class='ocrx_word' id='word_1_50' title='bbox 221 642 243 689; x_wconf 91' lang='lat' dir='ltr'>in</span> <span class='ocrx_word' id='word_1_51' title='bbox 257 660 341 689; x_wconf 89' lang='lat' dir='ltr'>menses</span> <span class='ocrx_word' id='word_1_52' title='bbox 353 653 419 699; x_wconf 87' lang='lat' dir='ltr'>atque</span> <span class='ocrx_word' id='word_1_53' title='bbox 432 641 486 688; x_wconf 91' lang='lat' dir='ltr'>dum</span> <span class='ocrx_word' id='word_1_54' title='bbox 497 639 540 687; x_wconf 85' lang='lat' dir='ltr'>luit</span> <span class='ocrx_word' id='word_1_55' title='bbox 552 639 644 688; x_wconf 84' lang='lat' dir='ltr'>Clodius</span> <span class='ocrx_word' id='word_1_56' title='bbox 656 641 679 686; x_wconf 92' lang='lat' dir='ltr'>in</span> <span class='ocrx_word' id='word_1_57' title='bbox 691 640 803 692; x_wconf 79' lang='lat' dir='ltr'>tribunatu</span> <span class='ocrx_word' id='word_1_58' title='bbox 816 638 896 688; x_wconf 87' lang='lat' dir='ltr'>dillata.</span> <span class='ocrx_word' id='word_1_59' title='bbox 910 639 959 687; x_wconf 83' lang='lat' dir='ltr'>Erat</span> <span class='ocrx_word' id='word_1_60' title='bbox 1029 632 1035 703; x_wconf 55' lang='lat' dir='ltr'>fs</span> 
     </span>
     <span class='ocr_line' id='line_1_8' title="bbox 174 712 1033 773; baseline -0.002 -10"><span class='ocrx_word' id='word_1_61' title='bbox 174 713 256 773; x_wconf 85' lang='lat' dir='ltr'>quippe</span> <span class='ocrx_word' id='word_1_62' title='bbox 271 713 299 761; x_wconf 75' lang='lat' dir='ltr'>in&#39;</span> <span class='ocrx_word' id='word_1_63' title='bbox 308 713 363 761; x_wconf 89' lang='lat' dir='ltr'>urbe</span> <span class='ocrx_word' id='word_1_64' title='bbox 381 713 477 771; x_wconf 83' lang='lat' dir='ltr'>potentia</span> <span class='ocrx_word' id='word_1_65' title='bbox 496 712 569 762; x_wconf 88' lang='lat' dir='ltr'>Clodii</span> <span class='ocrx_word' id='word_1_66' title='bbox 588 735 644 761; x_wconf 64' lang='lat' dir='ltr'>cum&gt;</span> <span class='ocrx_word' id='word_1_67' title='bbox 657 726 763 771; x_wconf 80' lang='lat' dir='ltr'>potestate</span> <span class='ocrx_word' id='word_1_68' title='bbox 781 713 893 761; x_wconf 85' lang='lat' dir='ltr'>tribunitia</span> <span class='ocrx_word' id='word_1_69' title='bbox 912 727 959 761; x_wconf 91' lang='lat' dir='ltr'>tum</span> <span class='ocrx_word' id='word_1_70' title='bbox 1028 754 1033 757; x_wconf 20' lang='lat' dir='ltr'>v,</span> 
     </span>
    </p>
   </div>
   <div class='ocr_carea' id='block_1_7' title="bbox 174 784 958 844">
    <p class='ocr_par' dir='ltr' id='par_1_7' title="bbox 174 784 958 844">
     <span class='ocr_line' id='line_1_9' title="bbox 174 784 958 844; baseline 0.001 -12"><span class='ocrx_word' id='word_1_71' title='bbox 174 784 248 834; x_wconf 87' lang='lat' dir='ltr'>lavore</span> <span class='ocrx_word' id='word_1_72' title='bbox 262 784 377 834; x_wconf 90' lang='lat' dir='ltr'>consulum</span> <span class='ocrx_word' id='word_1_73' title='bbox 391 806 416 833; x_wconf 93' lang='lat' dir='ltr'>ac</span> <span class='ocrx_word' id='word_1_74' title='bbox 430 784 499 844; x_wconf 84' lang='lat' dir='ltr'>plebis</span> <span class='ocrx_word' id='word_1_75' title='bbox 515 806 598 843; x_wconf 84' lang='lat' dir='ltr'>magna.</span> <span class='ocrx_word' id='word_1_76' title='bbox 613 785 693 844; x_wconf 83' lang='lat' dir='ltr'>Neque</span> <span class='ocrx_word' id='word_1_77' title='bbox 707 805 758 833; x_wconf 91' lang='lat' dir='ltr'>vero</span> <span class='ocrx_word' id='word_1_78' title='bbox 772 806 796 833; x_wconf 89' lang='lat' dir='ltr'>se</span> <span class='ocrx_word' id='word_1_79' title='bbox 809 805 873 844; x_wconf 87' lang='lat' dir='ltr'>posse</span> <span class='ocrx_word' id='word_1_80' title='bbox 888 786 958 834; x_wconf 90' lang='lat' dir='ltr'>minus</span> 
     </span>
    </p>
   </div>
   <div class='ocr_carea' id='block_1_8' title="bbox 175 857 1036 919">
    <p class='ocr_par' dir='ltr' id='par_1_8' title="bbox 175 857 1036 919">
     <span class='ocr_line' id='line_1_10' title="bbox 175 857 1036 919; baseline -0.003 -10"><span class='ocrx_word' id='word_1_81' title='bbox 175 879 241 919; x_wconf 89' lang='lat' dir='ltr'>quam</span> <span class='ocrx_word' id='word_1_82' title='bbox 256 871 328 919; x_wconf 88' lang='lat' dir='ltr'>posset</span> <span class='ocrx_word' id='word_1_83' title='bbox 343 857 464 908; x_wconf 82' lang='lat' dir='ltr'>ostentabat</span> <span class='ocrx_word' id='word_1_84' title='bbox 479 858 532 917; x_wconf 88' lang='lat' dir='ltr'>ipse.</span> <span class='ocrx_word' id='word_1_85' title='bbox 551 858 636 908; x_wconf 86' lang='lat' dir='ltr'>luvenis</span> <span class='ocrx_word' id='word_1_86' title='bbox 651 858 710 908; x_wconf 93' lang='lat' dir='ltr'>enim</span> <span class='ocrx_word' id='word_1_87' title='bbox 725 872 801 917; x_wconf 87' lang='lat' dir='ltr'>suapte</span> <span class='ocrx_word' id='word_1_88' title='bbox 815 861 891 907; x_wconf 83' lang='lat' dir='ltr'>natura</span> <span class='ocrx_word' id='word_1_89' title='bbox 902 859 959 906; x_wconf 84' lang='lat' dir='ltr'>inso-</span> <span class='ocrx_word' id='word_1_90' title='bbox 1030 857 1036 915; x_wconf 57' lang='grc' dir='ltr'><strong>ᾖ</strong></span> 
     </span>
    </p>
   </div>
   <div class='ocr_carea' id='block_1_9' title="bbox 136 932 961 993">
    <p class='ocr_par' dir='ltr' id='par_1_9' title="bbox 136 932 961 993">
     <span class='ocr_line' id='line_1_11' title="bbox 136 932 961 993; baseline -0.002 -10"><span class='ocrx_word' id='word_1_91' title='bbox 136 934 162 983; x_wconf 76' lang='lat' dir='ltr'>tt}</span> <span class='ocrx_word' id='word_1_92' title='bbox 176 932 222 983; x_wconf 84' lang='lat' dir='ltr'>lens</span> <span class='ocrx_word' id='word_1_93' title='bbox 233 944 278 983; x_wconf 88' lang='lat' dir='ltr'>erat</span> <span class='ocrx_word' id='word_1_94' title='bbox 288 953 362 993; x_wconf 89' lang='lat' dir='ltr'>seque,</span> <span class='ocrx_word' id='word_1_95' title='bbox 374 944 398 981; x_wconf 89' lang='lat' dir='ltr'>ut</span> <span class='ocrx_word' id='word_1_96' title='bbox 409 932 463 982; x_wconf 90' lang='lat' dir='ltr'>solet</span> <span class='ocrx_word' id='word_1_97' title='bbox 474 932 598 982; x_wconf 88' lang='lat' dir='ltr'>mortalium</span> <span class='ocrx_word' id='word_1_98' title='bbox 608 933 700 987; x_wconf 89' lang='lat' dir='ltr'>animus,</span> <span class='ocrx_word' id='word_1_99' title='bbox 712 953 777 992; x_wconf 89' lang='lat' dir='ltr'>supra</span> <span class='ocrx_word' id='word_1_100' title='bbox 788 933 879 982; x_wconf 91' lang='lat' dir='ltr'>modum</span> <span class='ocrx_word' id='word_1_101' title='bbox 894 933 961 992; x_wconf 88' lang='lat' dir='ltr'>etiam</span> 
     </span>
    </p>
   </div>
   <div class='ocr_carea' id='block_1_10' title="bbox 175 1005 1037 1065">
    <p class='ocr_par' dir='ltr' id='par_1_10' title="bbox 175 1005 1037 1065">
     <span class='ocr_line' id='line_1_12' title="bbox 175 1005 1037 1065; baseline 0 -12"><span class='ocrx_word' id='word_1_102' title='bbox 175 1024 198 1054; x_wconf 91' lang='lat' dir='ltr'>re</span> <span class='ocrx_word' id='word_1_103' title='bbox 212 1023 315 1065; x_wconf 82' lang='lat' dir='ltr'>prospera</span> <span class='ocrx_word' id='word_1_104' title='bbox 331 1005 440 1060; x_wconf 79' lang='lat' dir='ltr'>efferebat:</span> <span class='ocrx_word' id='word_1_105' title='bbox 456 1005 528 1054; x_wconf 86' lang='lat' dir='ltr'>timeri</span> <span class='ocrx_word' id='word_1_106' title='bbox 544 1006 634 1064; x_wconf 85' lang='lat' dir='ltr'>quidem</span> <span class='ocrx_word' id='word_1_107' title='bbox 649 1027 673 1054; x_wconf 92' lang='lat' dir='ltr'>se</span> <span class='ocrx_word' id='word_1_108' title='bbox 687 1018 753 1065; x_wconf 88' lang='lat' dir='ltr'>atque</span> <span class='ocrx_word' id='word_1_109' title='bbox 767 1005 836 1054; x_wconf 88' lang='lat' dir='ltr'>videri</span> <span class='ocrx_word' id='word_1_110' title='bbox 852 1026 875 1053; x_wconf 92' lang='lat' dir='ltr'>se</span> <span class='ocrx_word' id='word_1_111' title='bbox 890 1026 959 1054; x_wconf 90' lang='lat' dir='ltr'>unum</span> <span class='ocrx_word' id='word_1_112' title='bbox 1031 1056 1037 1062; x_wconf 10' lang='grc' dir='ltr'><em>ὃ</em></span> 
     </span>
    </p>
   </div>
   <div class='ocr_carea' id='block_1_11' title="bbox 175 1077 959 1137">
    <p class='ocr_par' dir='ltr' id='par_1_11' title="bbox 175 1077 959 1137">
     <span class='ocr_line' id='line_1_13' title="bbox 175 1077 959 1137; baseline 0.001 -13"><span class='ocrx_word' id='word_1_113' title='bbox 175 1098 221 1125; x_wconf 89' lang='lat' dir='ltr'>esse</span> <span class='ocrx_word' id='word_1_114' title='bbox 236 1078 259 1126; x_wconf 91' lang='lat' dir='ltr'>in</span> <span class='ocrx_word' id='word_1_115' title='bbox 273 1077 328 1125; x_wconf 90' lang='lat' dir='ltr'>urbe</span> <span class='ocrx_word' id='word_1_116' title='bbox 343 1078 380 1137; x_wconf 89' lang='lat' dir='ltr'>qui</span> <span class='ocrx_word' id='word_1_117' title='bbox 395 1090 468 1136; x_wconf 88' lang='lat' dir='ltr'>posset</span> <span class='ocrx_word' id='word_1_118' title='bbox 487 1078 559 1127; x_wconf 89' lang='lat' dir='ltr'>omnia</span> <span class='ocrx_word' id='word_1_119' title='bbox 577 1078 685 1135; x_wconf 84' lang='lat' dir='ltr'>cupiebat.</span> <span class='ocrx_word' id='word_1_120' title='bbox 704 1077 804 1136; x_wconf 83' lang='lat' dir='ltr'>Augebat</span> <span class='ocrx_word' id='word_1_121' title='bbox 823 1077 959 1126; x_wconf 86' lang='lat' dir='ltr'>insolentiam</span> 
     </span>
    </p>
   </div>
   <div class='ocr_carea' id='block_1_12' title="bbox 176 1149 1040 1283">
    <p class='ocr_par' dir='ltr' id='par_1_12' title="bbox 176 1149 1040 1283">
     <span class='ocr_line' id='line_1_14' title="bbox 176 1149 1035 1210; baseline -0.002 -10"><span class='ocrx_word' id='word_1_122' title='bbox 176 1151 236 1210; x_wconf 87' lang='lat' dir='ltr'>quod</span> <span class='ocrx_word' id='word_1_123' title='bbox 250 1151 272 1200; x_wconf 95' lang='lat' dir='ltr'>in</span> <span class='ocrx_word' id='word_1_124' title='bbox 288 1163 384 1199; x_wconf 88' lang='lat' dir='ltr'>mentem</span> <span class='ocrx_word' id='word_1_125' title='bbox 393 1150 510 1199; x_wconf 86' lang='lat' dir='ltr'>adduceret</span> <span class='ocrx_word' id='word_1_126' title='bbox 520 1151 690 1210; x_wconf 81' lang='lat' dir='ltr'>gloriareturque</span> <span class='ocrx_word' id='word_1_127' title='bbox 699 1164 765 1210; x_wconf 84' lang='lat' dir='ltr'>atque</span> <span class='ocrx_word' id='word_1_128' title='bbox 775 1151 861 1199; x_wconf 86' lang='lat' dir='ltr'>iactaret</span> <span class='ocrx_word' id='word_1_129' title='bbox 871 1171 894 1199; x_wconf 90' lang='lat' dir='ltr'>se</span> <span class='ocrx_word' id='word_1_130' title='bbox 904 1150 958 1200; x_wconf 90' lang='lat' dir='ltr'>duos</span> <span class='ocrx_word' id='word_1_131' title='bbox 1034 1149 1035 1183; x_wconf 77' lang='grc' dir='ltr'>Ῐ</span> 
     </span>
     <span class='ocr_line' id='line_1_15' title="bbox 176 1223 1040 1283; baseline -0.003 -10"><span class='ocrx_word' id='word_1_132' title='bbox 176 1224 353 1274; x_wconf 88' lang='lat' dir='ltr'>honoratissimos</span> <span class='ocrx_word' id='word_1_133' title='bbox 370 1225 503 1283; x_wconf 84' lang='lat' dir='ltr'>eosdemque</span> <span class='ocrx_word' id='word_1_134' title='bbox 519 1224 656 1282; x_wconf 85' lang='lat' dir='ltr'>gravissimos</span> <span class='ocrx_word' id='word_1_135' title='bbox 674 1244 698 1272; x_wconf 91' lang='lat' dir='ltr'>ac</span> <span class='ocrx_word' id='word_1_136' title='bbox 716 1223 879 1272; x_wconf 88' lang='lat' dir='ltr'>florentissimos</span> <span class='ocrx_word' id='word_1_137' title='bbox 897 1225 920 1271; x_wconf 92' lang='lat' dir='ltr'>in</span> <span class='ocrx_word' id='word_1_138' title='bbox 938 1243 959 1271; x_wconf 88' lang='lat' dir='ltr'>re</span> <span class='ocrx_word' id='word_1_139' title='bbox 1035 1242 1040 1264; x_wconf 72' lang='lat' dir='ltr'>s</span> 
     </span>
    </p>
   </div>
   <div class='ocr_carea' id='block_1_13' title="bbox 137 1295 960 1356">
    <p class='ocr_par' dir='ltr' id='par_1_13' title="bbox 137 1295 960 1356">
     <span class='ocr_line' id='line_1_16' title="bbox 137 1295 960 1356; baseline -0.001 -11"><span class='ocrx_word' id='word_1_140' title='bbox 137 1298 162 1345; x_wconf 84' lang='lat' dir='ltr'>l5</span> <span class='ocrx_word' id='word_1_141' title='bbox 177 1296 264 1354; x_wconf 86' lang='lat' dir='ltr'>publica</span> <span class='ocrx_word' id='word_1_142' title='bbox 275 1297 339 1350; x_wconf 91' lang='lat' dir='ltr'>cives,</span> <span class='ocrx_word' id='word_1_143' title='bbox 353 1295 459 1345; x_wconf 88' lang='lat' dir='ltr'>Catonem</span> <span class='ocrx_word' id='word_1_144' title='bbox 471 1308 492 1345; x_wconf 88' lang='lat' dir='ltr'>et</span> <span class='ocrx_word' id='word_1_145' title='bbox 504 1295 610 1350; x_wconf 89' lang='lat' dir='ltr'>Tullium,</span> <span class='ocrx_word' id='word_1_146' title='bbox 622 1297 698 1345; x_wconf 87' lang='lat' dir='ltr'>cedere</span> <span class='ocrx_word' id='word_1_147' title='bbox 710 1296 819 1356; x_wconf 88' lang='lat' dir='ltr'>potentiae</span> <span class='ocrx_word' id='word_1_148' title='bbox 831 1316 882 1345; x_wconf 87' lang='lat' dir='ltr'>suae</span> <span class='ocrx_word' id='word_1_149' title='bbox 893 1296 960 1345; x_wconf 81' lang='lat' dir='ltr'>exire-</span> 
     </span>
    </p>
   </div>
   <div class='ocr_carea' id='block_1_14' title="bbox 176 1369 1036 1502">
    <p class='ocr_par' dir='ltr' id='par_1_14' title="bbox 176 1369 1041 1502">
     <span class='ocr_line' id='line_1_17' title="bbox 176 1369 1036 1429; baseline -0.001 -10"><span class='ocrx_word' id='word_1_150' title='bbox 176 1391 219 1429; x_wconf 84' lang='lat' dir='ltr'>que</span> <span class='ocrx_word' id='word_1_151' title='bbox 233 1371 287 1419; x_wconf 89' lang='lat' dir='ltr'>urbe</span> <span class='ocrx_word' id='word_1_152' title='bbox 301 1383 367 1427; x_wconf 87' lang='lat' dir='ltr'>atque</span> <span class='ocrx_word' id='word_1_153' title='bbox 382 1369 442 1418; x_wconf 89' lang='lat' dir='ltr'>ltalia</span> <span class='ocrx_word' id='word_1_154' title='bbox 454 1370 556 1428; x_wconf 81' lang='lat' dir='ltr'>coegisse,</span> <span class='ocrx_word' id='word_1_155' title='bbox 569 1370 592 1418; x_wconf 91' lang='lat' dir='ltr'>in</span> <span class='ocrx_word' id='word_1_156' title='bbox 604 1370 659 1418; x_wconf 91' lang='lat' dir='ltr'>urbe</span> <span class='ocrx_word' id='word_1_157' title='bbox 671 1382 744 1418; x_wconf 89' lang='lat' dir='ltr'>autem</span> <span class='ocrx_word' id='word_1_158' title='bbox 756 1370 839 1419; x_wconf 89' lang='lat' dir='ltr'>videret</span> <span class='ocrx_word' id='word_1_159' title='bbox 851 1371 960 1419; x_wconf 90' lang='lat' dir='ltr'>neminem</span> <span class='ocrx_word' id='word_1_160' title='bbox 1033 1400 1036 1404; x_wconf 70' lang='lat'>=</span> 
     </span>
     <span class='ocr_line' id='line_1_18' title="bbox 176 1442 959 1502; baseline 0 -12"><span class='ocrx_word' id='word_1_161' title='bbox 176 1444 217 1492; x_wconf 89' lang='lat' dir='ltr'>sibi</span> <span class='ocrx_word' id='word_1_162' title='bbox 232 1443 376 1492; x_wconf 90' lang='lat' dir='ltr'>metuendum</span> <span class='ocrx_word' id='word_1_163' title='bbox 385 1462 438 1491; x_wconf 89' lang='lat' dir='ltr'>esse.</span> <span class='ocrx_word' id='word_1_164' title='bbox 450 1442 511 1491; x_wconf 87' lang='lat' dir='ltr'>Foris</span> <span class='ocrx_word' id='word_1_165' title='bbox 521 1462 608 1502; x_wconf 87' lang='lat' dir='ltr'>nanque</span> <span class='ocrx_word' id='word_1_166' title='bbox 617 1442 700 1491; x_wconf 91' lang='lat' dir='ltr'>bellum</span> <span class='ocrx_word' id='word_1_167' title='bbox 715 1443 737 1490; x_wconf 89' lang='lat' dir='ltr'>in</span> <span class='ocrx_word' id='word_1_168' title='bbox 755 1442 844 1491; x_wconf 90' lang='lat' dir='ltr'>Parthos</span> <span class='ocrx_word' id='word_1_169' title='bbox 863 1442 959 1497; x_wconf 82' lang='lat' dir='ltr'>Crassus,</span> 
     </span>
    </p>
   </div>
   <div class='ocr_carea' id='block_1_15' title="bbox 134 1515 1043 1720">
    <p class='ocr_par' dir='ltr' id='par_1_15' title="bbox 134 1515 1043 1720">
     <span class='ocr_line' id='line_1_19' title="bbox 175 1515 959 1575; baseline 0 -12"><span class='ocrx_word' id='word_1_170' title='bbox 175 1518 199 1565; x_wconf 87' lang='lat' dir='ltr'>in</span> <span class='ocrx_word' id='word_1_171' title='bbox 214 1517 289 1565; x_wconf 89' lang='lat' dir='ltr'>Gallos</span> <span class='ocrx_word' id='word_1_172' title='bbox 304 1516 391 1573; x_wconf 78' lang='lat' dir='ltr'>gerebat</span> <span class='ocrx_word' id='word_1_173' title='bbox 407 1515 492 1569; x_wconf 76' lang='lat' dir='ltr'>Caesen</span> <span class='ocrx_word' id='word_1_174' title='bbox 500 1515 560 1563; x_wconf 91' lang='lat' dir='ltr'>domi</span> <span class='ocrx_word' id='word_1_175' title='bbox 567 1535 624 1570; x_wconf 84' lang='lat' dir='ltr'>vero,</span> <span class='ocrx_word' id='word_1_176' title='bbox 634 1516 671 1575; x_wconf 88' lang='lat' dir='ltr'>qui</span> <span class='ocrx_word' id='word_1_177' title='bbox 679 1516 787 1575; x_wconf 90' lang='lat' dir='ltr'>principes</span> <span class='ocrx_word' id='word_1_178' title='bbox 795 1516 887 1564; x_wconf 86' lang='lat' dir='ltr'>civitatis</span> <span class='ocrx_word' id='word_1_179' title='bbox 893 1528 959 1570; x_wconf 88' lang='lat' dir='ltr'>erant,</span> 
     </span>
     <span class='ocr_line' id='line_1_20' title="bbox 176 1587 1043 1641; baseline 0.001 -6"><span class='ocrx_word' id='word_1_180' title='bbox 176 1609 200 1636; x_wconf 92' lang='lat' dir='ltr'>se</span> <span class='ocrx_word' id='word_1_181' title='bbox 214 1587 319 1637; x_wconf 88' lang='lat' dir='ltr'>Lucullus</span> <span class='ocrx_word' id='word_1_182' title='bbox 341 1600 362 1635; x_wconf 93' lang='lat' dir='ltr'>et</span> <span class='ocrx_word' id='word_1_183' title='bbox 384 1587 475 1636; x_wconf 86' lang='lat' dir='ltr'>Bibulus</span> <span class='ocrx_word' id='word_1_184' title='bbox 497 1588 643 1641; x_wconf 90' lang='lat' dir='ltr'>continebant.</span> <span class='ocrx_word' id='word_1_185' title='bbox 696 1609 698 1611; x_wconf 72' lang='grc'>’</span> <span class='ocrx_word' id='word_1_186' title='bbox 1041 1638 1043 1640; x_wconf 68' lang='grc'>,</span> 
     </span>
     <span class='ocr_line' id='line_1_21' title="bbox 134 1659 1038 1720; baseline 0.001 -10"><span class='ocrx_word' id='word_1_187' title='bbox 134 1662 163 1710; x_wconf 86' lang='lat'>20</span> <span class='ocrx_word' id='word_1_188' title='bbox 220 1660 326 1710; x_wconf 91' lang='lat' dir='ltr'>Omnium</span> <span class='ocrx_word' id='word_1_189' title='bbox 341 1660 407 1708; x_wconf 92' lang='lat' dir='ltr'>modo</span> <span class='ocrx_word' id='word_1_190' title='bbox 421 1680 491 1708; x_wconf 91' lang='lat' dir='ltr'>unum</span> <span class='ocrx_word' id='word_1_191' title='bbox 505 1660 590 1708; x_wconf 90' lang='lat' dir='ltr'>obstare</span> <span class='ocrx_word' id='word_1_192' title='bbox 598 1660 639 1708; x_wconf 89' lang='lat' dir='ltr'>sibi</span> <span class='ocrx_word' id='word_1_193' title='bbox 647 1661 775 1718; x_wconf 89' lang='lat' dir='ltr'>Pompeium</span> <span class='ocrx_word' id='word_1_194' title='bbox 782 1680 846 1720; x_wconf 88' lang='lat' dir='ltr'>posse</span> <span class='ocrx_word' id='word_1_195' title='bbox 858 1659 961 1708; x_wconf 87' lang='lat' dir='ltr'>eundem·</span> <span class='ocrx_word' id='word_1_196' title='bbox 1037 1708 1038 1711; x_wconf 73' lang='grc'>,</span> 
     </span>
    </p>
   </div>
   <div class='ocr_carea' id='block_1_16' title="bbox 176 1732 1038 1793">
    <p class='ocr_par' dir='ltr' id='par_1_16' title="bbox 176 1732 1038 1793">
     <span class='ocr_line' id='line_1_22' title="bbox 176 1732 1038 1793; baseline -0.006 -11"><span class='ocrx_word' id='word_1_197' title='bbox 176 1755 219 1793; x_wconf 89' lang='lat' dir='ltr'>que</span> <span class='ocrx_word' id='word_1_198' title='bbox 234 1746 345 1792; x_wconf 87' lang='lat' dir='ltr'>potentem</span> <span class='ocrx_word' id='word_1_199' title='bbox 362 1753 388 1781; x_wconf 89' lang='lat' dir='ltr'>ac</span> <span class='ocrx_word' id='word_1_200' title='bbox 406 1734 552 1782; x_wconf 90' lang='lat' dir='ltr'>metuendum</span> <span class='ocrx_word' id='word_1_201' title='bbox 566 1753 613 1781; x_wconf 88' lang='lat' dir='ltr'>esse</span> <span class='ocrx_word' id='word_1_202' title='bbox 630 1735 724 1782; x_wconf 80' lang='lat' dir='ltr'>videbat.</span> <span class='ocrx_word' id='word_1_203' title='bbox 744 1734 809 1782; x_wconf 92' lang='lat' dir='ltr'>Hunc</span> <span class='ocrx_word' id='word_1_204' title='bbox 832 1734 903 1792; x_wconf 81' lang='lat' dir='ltr'>igitur,</span> <span class='ocrx_word' id='word_1_205' title='bbox 923 1732 961 1780; x_wconf 89' lang='lat' dir='ltr'>etsi</span> <span class='ocrx_word' id='word_1_206' title='bbox 1036 1752 1038 1755; x_wconf 89' lang='lat'>·</span> 
     </span>
    </p>
   </div>
   <div class='ocr_carea' id='block_1_17' title="bbox 176 1804 959 1865">
    <p class='ocr_par' dir='ltr' id='par_1_17' title="bbox 176 1804 959 1865">
     <span class='ocr_line' id='line_1_23' title="bbox 176 1804 959 1865; baseline -0.004 -10"><span class='ocrx_word' id='word_1_207' title='bbox 176 1804 235 1855; x_wconf 90' lang='lat' dir='ltr'>nulla</span> <span class='ocrx_word' id='word_1_208' title='bbox 249 1806 272 1855; x_wconf 92' lang='lat' dir='ltr'>in</span> <span class='ocrx_word' id='word_1_209' title='bbox 287 1825 310 1854; x_wconf 91' lang='lat' dir='ltr'>re</span> <span class='ocrx_word' id='word_1_210' title='bbox 324 1806 475 1855; x_wconf 88' lang='lat' dir='ltr'>adversantem</span> <span class='ocrx_word' id='word_1_211' title='bbox 494 1805 533 1855; x_wconf 90' lang='lat' dir='ltr'>sed</span> <span class='ocrx_word' id='word_1_212' title='bbox 552 1805 675 1865; x_wconf 87' lang='lat' dir='ltr'>propicium</span> <span class='ocrx_word' id='word_1_213' title='bbox 695 1819 717 1855; x_wconf 88' lang='lat' dir='ltr'>et</span> <span class='ocrx_word' id='word_1_214' title='bbox 736 1805 845 1855; x_wconf 84' lang='lat' dir='ltr'>laventem</span> <span class='ocrx_word' id='word_1_215' title='bbox 865 1805 959 1860; x_wconf 84' lang='lat' dir='ltr'>haberet,</span> 
     </span>
    </p>
   </div>
   <div class='ocr_carea' id='block_1_18' title="bbox 176 1878 1037 1941">
    <p class='ocr_par' dir='ltr' id='par_1_18' title="bbox 176 1878 1037 1941">
     <span class='ocr_line' id='line_1_24' title="bbox 176 1878 1037 1941; baseline -0.003 -13"><span class='ocrx_word' id='word_1_216' title='bbox 176 1901 204 1928; x_wconf 92' lang='lat' dir='ltr'>ne</span> <span class='ocrx_word' id='word_1_217' title='bbox 219 1880 268 1941; x_wconf 89' lang='lat' dir='ltr'>quis</span> <span class='ocrx_word' id='word_1_218' title='bbox 283 1892 356 1929; x_wconf 89' lang='lat' dir='ltr'>tamen</span> <span class='ocrx_word' id='word_1_219' title='bbox 371 1879 393 1928; x_wconf 94' lang='lat' dir='ltr'>in</span> <span class='ocrx_word' id='word_1_220' title='bbox 405 1879 460 1928; x_wconf 89' lang='lat' dir='ltr'>urbe</span> <span class='ocrx_word' id='word_1_221' title='bbox 471 1880 600 1928; x_wconf 86' lang='lat' dir='ltr'>eminentior</span> <span class='ocrx_word' id='word_1_222' title='bbox 611 1879 726 1934; x_wconf 85' lang='lat' dir='ltr'>videretur,</span> <span class='ocrx_word' id='word_1_223' title='bbox 740 1880 860 1938; x_wconf 88' lang='lat' dir='ltr'>deprimere</span> <span class='ocrx_word' id='word_1_224' title='bbox 871 1899 896 1928; x_wconf 85' lang='lat' dir='ltr'>ac</span> <span class='ocrx_word' id='word_1_225' title='bbox 907 1878 961 1928; x_wconf 84' lang='lat' dir='ltr'>urbe</span> <span class='ocrx_word' id='word_1_226' title='bbox 1035 1918 1037 1920; x_wconf 61' lang='grc'><strong>,</strong></span> 
     </span>
    </p>
   </div>
   <div class='ocr_carea' id='block_1_19' title="bbox 135 1951 962 2306">
    <p class='ocr_par' dir='ltr' id='par_1_19' title="bbox 135 1951 962 2306">
     <span class='ocr_line' id='line_1_25' title="bbox 177 1951 961 2011; baseline -0.001 -12"><span class='ocrx_word' id='word_1_227' title='bbox 177 1951 284 2011; x_wconf 88' lang='lat' dir='ltr'>depellere</span> <span class='ocrx_word' id='word_1_228' title='bbox 299 1953 389 1999; x_wconf 91' lang='lat' dir='ltr'>omnino</span> <span class='ocrx_word' id='word_1_229' title='bbox 407 1952 526 2000; x_wconf 88' lang='lat' dir='ltr'>constituit.</span> <span class='ocrx_word' id='word_1_230' title='bbox 546 1951 640 1999; x_wconf 87' lang='lat' dir='ltr'>Proinde</span> <span class='ocrx_word' id='word_1_231' title='bbox 658 1951 769 2000; x_wconf 89' lang='lat' dir='ltr'>voluntate</span> <span class='ocrx_word' id='word_1_232' title='bbox 788 1964 870 2001; x_wconf 79' lang='lat' dir='ltr'>mutata</span> <span class='ocrx_word' id='word_1_233' title='bbox 889 1951 961 2000; x_wconf 90' lang='lat' dir='ltr'>subito</span> 
     </span>
     <span class='ocr_line' id='line_1_26' title="bbox 135 2023 961 2081; baseline -0.002 -8"><span class='ocrx_word' id='word_1_234' title='bbox 135 2025 163 2073; x_wconf 81' lang='lat'>25</span> <span class='ocrx_word' id='word_1_235' title='bbox 178 2024 240 2074; x_wconf 89' lang='lat' dir='ltr'>cuius</span> <span class='ocrx_word' id='word_1_236' title='bbox 250 2025 332 2073; x_wconf 90' lang='lat' dir='ltr'>amicus</span> <span class='ocrx_word' id='word_1_237' title='bbox 343 2023 421 2079; x_wconf 78' lang='lat' dir='ltr'>fronte,</span> <span class='ocrx_word' id='word_1_238' title='bbox 433 2024 510 2079; x_wconf 81' lang='lat' dir='ltr'>verbis,</span> <span class='ocrx_word' id='word_1_239' title='bbox 523 2023 596 2073; x_wconf 83' lang='lat' dir='ltr'>lavore</span> <span class='ocrx_word' id='word_1_240' title='bbox 606 2023 674 2072; x_wconf 90' lang='lat' dir='ltr'>videri</span> <span class='ocrx_word' id='word_1_241' title='bbox 685 2023 770 2081; x_wconf 77' lang='lat' dir='ltr'>soleret,</span> <span class='ocrx_word' id='word_1_242' title='bbox 779 2025 876 2075; x_wconf 73' lang='lat' dir='ltr'>&#39;eundem</span> <span class='ocrx_word' id='word_1_243' title='bbox 885 2037 910 2075; x_wconf 90' lang='lat' dir='ltr'>ut</span> <span class='ocrx_word' id='word_1_244' title='bbox 921 2024 961 2074; x_wconf 82' lang='lat' dir='ltr'>ini-</span> 
     </span>
     <span class='ocr_line' id='line_1_27' title="bbox 177 2097 960 2157; baseline -0.004 -10"><span class='ocrx_word' id='word_1_245' title='bbox 177 2100 259 2147; x_wconf 93' lang='lat' dir='ltr'>micum</span> <span class='ocrx_word' id='word_1_246' title='bbox 273 2118 297 2146; x_wconf 86' lang='lat' dir='ltr'>ac</span> <span class='ocrx_word' id='word_1_247' title='bbox 313 2099 398 2146; x_wconf 88' lang='lat' dir='ltr'>hostem</span> <span class='ocrx_word' id='word_1_248' title='bbox 412 2099 493 2156; x_wconf 88' lang='lat' dir='ltr'>patriae</span> <span class='ocrx_word' id='word_1_249' title='bbox 512 2097 621 2145; x_wconf 89' lang='lat' dir='ltr'>criminari</span> <span class='ocrx_word' id='word_1_250' title='bbox 640 2098 737 2155; x_wconf 91' lang='lat' dir='ltr'>primum</span> <span class='ocrx_word' id='word_1_251' title='bbox 756 2098 812 2146; x_wconf 89' lang='lat' dir='ltr'>clam</span> <span class='ocrx_word' id='word_1_252' title='bbox 831 2098 891 2157; x_wconf 88' lang='lat' dir='ltr'>apud</span> <span class='ocrx_word' id='word_1_253' title='bbox 910 2118 960 2146; x_wconf 83' lang='lat' dir='ltr'>suae</span> 
     </span>
     <span class='ocr_line' id='line_1_28' title="bbox 177 2169 961 2229; baseline -0.001 -12"><span class='ocrx_word' id='word_1_254' title='bbox 177 2169 277 2218; x_wconf 78' lang='lat' dir='ltr'>factionis</span> <span class='ocrx_word' id='word_1_255' title='bbox 289 2170 388 2218; x_wconf 88' lang='lat' dir='ltr'>homines</span> <span class='ocrx_word' id='word_1_256' title='bbox 400 2170 484 2227; x_wconf 89' lang='lat' dir='ltr'>privato</span> <span class='ocrx_word' id='word_1_257' title='bbox 495 2169 611 2228; x_wconf 81' lang='lat' dir='ltr'>colloquio,</span> <span class='ocrx_word' id='word_1_258' title='bbox 624 2169 703 2218; x_wconf 90' lang='lat' dir='ltr'>deinde</span> <span class='ocrx_word' id='word_1_259' title='bbox 715 2170 827 2228; x_wconf 89' lang='lat' dir='ltr'>propalam</span> <span class='ocrx_word' id='word_1_260' title='bbox 838 2190 863 2218; x_wconf 93' lang='lat' dir='ltr'>ac</span> <span class='ocrx_word' id='word_1_261' title='bbox 874 2169 961 2229; x_wconf 86' lang='lat' dir='ltr'>publica</span> 
     </span>
     <span class='ocr_line' id='line_1_29' title="bbox 177 2241 962 2306; baseline 0.001 -17"><span class='ocrx_word' id='word_1_262' title='bbox 177 2242 200 2291; x_wconf 91' lang='lat' dir='ltr'>in</span> <span class='ocrx_word' id='word_1_263' title='bbox 214 2242 318 2292; x_wconf 89' lang='lat' dir='ltr'>concione</span> <span class='ocrx_word' id='word_1_264' title='bbox 332 2241 411 2302; x_wconf 85' lang='lat' dir='ltr'>coepit.</span> <span class='ocrx_word' id='word_1_265' title='bbox 427 2242 499 2291; x_wconf 84' lang='lat' dir='ltr'>Multa</span> <span class='ocrx_word' id='word_1_266' title='bbox 513 2242 572 2291; x_wconf 91' lang='lat' dir='ltr'>enim</span> <span class='ocrx_word' id='word_1_267' title='bbox 586 2241 645 2290; x_wconf 85' lang='lat' dir='ltr'>lalsis</span> <span class='ocrx_word' id='word_1_268' title='bbox 660 2242 821 2306; x_wconf 88' lang='lat' dir='ltr'>commiscendo</span> <span class='ocrx_word' id='word_1_269' title='bbox 835 2261 884 2293; x_wconf 87' lang='lat' dir='ltr'>vera</span> <span class='ocrx_word' id='word_1_270' title='bbox 902 2261 962 2302; x_wconf 55' lang='lat' dir='ltr'>sparn</span> 
     </span>
    </p>
   </div>
   <div class='ocr_carea' id='block_1_20' title="bbox 1045 1511 1048 2058">
    <p class='ocr_par' dir='ltr' id='par_1_20' title="bbox 1045 1511 1048 2058">
     <span class='ocr_line' id='line_1_30' title="bbox 1045 1511 1048 2058; baseline 0 0"><span class='ocrx_word' id='word_1_271' title='bbox 1045 1511 1048 2058; x_wconf 95' lang='lat' dir='ltr'> </span> 
     </span>
    </p>
   </div>
   <div class='ocr_carea' id='block_1_21' title="bbox 177 2315 1042 2380">
    <p class='ocr_par' dir='ltr' id='par_1_21' title="bbox 177 2315 1042 2380">
     <span class='ocr_line' id='line_1_31' title="bbox 177 2315 1042 2380; baseline -0.001 -15"><span class='ocrx_word' id='word_1_272' title='bbox 177 2316 240 2374; x_wconf 80' lang='lat' dir='ltr'>gebat</span> <span class='ocrx_word' id='word_1_273' title='bbox 255 2315 352 2371; x_wconf 86' lang='lat' dir='ltr'>crimina,</span> <span class='ocrx_word' id='word_1_274' title='bbox 362 2329 387 2364; x_wconf 88' lang='lat' dir='ltr'>ut</span> <span class='ocrx_word' id='word_1_275' title='bbox 396 2315 489 2365; x_wconf 81' lang='lat' dir='ltr'>affectati</span> <span class='ocrx_word' id='word_1_276' title='bbox 499 2315 559 2375; x_wconf 81' lang='lat' dir='ltr'>regni</span> <span class='ocrx_word' id='word_1_277' title='bbox 569 2328 695 2375; x_wconf 84' lang='lat' dir='ltr'>suspectum</span> <span class='ocrx_word' id='word_1_278' title='bbox 705 2315 767 2365; x_wconf 92' lang='lat' dir='ltr'>illum</span> <span class='ocrx_word' id='word_1_279' title='bbox 776 2317 961 2376; x_wconf 85' lang='lat' dir='ltr'>quemadmodum</span> <span class='ocrx_word' id='word_1_280' title='bbox 1037 2324 1042 2380; x_wconf 60' lang='lat' dir='ltr'>J</span> 
     </span>
    </p>
   </div>
   <div class='ocr_carea' id='block_1_22' title="bbox 135 2389 962 2743">
    <p class='ocr_par' dir='ltr' id='par_1_22' title="bbox 135 2389 962 2743">
     <span class='ocr_line' id='line_1_32' title="bbox 135 2389 864 2448; baseline 0.001 -11"><span class='ocrx_word' id='word_1_281' title='bbox 135 2391 164 2438; x_wconf 79' lang='lat'>30</span> <span class='ocrx_word' id='word_1_282' title='bbox 179 2403 265 2438; x_wconf 86' lang='lat' dir='ltr'>senatus</span> <span class='ocrx_word' id='word_1_283' title='bbox 280 2389 370 2437; x_wconf 87' lang='lat' dir='ltr'>nimiam</span> <span class='ocrx_word' id='word_1_284' title='bbox 385 2389 420 2437; x_wconf 64' lang='lat' dir='ltr'>ob&gt;</span> <span class='ocrx_word' id='word_1_285' title='bbox 430 2390 549 2448; x_wconf 76' lang='lat' dir='ltr'>potentiam</span> <span class='ocrx_word' id='word_1_286' title='bbox 565 2390 594 2438; x_wconf 86' lang='lat' dir='ltr'>ita</span> <span class='ocrx_word' id='word_1_287' title='bbox 610 2389 675 2438; x_wconf 80' lang='lat' dir='ltr'>etiam</span> <span class='ocrx_word' id='word_1_288' title='bbox 691 2389 752 2448; x_wconf 89' lang='lat' dir='ltr'>plebs</span> <span class='ocrx_word' id='word_1_289' title='bbox 769 2391 864 2439; x_wconf 88' lang='lat' dir='ltr'>haberet.</span> 
     </span>
     <span class='ocr_line' id='line_1_33' title="bbox 220 2461 962 2522; baseline 0 -11"><span class='ocrx_word' id='word_1_290' title='bbox 220 2462 267 2511; x_wconf 88' lang='lat' dir='ltr'>Nec</span> <span class='ocrx_word' id='word_1_291' title='bbox 282 2461 373 2511; x_wconf 90' lang='lat' dir='ltr'>Clodius</span> <span class='ocrx_word' id='word_1_292' title='bbox 386 2462 459 2517; x_wconf 90' lang='lat' dir='ltr'>modo,</span> <span class='ocrx_word' id='word_1_293' title='bbox 472 2462 510 2522; x_wconf 85' lang='lat' dir='ltr'>qui</span> <span class='ocrx_word' id='word_1_294' title='bbox 522 2463 611 2522; x_wconf 87' lang='lat' dir='ltr'>patricia</span> <span class='ocrx_word' id='word_1_295' title='bbox 623 2473 687 2522; x_wconf 81' lang='lat' dir='ltr'>gente</span> <span class='ocrx_word' id='word_1_296' title='bbox 699 2475 762 2513; x_wconf 86' lang='lat' dir='ltr'>natus</span> <span class='ocrx_word' id='word_1_297' title='bbox 774 2483 800 2513; x_wconf 86' lang='lat' dir='ltr'>ac</span> <span class='ocrx_word' id='word_1_298' title='bbox 811 2462 881 2522; x_wconf 87' lang='lat' dir='ltr'>plebis</span> <span class='ocrx_word' id='word_1_299' title='bbox 893 2462 962 2513; x_wconf 89' lang='lat' dir='ltr'>tribu·</span> 
     </span>
     <span class='ocr_line' id='line_1_34' title="bbox 177 2535 962 2596; baseline -0.003 -12"><span class='ocrx_word' id='word_1_300' title='bbox 177 2556 218 2585; x_wconf 91' lang='lat' dir='ltr'>nus</span> <span class='ocrx_word' id='word_1_301' title='bbox 233 2548 296 2591; x_wconf 88' lang='lat' dir='ltr'>esset,</span> <span class='ocrx_word' id='word_1_302' title='bbox 306 2535 345 2584; x_wconf 89' lang='lat' dir='ltr'>sed</span> <span class='ocrx_word' id='word_1_303' title='bbox 354 2535 453 2584; x_wconf 88' lang='lat' dir='ltr'>homines</span> <span class='ocrx_word' id='word_1_304' title='bbox 462 2557 474 2584; x_wconf 91' lang='lat' dir='ltr'>e</span> <span class='ocrx_word' id='word_1_305' title='bbox 483 2535 546 2594; x_wconf 92' lang='lat' dir='ltr'>plebe</span> <span class='ocrx_word' id='word_1_306' title='bbox 555 2556 580 2585; x_wconf 92' lang='lat' dir='ltr'>ac</span> <span class='ocrx_word' id='word_1_307' title='bbox 589 2536 664 2586; x_wconf 87' lang='lat' dir='ltr'>infima</span> <span class='ocrx_word' id='word_1_308' title='bbox 673 2557 685 2585; x_wconf 94' lang='lat' dir='ltr'>e</span> <span class='ocrx_word' id='word_1_309' title='bbox 693 2535 757 2595; x_wconf 85' lang='lat' dir='ltr'>plebe</span> <span class='ocrx_word' id='word_1_310' title='bbox 766 2536 856 2596; x_wconf 89' lang='lat' dir='ltr'>quidam</span> <span class='ocrx_word' id='word_1_311' title='bbox 865 2549 916 2585; x_wconf 93' lang='lat' dir='ltr'>sunt</span> <span class='ocrx_word' id='word_1_312' title='bbox 925 2554 962 2595; x_wconf 87' lang='lat' dir='ltr'>per</span> 
     </span>
     <span class='ocr_line' id='line_1_35' title="bbox 177 2608 961 2669; baseline 0.004 -14"><span class='ocrx_word' id='word_1_313' title='bbox 177 2609 200 2658; x_wconf 93' lang='lat' dir='ltr'>id</span> <span class='ocrx_word' id='word_1_314' title='bbox 214 2621 302 2669; x_wconf 88' lang='lat' dir='ltr'>tempus</span> <span class='ocrx_word' id='word_1_315' title='bbox 316 2608 421 2658; x_wconf 84' lang='lat' dir='ltr'>lacescere</span> <span class='ocrx_word' id='word_1_316' title='bbox 435 2609 564 2668; x_wconf 88' lang='lat' dir='ltr'>Pompeium</span> <span class='ocrx_word' id='word_1_317' title='bbox 573 2622 595 2658; x_wconf 88' lang='lat' dir='ltr'>et</span> <span class='ocrx_word' id='word_1_318' title='bbox 604 2609 723 2659; x_wconf 86' lang='lat' dir='ltr'>maledictis</span> <span class='ocrx_word' id='word_1_319' title='bbox 732 2623 754 2659; x_wconf 92' lang='lat' dir='ltr'>et</span> <span class='ocrx_word' id='word_1_320' title='bbox 763 2608 831 2659; x_wconf 89' lang='lat' dir='ltr'>sibilis</span> <span class='ocrx_word' id='word_1_321' title='bbox 840 2609 881 2659; x_wconf 87' lang='lat' dir='ltr'>hoc</span> <span class='ocrx_word' id='word_1_322' title='bbox 890 2629 961 2659; x_wconf 83' lang='lat' dir='ltr'>exem·</span> 
     </span>
     <span class='ocr_line' id='line_1_36' title="bbox 177 2682 962 2743; baseline -0.004 -13"><span class='ocrx_word' id='word_1_323' title='bbox 177 2683 214 2741; x_wconf 88' lang='lat' dir='ltr'>plo</span> <span class='ocrx_word' id='word_1_324' title='bbox 228 2702 268 2742; x_wconf 90' lang='lat' dir='ltr'>per</span> <span class='ocrx_word' id='word_1_325' title='bbox 282 2695 433 2741; x_wconf 91' lang='lat' dir='ltr'>contemptum</span> <span class='ocrx_word' id='word_1_326' title='bbox 449 2683 503 2730; x_wconf 88' lang='lat' dir='ltr'>ausi.</span> <span class='ocrx_word' id='word_1_327' title='bbox 521 2682 589 2731; x_wconf 90' lang='lat' dir='ltr'>Ludis</span> <span class='ocrx_word' id='word_1_328' title='bbox 606 2696 680 2732; x_wconf 88' lang='lat' dir='ltr'>autem</span> <span class='ocrx_word' id='word_1_329' title='bbox 695 2682 857 2743; x_wconf 73' lang='lat' dir='ltr'>Apollinaribus</span> <span class='ocrx_word' id='word_1_330' title='bbox 875 2683 923 2741; x_wconf 90' lang='lat' dir='ltr'>ipso</span> <span class='ocrx_word' id='word_1_331' title='bbox 941 2682 962 2728; x_wconf 90' lang='lat' dir='ltr'>in</span> 
     </span>
    </p>
   </div>
   <div class='ocr_carea' id='block_1_23' title="bbox 171 2821 403 2861">
    <p class='ocr_par' dir='ltr' id='par_1_23' title="bbox 171 2821 403 2861">
     <span class='ocr_line' id='line_1_37' title="bbox 171 2821 403 2861; baseline 0 -2"><span class='ocrx_word' id='word_1_332' title='bbox 171 2822 200 2859; x_wconf 80' lang='lat'>34.</span> <span class='ocrx_word' id='word_1_333' title='bbox 212 2822 248 2860; x_wconf 87' lang='lat' dir='ltr'>Cic.</span> <span class='ocrx_word' id='word_1_334' title='bbox 260 2822 297 2861; x_wconf 82' lang='lat' dir='ltr'>Art.</span> <span class='ocrx_word' id='word_1_335' title='bbox 310 2822 330 2859; x_wconf 90' lang='lat'>11.</span> <span class='ocrx_word' id='word_1_336' title='bbox 347 2821 373 2858; x_wconf 79' lang='grc'>19.</span> <span class='ocrx_word' id='word_1_337' title='bbox 386 2822 403 2859; x_wconf 82' lang='lat'>3.</span> 
     </span>
    </p>
   </div>
   <div class='ocr_carea' id='block_1_24' title="bbox 175 2937 376 2985">
    <p class='ocr_par' dir='ltr' id='par_1_24' title="bbox 175 2937 376 2985">
     <span class='ocr_line' id='line_1_38' title="bbox 175 2937 376 2985; baseline -0.015 0"><span class='ocrx_word' id='word_1_338' title='bbox 175 2940 208 2985; x_wconf 76' lang='lat'>33.</span> <span class='ocrx_word' id='word_1_339' title='bbox 222 2939 262 2985; x_wconf 84' lang='lat' dir='ltr'>Pro</span> <span class='ocrx_word' id='word_1_340' title='bbox 276 2937 376 2984; x_wconf 87' lang='lat' dir='ltr'>lacessere.</span> 
     </span>
    </p>
   </div>
   <div class='ocr_carea' id='block_1_25' title="bbox 0 0 1057 3253">
    <p class='ocr_par' dir='ltr' id='par_1_25' title="bbox 0 0 1057 3253">
     <span class='ocr_line' id='line_1_39' title="bbox 0 0 1057 3253; baseline 0 0"><span class='ocrx_word' id='word_1_341' title='bbox 0 0 1057 3253; x_wconf 95' lang='lat' dir='ltr'> </span> 
     </span>
    </p>
   </div>
  </div>
 </body>
</html>
