2093 3253
241 169 372 212 scaurorum
386 169 512 201 uuusrmuu
525 180 539 185 -
553 168 611 200 ursan
625 167 675 200 xvu.
830 151 871 199 479

80 286 132 347 pina
146 284 240 334 insolens
252 283 333 333 lemina
345 297 400 333 esset
412 297 436 343 et,
444 284 528 337 cunctis
539 282 622 332 artibus
637 282 705 330 malae
718 281 870 330 dominationis

80 359 172 414 arderet,
187 358 248 408 Nero
261 371 334 408 autem
348 358 424 406 dietim
436 371 505 406 aetate
518 378 543 406 ac
556 357 615 405 leroc
620 357 640 404 ia
653 374 751 404 crescens
764 352 872 404 crudelior

81 444 201 491 appareret.
216 431 357 490 Quamquam
366 431 426 480 enim
435 432 557 489 pubescens
568 430 630 479 Nero
641 429 736 478 multum
746 429 792 486 spei
802 428 872 477 bonae

81 506 110 555 ad
124 505 268 560 clementiam,
285 504 314 553 ad
331 503 528 559 mansuetudinem,
546 503 575 552 ad
592 503 697 552 virtutem
714 501 828 550 ostendere
845 501 873 552 de

56 581 69 631 5
84 577 190 629 industria
201 577 312 632 niteretur,
324 589 400 626 natura
411 590 484 626 tamen
495 577 518 625 in
529 576 598 625 scelus
610 596 675 625 omne
686 594 755 636 prona
766 574 873 634 quaedam

83 652 194 701 interdum
206 652 266 709 signa
278 650 411 698 crudelitatis
423 663 445 698 et
456 650 524 699 animi
537 650 634 698 scelerati
647 650 720 698 dabat.
735 649 761 697 ld
773 649 873 698 iuventae

83 725 162 774 vitium
176 723 340 772 attribuendum
356 743 402 771 esse
418 722 536 772 multitudo
552 723 650 781 putabat.
667 723 749 771 Seneca
764 742 822 777 vero,
834 722 872 781 qui

84 798 137 853 dies,
153 796 191 856 qui
206 809 279 855 noctes
294 817 369 845 secum
381 795 464 857 agebat,
480 796 650 856 haudquaquam
663 797 738 846 aetatis
753 796 792 845 sed
805 790 873 845 animi

85 870 187 918 morbum
201 889 247 917 esse
258 869 353 917 videbat.
365 869 459 917 Proinde
471 868 539 916 multa
550 869 579 917 ad
590 889 642 917 eum
653 889 716 926 saepe
728 870 755 917 de
768 869 873 917 modestia

46 945 72 996 ll]
87 941 191 1003 principis
213 954 234 990 et
258 940 391 990 humanitate
414 942 560 1000 nequicquam
581 941 665 990 locutus
686 941 752 990 libros
773 942 802 990 ad
822 962 873 990 eum
946 946 948 949 ⁴

86 1017 113 1065 de
134 1016 254 1065 Clementia
277 1015 362 1073 scripsit
382 1028 407 1064 ut
430 1015 521 1063 lectione
544 1016 642 1074 ipsorum
666 1036 688 1063 se
711 1035 724 1063 a
747 1015 874 1064 crudelitate

88 1088 214 1138 retraheret.

130 1160 156 1210 ld
170 1175 244 1210 autem
258 1160 405 1210 moderatione
417 1181 442 1209 ac
454 1161 560 1220 sapientia
573 1160 636 1221 Burri
650 1175 671 1210 et
684 1161 779 1210 Senecae
791 1160 875 1210 lactum

86 1235 180 1289 invenio,
198 1235 264 1294 quod,
282 1235 336 1284 dum
352 1233 412 1285 Nero
429 1235 527 1293 permisit
544 1229 662 1293 imperium
679 1235 873 1289 horum'consilio

48 1310 73 1360 15
88 1308 221 1362 auctoritate,
240 1306 350 1367 diligentia
365 1309 482 1367 gubernari
500 1308 687 1368 (quinquennium
704 1309 727 1357 id
744 1308 802 1367 tuit),
820 1308 874 1357 nihil

86 1377 174 1434 iniuste,
185 1380 238 1428 nihil
248 1399 317 1434 avare,
328 1379 382 1429 nihil
392 1393 462 1438 turpe,
473 1381 512 1429 sed
522 1381 595 1429 omnia
606 1381 711 1434 modeste,
722 1402 780 1435 sane,
791 1394 875 1429 mature

86 1454 133 1503 fieri
147 1452 281 1502 audirentur.
292 1452 401 1501 Memorat
411 1473 498 1512 nanque
509 1452 558 1501 Sex.
568 1453 686 1520 Aurellius‚
697 1455 791 1512 scriptor
800 1472 875 1501 earum

88 1546 161 1577 rerum
171 1547 226 1586 quae
236 1547 249 1574 a
257 1527 385 1576 Caesaribus
393 1539 430 1575 aut
439 1526 508 1575 dictae
516 1540 553 1575 aut
561 1541 634 1585 gestae
642 1525 738 1581 luerunt,
746 1525 874 1581 Traianum,

88 1600 126 1660 qui
141 1612 190 1660 post
205 1597 316 1648 Neronem
324 1619 394 1648 nonus
401 1601 519 1658 imperium
525 1600 603 1655 tenuit,
611 1600 712 1648 auditum
719 1619 875 1658 saepenumero

47 1674 76 1722 20
91 1672 169 1727 dicere,
178 1692 229 1721 cum
240 1691 317 1726 sermo,
329 1684 354 1722 ut
365 1672 447 1721 solebat
458 1673 575 1727 interdum,
584 1674 611 1722 de
622 1673 666 1722 vita
677 1685 699 1722 et
710 1673 807 1722 moribus
814 1673 875 1731 prin-

89 1746 164 1805 cipum
178 1747 276 1800 oriretur,
301 1746 396 1804 primum
420 1745 597 1805 quinquennium
620 1746 756 1805 principatus
780 1746 875 1795 Neronis

89 1820 149 1867 omni
164 1817 228 1867 laude
242 1818 508 1877 cunctorumprincipum
520 1832 619 1877 tempora
631 1820 714 1869 anteire
726 1838 765 1878 per
778 1819 818 1869 hos
830 1819 876 1868 lere

90 1891 135 1939 dies
151 1890 231 1950 quibus
241 1891 357 1949 imperium
368 1890 491 1939 Romanum
501 1891 592 1939 consilio
602 1912 627 1939 ac
637 1911 705 1950 prope
715 1905 771 1940 nutu
782 1892 876 1940 Senecae

47 1988 49 1993 ·
91 1976 207 2021 regeretur.
852 1978 853 1981 ’

49 2036 76 2084 25
133 2036 220 2092 Paulus,
234 2035 315 2085 Christi
329 2036 373 2085 veri
387 2055 412 2084 ac
425 2036 502 2094 optimi
516 2037 550 2085 dei
564 2037 632 2085 nostri
645 2035 776 2085 fortissimus
789 2049 877 2096 aposto-

91 2108 131 2164 lus,
165 2109 246 2158 Romae
262 2107 327 2158 simul
343 2128 394 2157 cum
410 2109 481 2163 Petro,
498 2109 647 2167 apostolorum
664 2110 799 2159 sanctissimo
815 2110 876 2168 prin-

90 2182 145 2239 cipe,
161 2182 292 2230 versabatur.
305 2182 387 2231 Seneca
399 2201 450 2231 vero
463 2174 608 2231 benivolentia
620 2197 641 2231 et
653 2182 797 2231 familiaritate
809 2183 876 2231 Paulo

91 2252 203 2302 devinctus
218 2266 257 2308 est,
272 2254 390 2303 admiratus
406 2254 506 2313 epistolas
522 2268 588 2314 atque
604 2256 726 2304 doctrinam
741 2255 794 2310 eius,
815 2256 876 2313 quod

91 2325 261 2387 haudquaquam
272 2327 317 2376 ullo
330 2329 415 2377 mortali
427 2329 455 2377 ab
468 2330 556 2378 homine
568 2321 652 2383 verum,
665 2330 697 2378 uti
710 2341 777 2383 erant,
790 2328 876 2388 prolec¹

50 2399 78 2447 30
92 2411 127 2448 tae
142 2400 216 2450 divino
233 2421 246 2449 a
264 2402 490 2460 spirituviderentur,
510 2423 579 2461 eoque
597 2403 701 2463 paulatim
718 2403 825 2451 adductus
844 2414 877 2451 est

92 2472 174 2521 Seneca
187 2474 247 2531 quod
260 2476 358 2522 veterum
372 2475 415 2524 ritu
429 2477 500 2539 posito
513 2476 557 2523 iam
570 2477 611 2524 seri
626 2476 648 2522 in
663 2496 689 2523 eo
700 2476 766 2523 veluti
777 2474 842 2523 fertili
853 2477 876 2522 in

92 2564 143 2603 agro
157 2559 230 2604 posset
244 2546 325 2596 iudicio
339 2546 399 2596 Pauli
414 2568 488 2596 semen
502 2547 646 2597 lortissimum
659 2548 720 2597 verbi
734 2548 769 2597 dei
784 2568 876 2597 novum·

92 2638 134 2676 que
150 2639 172 2667 se
183 2632 293 2669 auctorem
305 2619 385 2669 laceret
399 2621 448 2670 lesu
459 2622 548 2670 Christi.
560 2622 631 2671 Huius
642 2624 672 2671 rei
683 2635 748 2671 testes
759 2634 810 2670 sunt
819 2622 877 2679 epis-

91 2689 148 2750 tolae
159 2693 262 2751 utrinque
274 2694 373 2751 scriptae.
386 2693 452 2742 Unde
468 2694 603 2753 Hieronymi,
620 2694 771 2753 sapientissimi
787 2693 878 2753 presby-

54 2786 194 2799 ᾖ*

91 2826 116 2862 17.
128 2827 169 2864 Aur.
181 2828 224 2865 Vict.
235 2829 279 2871 Epa.
292 2829 308 2865 5.
322 2829 332 2866 2
345 2829 375 2875 (cl.
384 2829 425 2866 Aur.
433 2831 476 2867 Vict.
485 2830 531 2868 Caes.
542 2831 557 2867 5.
567 2831 592 2876 Ζ).
648 2831 676 2867 34.
689 2830 757 2868 Hieron.
767 2831 802 2868 Vir.
810 2831 837 2868 Ill.
851 2831 876 2869 12.

50 2902 198 2915 ...ξ-

95 2939 113 2985 2.
128 2942 197 2987 dietim
210 2962 234 2989 ex
247 2946 342 3001 aeltatet)
356 2951 421 2991 stetim
435 2964 484 2991 corr.
498 2946 524 2991 O.
