2093 3253
241 146 371 178 SCRIPTORUM
386 146 510 178 lLLUSTRIUM
523 157 538 163 -
552 146 609 176 trum
623 145 655 175 XV.
818 133 859 178 409

77 258 115 308 sed
129 260 202 319 ipsum
221 260 249 308 ad
270 259 396 308 dictatorem
416 280 441 308 ac
461 260 620 310 dominatorem
641 259 755 326 Caesarem
776 260 859 316 habuit;

76 333 177 393 primum·
185 333 244 383 enim
257 353 297 394 pro
305 333 339 384 M.
349 333 460 389 Marcello,
469 334 548 384 deinde
556 354 596 394 pro
604 333 633 392 Q.
643 334 735 393 Ligario,
746 347 855 394 postremo

77 426 116 466 pro
131 406 247 465 Deyotaro‚
262 407 371 456 Gallaciae
385 426 441 465 rege,
456 408 517 456 diirit.
531 408 684 457 Constituerat'
693 409 782 467 quidem
796 402 857 457 silere

64 510 65 514 =
77 491 189 543 perpetuo,
204 480 243 529 sed
255 493 344 539 rogatus
359 501 371 529 a
383 484 460 529 senatu
471 481 708 543 mutavit'sententiam.
719 481 858 540 Quamquam

52 555 64 602 5
80 572 160 602 vanum
174 554 220 601 sine
234 556 339 613 'potestate
353 567 438 602 senatus
454 547 533 608 nomen
549 575 596 603 esse
610 552 706 610 videtete.
715 549 861 619 recordatione

79 639 152 673 tamen
161 644 191 674 -ac
205 627 323 679 reverentia
342 626 443 684 pristinae
461 627 570 684 dignitatis
588 648 635 675 esse
652 641 716 686 turpe
734 629 824 685 putavit,
844 630 861 675 si

52 734 54 736 ψ
80 700 131 748 haec
146 699 268 758 petentibus
284 699 382 758 patribus
398 720 452 759 quae
465 700 554 751 honesta
568 715 640 749 essent
655 714 676 749 et
691 715 752 750 tanto
762 720 802 760 pro
813 703 859 750 viro

80 786 173 830 negaret.

122 845 160 895 Vir
175 858 219 895 erat
234 847 268 895 M.
284 846 400 895 Marcellus
414 867 439 895 ex
453 846 556 896 Romanis
569 847 703 905 principibus
717 841 772 897 curn¹
781 847 859 896 nobili-

42 923 67 970 10
82 932 126 969 tate
140 920 223 977 generis
237 933 285 969 tum
299 920 440 977 generositate
453 920 519 970 animi
534 916 699 979 cognitioneque
713 920 862 979 philosophiae

81 1013 106 1040 ac
121 993 193 1041 studio
207 993 311 1041 oratoriae
322 992 428 1042 facultatis
439 993 534 1042 illustris.
546 993 591 1042 Sed
601 1014 651 1042 curn
661 993 712 1042 belli
722 994 790 1042 civilis
801 995 862 1042 initio

82 1078 137 1114 esset
151 1065 226 1114 consul
241 1079 262 1114 et
276 1079 322 1114 toto
343 1065 400 1114 hello
421 1080 494 1115 contra
516 1065 630 1115 Caesarem
650 1065 742 1114 libertati
763 1065 861 1123 publicae

81 1160 106 1186 ac
120 1138 224 1197 Pompeio
238 1138 332 1193 lavisset,
346 1140 369 1188 in
382 1160 430 1189 earn
443 1138 553 1188 fortunam
566 1139 665 1197 delapsus
679 1151 724 1188 erat
737 1139 797 1197 quod
810 1140 861 1197 My-

82 1211 153 1261 tilenis
168 1225 216 1270 post
237 1212 321 1262 cladem
341 1212 484 1262 Pharsalicam
504 1212 687 1269 exularetlsuum
701 1224 775 1261 autem
789 1205 862 1262 casum

44 1287 69 1334 15
84 1298 143 1334 tanta
157 1290 208 1334 cum
223 1287 324 1344 patientia
340 1300 361 1334 et
377 1287 524 1345 moderatione
538 1286 605 1334 animi
621 1285 685 1334 lerret
700 1298 725 1333 ut
741 1286 775 1334 M.
791 1286 865 1340 Bruto,

83 1357 121 1416 qui
136 1377 187 1406 eum
201 1358 262 1414 vidit,
278 1358 387 1407 neminem
403 1368 450 1407 esse
466 1359 537 1407 visum
553 1359 581 1408 sit
597 1359 635 1417 qui
651 1370 724 1416 posset
739 1371 777 1407 aut
793 1360 866 1417 quiete

84 1431 150 1481 animi
162 1444 202 1481 'ant
216 1431 289 1481 studio
297 1431 404 1482 bonarum
412 1432 491 1481 artium
500 1431 582 1481 beatior
591 1431 688 1481 iudicari.
698 1430 771 1481 Refert
781 1450 866 1490 nanque

84 1506 165 1554 Brutus
180 1507 226 1564 ipse
241 1507 263 1554 in
278 1525 304 1554 eo
320 1498 376 1554 libro
390 1525 457 1571 quern
467 1507 494 1555 de
504 1506 589 1554 Virtute
605 1506 727 1564 composuit
742 1526 766 1555 se
776 1506 805 1554 ita
815 1525 866 1564 pro-

85 1578 167 1627 lectum
177 1579 229 1627 inde
239 1581 299 1638 quod
309 1579 367 1629 haud
378 1600 487 1638 quaquam
497 1579 559 1628 illum
569 1588 680 1628 remanere
689 1574 712 1627 in
720 1578 783 1626 exilio
791 1598 868 1627 verum

43 1652 71 1699 20
87 1672 116 1706 se,
129 1671 180 1700 curn
192 1652 311 1701 discederet
322 1652 350 1701 ab
363 1673 396 1707 eo.
408 1654 431 1702 in
443 1652 574 1709 exiliumire
586 1665 679 1711 putaret.
692 1651 807 1699 Caesarem
812 1672 867 1710 quo-

85 1745 135 1783 que,
149 1745 201 1773 cum
215 1726 400 1783 preterveheretur
411 1726 469 1782 inde,
481 1725 560 1774 rubore
570 1726 599 1775 ita
610 1725 720 1774 devictum
731 1725 797 1772 tradit
807 1724 867 1783 quod

85 1799 190 1847 sustinere
198 1799 271 1847 videre
278 1800 351 1857 ipsum
359 1799 527 1858 haudquaquam
535 1811 616 1858 posset.
624 1798 706 1846 Romae
713 1810 786 1846 autem
793 1810 866 1855 postea

85 1890 136 1919 cum
147 1884 206 1919 esset
220 1870 305 1926 Caesar,
323 1891 346 1919 se
362 1871 461 1929 publicas
477 1872 506 1919 ad
516 1883 601 1920 senatus
617 1869 691 1928 preces
706 1883 731 1918 ut
747 1871 869 1918 restitueret

51 1995 53 2002 ¹
89 1943 168 1992 civitati
184 1944 313 1993 Marcellum
325 1943 390 1993 flexit.
404 1944 475 1993 Tanto
488 1945 547 1993 enim
560 1964 612 1993 cum
625 1943 701 1992 ardore
713 1956 799 1991 senatus
813 1941 867 1990 Cae-

45 2019 72 2065 25
88 2036 157 2065 sarem
171 2035 211 2074 pro
226 2017 332 2065 Marcello
342 2018 468 2074 deprecatus
479 2029 546 2065 estut
557 2015 695 2075 nequaquam
705 2034 744 2073 pro
754 2015 819 2063 unius
830 2015 869 2062 ho-

87 2090 151 2139 minis
165 2090 208 2138 vita
222 2089 260 2139 sed
274 2103 314 2148 p'ro
327 2090 394 2138 totius
409 2102 495 2138 senatus
510 2089 579 2138 salute
588 2089 669 2148 precari
680 2088 796 2136 videretur.
806 2086 866 2135 Tum

87 2163 176 2223 quidem
189 2183 202 2211 a
217 2161 321 2212 Cicerone
338 2175 424 2212 senatus
442 2163 531 2212 nomine
550 2162 635 2225 Caesari
653 2163 732 2220 gratiae
749 2179 788 2220 pro
805 2160 866 2209 resti-

88 2249 136 2285 tuto
151 2235 256 2285 Marcello
273 2237 357 2296 egregia
375 2237 472 2286 oratione
488 2248 555 2287 actae.

131 2307 234 2363 Oratione
248 2308 314 2357 altera
326 2308 437 2373 Ciceronis
451 2309 553 2358 defensus
565 2323 597 2357 est
609 2308 638 2365 Q.
650 2309 748 2366 Ligarius
758 2319 871 2355 accusatus

47 2380 75 2428 30
90 2382 151 2440 quod
164 2380 261 2431 Africam
275 2381 332 2431 hello
346 2381 402 2431 civili
417 2395 491 2431 contra
506 2381 621 2434 Caesarem
634 2382 750 2441 tenuisset.
761 2380 870 2429 Postrema

89 2451 156 2504 oratio
172 2475 212 2514 pro
229 2455 332 2505 Deiotaro
348 2456 397 2505 tuit.
413 2455 532 2505 Obiectum
548 2455 598 2503 huic
614 2450 697 2503 crimen
713 2447 834 2511 esta-quod
849 2466 871 2501 et

88 2528 217 2586 Pompeium
228 2529 251 2578 in
263 2529 320 2578 hello
332 2541 417 2599 secutus
429 2542 485 2577 esset
498 2542 519 2577 et
533 2542 583 2587 post
596 2527 677 2576 bellum
689 2526 771 2575 insidiis
783 2522 872 2574 occultis

86 2695 111 2732 lh.
125 2696 163 2733 Sen.
175 2696 222 2735 Helu.
236 2695 283 2734 Cons-
297 2696 316 2732 9ι
328 2696 343 2735 5,

49 2799 191 2807 Ἣ

89 2846 109 2891 3.
123 2845 154 2891 Ex
168 2845 263 2890 Deiotaro
275 2862 324 2890 corr.
339 2844 407 2898 (etiam
420 2850 440 2890 in
455 2843 533 2899 iudice).
590 2844 622 2889 30.
634 2843 742 2887 temnisset.
797 2842 829 2886 3l.
844 2843 875 2889 Ex

0 2960 1 2963 Ἴ
49 2909 149 2964 Deyotaro
164 2930 212 2956 corr.
228 2913 295 2965 (etiam
309 2918 328 2956 in
343 2911 422 2966 indice).
