2093 3253
222 224 224 227 v
279 210 410 244 scurronum
425 202 572 245 urusrnr'un-
586 211 644 243 unm
657 210 693 242 ur.
856 195 896 242 327

110 331 175 377 etiam
190 327 285 375 virosae
299 327 382 388 optime
394 326 417 373 in
431 344 453 379 re
467 326 554 383 publica
568 326 655 374 meritos
669 343 825 384 saepenumero
838 324 896 373 labe·

110 402 191 449 lectent
200 406 246 447 vnec
255 411 311 446 stare
320 418 454 458 quemquam
463 399 501 446 diu
510 391 614 457 magnum
623 399 690 457 gratia
698 411 720 446 et
728 399 808 447 virtute
817 399 896 453 sinant,

69 502 71 504 -
110 473 178 534 quod,
194 492 221 521 ne
232 472 282 531 quis
293 470 389 526 excellat,
397 465 435 519 'alii
446 471 499 519 alios
510 492 554 521 non
565 472 655 531 quidem
665 472 743 520 iniuria
753 471 791 519 sed
802 471 897 531 quadam

110 546 191 596 invidia
210 546 295 593 excitati
314 558 441 609 oppugnent
460 546 564 594 continuo
582 566 607 593 ac
626 565 689 603 saepe
708 546 897 593 innocentissimos

83 624 96 672 5
113 622 213 668 obruant.
225 618 342 665 Enimvero
353 617 431 664 Cicero
442 618 592 674 improborum
607 617 683 671 iacula,
700 617 794 671 lraudes,
808 617 897 665 insidias

109 691 211 743 devitavit
225 689 310 739 multas.
324 689 369 738 Sed
382 690 454 748 ipsum
467 689 555 738 tandem
568 710 612 738 non
626 709 699 739 recens
714 690 817 738 memoria
830 689 896 738 bene=

110 764 153 815 ficii
168 764 269 812 liberatae
284 762 383 816 civitatis,
396 783 443 826 non
458 762 587 817 innocentia,
603 783 647 811 non
662 762 777 821 prudentia
791 782 836 817 sua,
853 783 897 812 non

110 838 231 888 amicorum
240 835 307 891 lavor,
318 856 362 884 non
372 849 458 884 senatus
467 836 589 890 auctoritas,
600 857 644 884 non
654 835 748 895 denique
757 836 787 883 rei
797 835 896 895 publicae

110 914 141 961 vis
156 912 212 960 tueri
222 910 294 969 potuit
304 930 332 958 ne
342 910 389 968 ipsa
398 910 422 957 in
432 909 486 958 urbe
496 929 563 968 quam
573 910 667 957 maximo
677 930 689 957 e
700 909 795 968 periculo
806 911 897 958 eruisset
946 937 948 942 =

73 989 98 1037 10
113 983 273 1034 acerbissimam
286 984 308 1030 in
319 982 462 1030 calamitatem
473 1002 497 1029 ac
508 983 565 1030 vitae
574 982 695 1040 periculum
705 983 832 1031 traheretur.
843 982 896 1031 Vix-

111 1060 127 1107 it
143 1077 229 1115 nanque
238 1055 316 1104 Cicero
324 1068 373 1114 post
384 1054 521 1103 consulatum
532 1056 626 1103 maximo
636 1075 661 1103 ac
672 1057 776 1104 continuo
786 1058 809 1104 in
820 1057 895 1111 lluctu,

111 1150 245 1191 quamquam
260 1130 350 1187 insignis
367 1148 414 1176 esse
430 1127 548 1186 aliquando
563 1127 721 1193 splendereque
737 1129 855 1188 honoribus
871 1149 896 1177 ac

86 1246 87 1249 ,
111 1205 183 1253 omnia
197 1222 260 1261 posse
269 1203 297 1250 in
311 1220 334 1250 re
348 1201 435 1259 publica
448 1201 565 1249 videretur.
579 1193 664 1250 Bellum
678 1196 719 1249 sibi
733 1221 784 1250 cum
798 1202 896 1251 hostibus

111 1278 141 1327 rei
156 1276 262 1336 publicae,
277 1295 328 1324 cum
339 1274 433 1323 'inimicis
447 1275 498 1329 suis,
512 1294 563 1324 cum
576 1274 681 1323 simulatis
699 1287 720 1324 et
738 1273 796 1323 lalsis
814 1276 895 1331 amicis,

72 1353 96 1401 15
112 1370 162 1400 cum
177 1349 263 1403 invidis,
278 1368 329 1396 cum
349 1347 454 1406 improbis
473 1347 557 1395 civibus
577 1357 707 1406 perpetuum
732 1359 756 1396 ac
776 1349 898 1398 immortale

110 1423 159 1471 luit.
461 1468 463 1471 ,

152 1495 268 1544 Caeterum
283 1507 307 1543 ut
317 1494 389 1554 peiora
399 1493 470 1543 verbis
480 1493 597 1553 aliquando
606 1491 662 1542 lacta
672 1493 776 1549 venirent,
787 1494 863 1543 incidit
873 1495 895 1544 in

110 1568 186 1617 odium
195 1568 219 1616 P.
230 1567 309 1620 Clodii,
320 1566 358 1625 qui
368 1587 394 1614 ex
403 1567 473 1614 amico
483 1567 583 1614 inimicus
593 1564 663 1613 iactus
672 1579 733 1619 tanto
742 1567 765 1614 in
775 1586 826 1618 eum
836 1585 896 1614 exar-

110 1643 138 1689 sit
152 1641 210 1693 odio,
226 1640 348 1693 inimicicia,
358 1640 389 1686 ira
398 1650 422 1686 ut
432 1639 524 1695 mitigari
534 1657 631 1695 unquam
640 1638 736 1685 remedio
746 1638 806 1686 nullo
815 1637 895 1696 posset.

69 1714 97 1762 20
111 1713 162 1762 Erat
177 1712 267 1778 Clodius
276 1711 359 1760 iuvenis
367 1731 418 1759 cum
426 1710 504 1770 opibus
512 1723 560 1759 tum
568 1710 680 1763 nobilitate
688 1709 766 1760 florens
774 1712 896 1771 ardensque

110 1785 183 1835 animo
197 1799 263 1846 atque
276 1785 299 1834 in
312 1803 420 1839 venerem,
435 1797 459 1833 ut
472 1784 560 1833 iuvenes
574 1783 650 1839 solent,
665 1803 754 1842 pronus.
769 1784 831 1834 Hanc
845 1804 895 1836 vero

101 1860 163 1908 ‘tanti
173 1859 217 1907 odii
228 1859 344 1913 flammam,
355 1878 406 1906 cum
416 1878 462 1906 esse
472 1857 583 1906 Ciceronis
593 1856 704 1905 familiaris
714 1871 735 1906 et
745 1859 827 1907 amicus
835 1860 895 1908 vide-

110 1931 175 1992 retur,
191 1951 253 1981 casus
271 1932 440 1992 haudquaquam
456 1931 561 1990 cogitatus
572 1931 612 1979 sed
621 1929 723 1980 fortuitus
737 1931 843 1988 excitavit,
860 1953 895 1982 ac-

110 2006 190 2061 cendit,
205 2006 298 2055 induxit.
311 2005 399 2063 Quippe
410 2017 522 2054 accusatus
533 2005 557 2054 P.
570 2004 661 2054 Clodius
672 2005 732 2063 quod
743 2006 852 2063 ingressus
863 2006 873 2054 l
886 2036 895 2045 -

54 2115 56 2118 -
70 2079 97 2127 25
113 2079 185 2126 mineo
200 2079 276 2126 habitu
291 2079 382 2126 domum
397 2077 505 2135 pontificis
521 2077 608 2125 maximi
623 2076 735 2135 polluisset
750 2077 811 2126 sacra
823 2079 896 2127 Bonae

110 2151 177 2205 Deae,
193 2171 248 2210 quae
263 2150 379 2209 quotannis
388 2169 428 2208 pro
437 2149 505 2198 salute
514 2145 595 2208 patriae
603 2149 699 2198 Vestales
708 2150 801 2209 virgines
810 2171 834 2199 ac
843 2152 895 2200 civi-

109 2224 158 2273 tatis
173 2223 288 2283 primariae
301 2222 395 2272 feminae
408 2222 548 2278 celebrarent,
562 2223 645 2275 crimen
659 2224 743 2281 negavit
757 2242 852 2282 prorsus.
866 2225 895 2274 Se

110 2297 200 2356 quidem
215 2296 344 2356 quo-solent
362 2296 394 2344 uti
412 2309 540 2354 argumento
558 2295 661 2344 causidici
679 2296 789 2345 cohartato
807 2296 855 2346 loco
873 2312 894 2348 et

109 2382 207 2427 tempore
215 2368 353 2418 defendebat.
361 2368 387 2416 ld
396 2388 482 2426 nanque
491 2387 530 2426 per
537 2382 624 2426 tempus
633 2388 656 2417 se
665 2368 833 2428 haudquaquam
841 2370 895 2419 luis-

67 2438 95 2488 30
110 2461 132 2490 se
148 2441 229 2490 Romae
238 2441 276 2490 sed
284 2440 413 2490 Terracinae
422 2439 505 2500 (civitas
515 2441 567 2489 haec
575 2441 598 2489 in
606 2454 662 2489 terra
673 2441 745 2490 ltaliae
753 2442 781 2491 ad
790 2450 851 2492 mare
859 2442 904 2492 lna

109 2514 180 2563 lerum
190 2529 222 2564 est
233 2515 308 2563 Caiete
319 2514 398 2572 vicina)
410 2515 503 2563 dicebat.
515 2515 575 2563 Tum
587 2515 664 2563 Cicero
675 2515 703 2562 ab
711 2528 834 2564 accusatore
842 2517 895 2565 cita-

109 2601 144 2636 tus
158 2590 219 2637 testis
231 2609 260 2643 se,
272 2589 304 2636 uti
315 2607 391 2637 verum
402 2601 454 2642 erat,
466 2588 545 2637 vidisse
556 2588 618 2636 illum
629 2588 710 2636 Romae
721 2590 767 2647 ipsa
778 2589 814 2637 illa
825 2590 860 2638 die
870 2610 896 2639 ac
919 2626 921 2628 -

110 2660 156 2709 sole
170 2662 214 2710 iam
228 2662 251 2710 in
266 2681 368 2709 occasum
377 2680 439 2710 verso
448 2661 513 2710 dixit·
519 2661 636 2710 Habitabat
646 2661 736 2710 Clodius
746 2661 827 2711 Romae
837 2663 896 2712 haud

69 2758 209 2770 Q—

106 2819 133 2857 25.
146 2820 181 2857 Cic.
194 2819 229 2859 An
246 2820 259 2856 1.
276 2820 301 2857 12,
315 2820 331 2857 3.
383 2820 411 2857 30.
424 2820 451 2857 Cf.
465 2819 501 2857 Cic.
514 2821 550 2858 Ara.
561 2820 582 2856 ΙΙ.
598 2821 611 2857 1Ι
625 2820 641 2857 5.

69 2911 209 2927 ⁸¹-—

110 2975 128 3020 5.
144 2974 236 3033 (Cicerlo
250 2978 407 3035 im(proborum)
422 2985 435 3024 ἰ.
451 2997 473 3029 r.;
487 2998 511 3025 ex
525 2978 643 3024 Ciceronem
656 2986 723 3025 statim
737 3000 786 3026 corr.
