2093 3253
260 154 392 186 scurrrorrun
407 154 533 187 ratusrnrun
545 167 560 171 -
573 154 631 187 arnan
645 155 676 185 xv.
838 143 878 188 429

93 269 194 324 ‘Antonit
204 269 230 318 L.
239 269 295 323 Piso,
304 268 413 322 ductabat,
422 289 447 316 ea
455 268 543 317 scultro
552 268 663 317 Ciceronis
672 268 716 318 filio
727 268 803 317 Marco
812 270 877 318 dedit.

97 342 174 406 Positis
192 343 279 402 nanque
296 341 415 391 litterarum
432 341 509 390 studiis
525 341 649 399 adolescens
666 341 766 390 induerat
781 360 841 391 arma
857 354 879 391 et

97 435 163 475 quern
179 416 274 463 amicum
291 434 337 462 esse
354 415 422 472 patris
438 434 463 463 ac
479 414 616 463 liberatorem
631 416 711 472 patriae
727 413 878 472 cognoscebat,

96 489 131 539 M.
146 488 246 543 Brutum,
261 488 284 536 in
301 486 430 536 Macedonia
445 487 581 547 sequebatur.

71 564 83 611 5
141 562 227 618 Quibus
241 573 314 610 autem
329 561 405 609 diebus
419 561 532 610 Mutinam
544 562 657 611 obsidebat
669 562 785 617 Antonius,
797 561 879 621 eisdem

53 651 55 654 ’
97 635 131 684 M.
147 633 225 693 Lepidi
240 632 330 681 consilio
344 653 397 681 usus
412 632 461 681 Sex.
477 632 600 693 Pompeius,
616 633 692 692 Magni
707 633 803 692 Pompeii
814 633 878 687 filius,

96 707 234 757 obedientem
248 727 271 755 se
285 706 390 755 voluntati
410 720 496 756 senatus
516 707 582 756 dedit.
603 706 694 756 Caesare
713 727 799 766 nanque
822 707 878 762 vivo,

98 801 148 829 cum
162 778 251 828 fratrem
271 800 342 832 suum,
358 778 402 827 Gn.
426 780 560 838 Pompeium,
584 780 709 833 Caesonius,
732 779 828 828 Caesaris
848 781 879 828 le-

97 865 165 909 gatus,
180 852 239 910 apud
254 851 385 905 Lauronem,
407 850 524 909 Hispaniae
544 851 657 909 oppidum,
678 852 798 907 occidisset,
819 865 879 901 metu

57 925 84 975 10
98 925 132 972 hic
147 924 257 978 latitando,
279 924 411 982 quandoque
430 923 489 982 apud
510 923 669 978 Cordubenses,
691 925 800 974 interdum
820 925 879 983 apud

97 996 224 1053 Celtiberos,
239 995 356 1056 Hispaniae
369 995 469 1055 populos,
484 996 594 1045 habitavit.
609 996 691 1045 Necato
704 1009 777 1046 autem
788 997 879 1046 Caesare

97 1090 148 1118 mox
162 1070 185 1118 in
196 1090 257 1128 spem
268 1069 336 1118 elatus
347 1069 448 1117 conflavit
459 1070 577 1118 exercitum
588 1070 700 1128 hostisque
711 1070 878 1129 haudquaquam

97 1143 231 1200 spernendus
241 1155 266 1191 ut
277 1141 368 1200 patriam
378 1153 460 1200 peteret
470 1143 535 1189 armis
547 1141 667 1189 Massiliam
677 1162 747 1200 usque
757 1142 823 1191 venit.
834 1141 879 1190 Sed

97 1214 147 1266 belli
164 1215 227 1265 huius
243 1215 349 1263 orientem
364 1213 474 1263 flammam
489 1214 535 1262 sine
550 1212 720 1262 armorumtullo
741 1227 803 1263 motu
824 1214 878 1263 lacta

54 1289 83 1350 ι15
99 1309 150 1336 cum
165 1301 240 1336 senatu
256 1308 298 1346 pax
313 1288 410 1336 extinxit.
427 1287 489 1337 Hanc
505 1287 594 1346 quidem
615 1287 643 1335 ob
664 1305 710 1336 rem
731 1288 765 1337 M.
787 1289 878 1347 Lepido,

98 1361 158 1418 quod
180 1361 239 1418 pacis
262 1360 326 1409 liuius
348 1359 425 1408 luisset
444 1373 526 1414 auctor,
546 1372 632 1408 senatus
652 1380 740 1407 assensu
761 1360 838 1407 Cicero
858 1374 879 1407 et

95 1443 190 1484 statuam
210 1451 249 1492 pro
270 1433 344 1480 rostris
364 1444 386 1481 et
405 1433 542 1498 triumphum
565 1432 666 1481 decrevit.
687 1432 734 1481 Nec
754 1432 825 1482 dillata
845 1452 878 1482 res

72 1548 74 1550 .
97 1507 196 1555 nimium.
207 1506 282 1555 Statua
294 1526 380 1564 nanque
390 1504 421 1552 illi
432 1505 540 1563 externplo
555 1505 650 1564 preclara
665 1526 716 1554 cum
732 1507 878 1563 inscriptione,

96 1580 128 1628 uri
145 1593 189 1628 erat
200 1601 254 1634 mos,
271 1591 379 1627 aeternam
393 1578 422 1627 ad
436 1578 562 1627 memoriam
578 1578 666 1627 honoris
682 1598 745 1627 causa
760 1591 830 1628 erecta
840 1591 880 1628 est.

54 1654 83 1701 20
98 1652 189 1700 Sextum
205 1670 256 1699 vero
272 1651 355 1704 Cicero,
372 1651 448 1699 veteris
463 1650 572 1698 amiciciae
590 1669 680 1703 memor,
699 1671 766 1708 quam
784 1652 880 1709 primum

97 1737 152 1773 esset
162 1723 254 1779 Romae,
271 1735 371 1782 coaptare
382 1723 408 1770 in
423 1741 514 1771 numero
529 1741 643 1780 augurum,
661 1735 685 1771 ut
707 1723 767 1781 quod
787 1744 799 1771 a
820 1736 880 1782 patre

96 1797 153 1846 illius
167 1797 297 1846 beneficium
310 1809 420 1854 acceperat
435 1796 534 1845 redderet
548 1795 599 1850 filio,
615 1795 723 1854 pollicitus
739 1810 777 1846 est.

139 1870 248 1929 Lepidum
267 1890 355 1928 quoque
375 1868 462 1917 incessit
478 1888 528 1917 cura
539 1867 642 1917 tentandi
660 1869 677 1916 si
695 1870 883 1935 quemadmodum

98 1943 147 1992 Sex.
162 1943 291 2002 Pompeium
306 1942 336 1991 ita
351 1942 416 1991 etiam
432 1942 466 1991 M.
486 1942 608 1991 Antonium
623 1955 675 1991 tunc
696 1943 807 1998 Mutinam
822 1942 880 1991 obsi·

56 2016 84 2062 25
99 2015 188 2063 dentem
203 2016 340 2063 reconciliare
352 2015 435 2062 senatui
451 2027 472 2062 et
488 2015 584 2062 bonade
599 2034 652 2072 pace
663 2033 793 2073 componere
805 2017 880 2073 quavis

97 2087 225 2137 condicione
236 2100 317 2147 posset.
329 2087 408 2147 Neque
419 2097 470 2137 vero
481 2088 521 2137 hac
537 2088 560 2137 in
577 2106 600 2137 re
611 2087 715 2138 laboravit
731 2107 816 2148 parum.
836 2087 881 2138 Sed

98 2160 152 2208 nihil
168 2161 243 2209 habuit
257 2162 330 2218 gratie,
345 2162 405 2219 quod
418 2179 489 2219 neque
509 2161 620 2210 Ciceronis
641 2163 779 2220 persuasione
794 2177 879 2211 senatus

98 2232 165 2281 fidem
181 2233 284 2282 Antonio
294 2233 388 2281 dandam
405 2253 451 2281 esse
467 2245 560 2291 putaret,
578 2253 617 2281 nec
633 2235 662 2282 ad
678 2254 753 2293 pacem
772 2235 880 2283 Antonius

97 2306 195 2354 animum
210 2306 330 2354 inclinaret.
349 2306 465 2354 Caeterum
482 2306 593 2361 Antonius
608 2307 696 2355 Mutina
713 2307 788 2365 pulsus
805 2309 879 2366 etqui

55 2379 84 2426 30
98 2398 149 2427 eum
171 2378 316 2436 sequebantur
337 2398 412 2426 omnes
433 2378 562 2437 (equitatum
583 2379 675 2428 habebat
698 2379 772 2436 modo)
800 2381 881 2438 patriae
907 2416 909 2418 ψ

97 2452 170 2500 hostes
185 2463 235 2500 sunt
250 2471 262 2500 a
276 2464 352 2501 senatu
367 2451 491 2510 populoque
505 2451 604 2500 Romano
619 2451 729 2500 Ciceronis
744 2471 809 2511 opera
822 2453 880 2502 iudi*

97 2526 146 2573 cati.
160 2525 285 2579 Commovit
298 2518 387 2584 quoque
400 2525 426 2573 L.
439 2524 543 2572 Plancum
557 2525 633 2573 Cicero
646 2538 671 2573 ut
683 2525 771 2573 veniens
784 2524 880 2574 ulteriori

97 2617 109 2643 e
124 2596 198 2645 Gallia
205 2597 292 2644 obviarn
303 2616 325 2644 se
336 2610 455 2654 opponeret
465 2596 561 2645 Antonio
571 2595 669 2654 fugienti.
682 2597 708 2644 ld
718 2597 782 2644 etiam
790 2617 880 2654 >persna-

98 2691 147 2718 sum
162 2667 246 2728 Lepido
261 2669 384 2727 putabatur,
397 2683 421 2717 ut
433 2667 512 2717 Planco
524 2664 578 2728 quas
591 2669 679 2718 baberet
690 2668 763 2727 copias
775 2669 880 2727 iungeret,

56 2741 84 2788 35
100 2742 189 2801 parique
203 2736 283 2795 animos
295 2742 385 2797 viribus,
402 2743 492 2791 consilio
508 2743 630 2792 Antonium
640 2742 759 2800 lugientem
771 2744 880 2801 opprime·
954 2764 956 2766 ’

98 2828 138 2862 ret.
153 2814 258 2873 Equitum
269 2834 356 2873 nanque
367 2816 468 2871 magister
479 2815 583 2863 dictatore
594 2814 685 2863 Caesare
696 2813 765 2863 luerat
778 2815 881 2873 Lepidus,
893 2852 897 2854 >

99 2907 157 2935 nunc
171 2899 244 2936 autem
261 2907 316 2946 quae
333 2886 479 2945 Alagobribus
496 2887 619 2946 propinqua
636 2899 680 2936 erat
697 2901 781 2946 partem
798 2886 882 2939 Galliae
