2093 3253
176 214 215 260 326
474 227 567 258 siccorus
581 219 698 258 rotrnronr

216 363 278 393 aures
287 343 354 392 dedit.
363 342 392 391 Se
401 364 487 401 nanque
496 343 665 401 haudquaquam
673 343 696 390 in
705 341 833 390 Ciceronem
841 342 907 390 animi
917 357 999 400 pertur-

216 417 304 464 batione
314 415 357 462 ulla
367 416 491 469 commovit
503 416 556 473 quin
566 416 639 473 potius
649 416 688 464 viri
699 415 811 462 clarissimi
822 415 924 463 virtutem
934 419 999 465 extol-

217 489 263 538 lens
278 488 355 551 gratias
366 488 385 535 ei
396 487 424 535 ob
435 507 468 535 res
478 500 538 536 tanta
548 503 601 536 cum
609 488 713 546 sapientia
723 501 744 535 et
755 487 798 535 fide
808 487 836 536 ad
846 488 926 546 patriae
937 488 999 538 liber·

217 577 283 612 tatem
298 575 367 620 gestas
383 562 457 610 retulit
470 562 548 610 multas
562 562 659 621 dixitque
673 581 734 610 suam
747 562 775 610 ad
787 561 874 610 laudem
887 561 966 610 frustra
978 585 999 613 se

191 634 369 694 §triumphandi
386 636 488 683 meritum
504 656 516 683 e
532 635 618 684 Pontho
634 648 655 683 et
672 634 733 692 Syria
750 648 870 693 reportasse
887 635 908 682 ni
925 635 1000 686 urbem

218 708 295 767 Cicero
305 708 328 755 in
339 727 382 766 qua
391 706 535 765 triumpharet
546 727 585 755 sua
595 707 681 761 virtute,
692 706 789 762 consilio,
801 707 905 765 sapientia
916 727 1000 757 conser-

218 794 295 830 vasset.
307 779 365 828 Hinc
375 799 463 839 quoque
476 800 521 827 non
533 779 656 834 inimicicia,
665 792 690 828 ut
703 779 819 838 cupiebant
832 779 870 834 illi,
879 793 952 828 exorta
965 783 1001 831 sed

219 853 349 914 quae'prius
364 865 408 902 erat
423 853 520 902 amicicia
534 866 596 902 aucta
610 853 730 911 plurimum
743 872 768 901 ac
781 853 874 902 strictior
888 872 954 912 quarn
967 874 1001 903 ve-

212 928 258 976 teri
273 946 312 987 pro
323 925 481 975 consuetudine
491 927 547 974 inter
558 947 595 974 eos
606 926 683 975 soleret
695 946 741 975 esse
752 926 793 975 hoc
803 939 902 985 tempore
912 925 968 975 lacta
978 949 1001 977 ac

179 1002 205 1050 10
220 999 298 1048 deinde
314 998 391 1056 perdiu
407 1011 531 1046 conservata
547 998 678 1047 ese-Aetate
694 998 810 1055 Pompeius
825 998 920 1057 aequalis
936 1001 1018 1057 prope*

215 1072 321 1121 ‘Ciceroni
336 1083 388 1120 erat.
401 1070 467 1119 Anno
480 1070 570 1129 quidem
582 1084 633 1120 ante
646 1083 722 1120 natum
734 1070 863 1129 Pompeium
876 1069 953 1120 Cicero
966 1092 1001 1120 na-

218 1158 254 1193 tus
269 1156 309 1193 est.'
360 1200 362 1203 ¹
882 1156 883 1159 ’

193 1239 194 1242 ’
216 1231 218 1234 “
243 1229 245 1231 ’
263 1218 339 1265 Postea
353 1235 404 1264 vero
419 1216 469 1263 belli
490 1216 567 1263 Gallici
588 1229 648 1264 motu
668 1229 749 1270 exorto,
770 1217 830 1274 quod
850 1215 923 1265 Hedui
943 1214 1001 1274 (gens

215 1289 304 1338 ‘Gallica
316 1289 350 1337 isti
361 1288 423 1346 sunt)
434 1307 496 1347 agros
508 1289 617 1337 sociorum
628 1289 703 1347 populi
717 1289 808 1337 Romani
821 1288 901 1337 crebris
913 1289 1001 1348 popula·

181 1363 205 1413 15
220 1363 316 1412 tionibus
334 1361 439 1410 hostiliter
455 1360 588 1416 infestarent,
605 1376 691 1411 senatus
709 1363 803 1410 decrevit
820 1362 937 1411 mittendos
954 1383 1002 1410 cum

207 1435 348 1483 vauctoritate
360 1433 440 1491 legatos
453 1434 491 1492 qui
504 1433 612 1492 proximas
624 1434 708 1482 adirent
721 1434 817 1482 civitates
830 1447 972 1492 curarentque
978 1455 1003 1482 ne

221 1506 269 1567 quis
285 1505 369 1555 Heduis
381 1525 404 1554 se
416 1504 459 1554 ulla
471 1507 572 1554 societate
584 1507 731 1565 coniungeret.
745 1505 792 1555 Hac
804 1506 869 1564 igitur
881 1506 908 1555 de
921 1524 943 1555 re
955 1527 1003 1555 cum

220 1594 319 1639 ageretur
333 1594 354 1628 et
369 1580 521 1638 primariorum
531 1586 644 1628 enumero
653 1580 691 1638 qui
701 1582 790 1637 spectati
801 1592 872 1628 essent
882 1582 938 1628 viros
949 1582 1003 1628 mitti

213 1653 321 1711 placeret,
331 1652 400 1710 prima
409 1651 556 1699 consularium
565 1670 611 1699 sors
620 1665 670 1700 ante
679 1652 732 1699 alios
741 1652 861 1700 nominavit
870 1652 1003 1701 Ciceronem.

180 1726 208 1773 ΖΟ
223 1724 284 1773 Tum
298 1737 385 1772 senatus
394 1722 502 1781 'frequens
515 1724 588 1782 ipsum
602 1724 650 1782 eligi
665 1744 708 1772 una
721 1740 773 1772 voce
787 1723 905 1783 prohibuit.
920 1723 1004 1772 Deinde

222 1798 339 1856 Pompeius
353 1809 386 1846 est
400 1797 524 1845 nominatus
539 1816 610 1855 neque
620 1796 679 1845 hunc
688 1797 745 1845 mitti
754 1797 837 1845 senatui
847 1797 935 1856 placuit.
945 1796 1003 1845 Neu-

222 1884 281 1920 trum
295 1870 386 1929 quidem
400 1870 532 1919 mittendum
546 1883 605 1919 extra
625 1870 703 1918 urbem
723 1884 810 1918 senatus
831 1872 869 1918 sed
889 1883 1004 1929 utrumque

221 1943 359 1991 retinendum
368 1943 390 1990 in
399 1942 453 1990 urbe
462 1943 524 2001 quasi
533 1943 577 1991 duo
586 1944 617 1991 rei
625 1943 725 2001 publicae
733 1943 795 1991 firma
804 1943 898 2001 presidia
906 1956 927 1991 et
936 1943 1004 2002 capita

221 2018 312 2065 censuit.
1037 2013 1038 2018 ¹

179 2090 206 2139 25
265 2089 381 2138 Facturum
395 2088 497 2148 equidem
512 2109 547 2137 me
562 2107 626 2148 opere
639 2090 737 2148 precium
749 2090 813 2138 video
826 2090 844 2137 si
850 2090 922 2138 omnia
933 2108 1004 2148 prose*

222 2163 260 2221 qui
275 2173 331 2220 qu'ae
345 2160 439 2219 publice,
454 2181 497 2220 que
511 2162 600 2219 private,
615 2182 670 2221 quae
685 2162 751 2217 dorni,
766 2182 822 2221 quae
835 2161 895 2217 toris,
910 2181 965 2221 quae
978 2160 1004 2209 ad

221 2234 315 2288 laudem,
331 2253 386 2292 quae
400 2234 428 2282 ad
442 2233 598 2282 contumeliam*
604 2246 625 2282 et
632 2234 660 2282 ab
668 2233 714 2282 aliis
728 2234 750 2282 in
764 2255 814 2283 eum
825 2247 846 2283 et
853 2234 881 2284 ab
889 2255 915 2283 eo
923 2235 946 2283 in
953 2233 1004 2282 alios

222 2308 262 2356 hoc
277 2321 375 2365 ternpore
389 2320 440 2355 sunt
450 2307 500 2355 hinc
510 2307 566 2356 dicta
577 2308 629 2356 inde
642 2307 698 2356 lacta
707 2308 832 2366 singulatim
841 2308 913 2356 velim.
921 2306 1004 2356 'Absol-

221 2380 242 2429 vi
257 2380 338 2439 paucis,
354 2400 378 2428 ac
389 2399 438 2429 vere
449 2380 503 2428 illud
513 2394 591 2438 potest,
603 2381 663 2439 quod
674 2394 695 2429 et
706 2381 773 2429 multa
784 2402 835 2430 curn
846 2382 951 2439 improbis
961 2385 1011 2428 cer?

180 2453 209 2501 30
223 2454 304 2502 tamina
319 2453 394 2501 habuit
409 2466 430 2501 et
445 2472 532 2511 magnas
544 2453 603 2512 apud
615 2454 684 2502 bonos
696 2454 770 2503 laudes
782 2447 892 2503 assecutus
905 2467 944 2503 est.
957 2452 1005 2509 Quo

222 2527 280 2575 enim
295 2526 344 2585 plus
359 2526 444 2583 gratiae,
460 2526 555 2581 honoris,
568 2526 700 2575 auctoritatis
712 2527 771 2585 apud
783 2527 896 2586 primarios
908 2525 1004 2577 civitatis,

223 2600 261 2659 qui
276 2618 349 2657 graves
364 2612 435 2647 essent
450 2612 471 2647 et
485 2598 537 2647 boni
552 2600 616 2654 cives,
628 2599 792 2658 assequebatur,
807 2621 851 2659 quo
866 2601 934 2649 maior
948 2600 970 2648 in
985 2616 1006 2644 rc

224 2671 312 2730 publica
325 2671 446 2725 videbatur,
462 2691 487 2719 eo
502 2672 569 2735 magis
584 2672 665 2720 invidia
680 2686 701 2720 et
716 2673 764 2719 odia
779 2673 861 2730 privata
875 2671 1005 2721 crescebant.

228 2744 259 2792 lta
274 2743 407 2803 quidemst,
420 2756 445 2792 ut
458 2743 510 2791 haec
522 2744 616 2793 invidiae
628 2745 694 2802 pestis
707 2765 731 2793 ac
744 2746 852 2803 privatum
858 2745 933 2794 odium
938 2745 1012 2792 bonos

222 2926 241 2973 5.
256 2925 287 2973 Ex
302 2925 365 2972 Ponto
379 2944 427 2982 corr.
483 2927 501 2971 7.
519 2937 586 2971 exorta
599 2933 666 2972 statim
680 2946 703 2974 cx
717 2926 753 2972 sed
766 2946 814 2972 corr.
872 2928 903 2974 14.
918 2927 949 2971 isti
963 2932 976 2971 i.
985 2941 1005 2973 a:

182 3002 224 3039 erut
239 3003 291 3038 sunt.
