2093 3253
149 287 190 333 358
447 300 540 332 srcconrs
555 288 671 330 ronanronr

190 437 236 465 rem
255 415 367 475 publicam
386 415 474 464 absente
494 414 599 463 Cicerone
619 428 674 462 stare
694 436 738 462 non
757 435 820 471 posse
840 412 973 466 confessione
1045 418 1047 448 J

191 490 289 538 omnium
311 488 427 537 videretur.
450 486 580 535 Civitatibus
602 488 666 535 etiam
696 483 752 544 quae
781 486 853 544 ipsum
882 485 974 543 benigne

191 584 215 610 ac
235 559 370 621 hospitaliter
390 571 531 619 susceperunt
551 559 630 618 gratiae
649 578 687 618 per
707 557 814 618 populum
833 579 858 607 ac
877 570 975 608 senatum

193 648 259 684 actae.
282 634 385 682 Reditum
406 633 451 681 eius
472 644 558 691 gratum
574 633 762 691 desideratamque
777 630 885 680 faciebant
901 631 974 689 multa,
1045 626 1047 677 {

165 708 178 756 5
194 708 232 756 sed
248 706 354 765 imprimis
371 719 395 754 ut
412 706 492 754 redisse
508 706 581 764 ipsum
597 705 699 754 libentius
716 705 809 764 quisque
832 705 914 754 videret
931 705 975 754 eius

191 780 287 828 absentia
303 778 368 836 longa
385 778 519 836 acerbusque
535 798 597 825 casus
613 798 637 825 ac
654 778 720 825 nimia
731 777 802 825 Clodii
819 777 931 825 insolentia
944 777 975 825 la-

192 852 284 901 ciebant.
304 850 333 899 Se
351 871 437 910 nanque
455 850 509 899 adeo
527 849 631 899 extulerat
650 849 740 898 Clodius
759 850 819 908 quod
837 850 883 898 eius
901 870 975 908 super-

193 926 252 973 biam
268 944 293 973 ac
309 943 378 982 prope
395 924 532 981 tyrannidem
548 924 591 971 iam
608 923 663 971 terre
680 923 772 981 amplius
789 923 863 972 civitas
881 922 915 970 illa
932 944 975 972 non

187 1010 274 1055 posset.
571 1042 574 1045 .
921 1049 923 1051 ,

155 1072 181 1119 10
238 1070 331 1119 Romam
348 1068 381 1118 lll
398 1065 473 1117 Nonas
489 1067 628 1127 Septembres
643 1067 706 1116 rediit
722 1067 805 1117 Cicero.
820 1067 911 1117 Annum
925 1080 975 1116 exu'-

196 1145 249 1191 lasse
267 1144 341 1201 ipsum
358 1142 424 1189 tradit
442 1140 556 1189 Eusebius.
574 1141 640 1189 Anno
658 1141 748 1199 quidam
766 1161 850 1189 menses
869 1153 975 1199 quattuor,

195 1216 230 1264 alii
250 1214 348 1275 quinque
367 1214 458 1261 addunt.
480 1213 537 1262 Illud
556 1225 646 1268 constat,
667 1214 728 1272 quod
747 1213 836 1273 paulum
855 1225 905 1261 ante
925 1212 976 1262 Kal-

196 1288 276 1345 lendas
286 1285 372 1345 Apriles
387 1286 441 1334 urbe
456 1284 565 1344 profectus
581 1298 619 1340 est,
636 1286 714 1334 deinde
729 1305 779 1334 vero
794 1299 843 1344 post
858 1285 978 1334 revolutum

197 1380 279 1409 annum
299 1358 434 1417 Septembris
454 1358 561 1417 principio
581 1358 652 1407 rediit.
672 1358 772 1407 At'vero
791 1357 826 1406 illa
846 1358 927 1406 reditus
947 1359 978 1406 sui

157 1434 183 1481 l5
199 1432 309 1480 celebritas
329 1443 415 1479 tantum
435 1431 476 1478 sibi
496 1430 567 1479 attulit
587 1443 608 1478 et
629 1431 766 1479 iocunditatis
787 1444 808 1478 et
828 1431 900 1488 gaudii
920 1432 979 1488 quod
1010 1439 1011 1442 ’

169 1554 171 1557 f
197 1503 344 1552 recordatione
370 1502 434 1550 huius
460 1502 502 1550 diei
528 1522 616 1551 omnem
642 1503 768 1550 memoriam
793 1503 889 1557 iniuriae,
916 1502 978 1556 exilii,

136 1640 139 1643 r
161 1573 162 1576 Ἴ
197 1575 293 1634 periculi,
305 1575 431 1623 calamitatis
445 1575 560 1623 delendam
570 1595 616 1623 esse
626 1589 729 1630 censeret,
740 1595 780 1623 nec
795 1575 822 1623 de
832 1576 979 1633 opprimendis

199 1647 350 1715 inimicissed
365 1647 397 1709 de
417 1648 579 1697 remunerandis
599 1648 674 1697 amicis
693 1668 718 1697 ac
738 1648 765 1697 de
784 1646 896 1697 referenda
915 1649 979 1706 gratia

200 1735 221 1770 et
242 1721 325 1770 senatui
347 1733 368 1768 et
390 1720 472 1779 populo
493 1720 591 1770 Romano
612 1721 752 1779 cogitandum
774 1721 980 1780 memorandumque

158 1796 188 1842 20
202 1808 307 1853 perpetuo
326 1798 484 1853 esse'pputaret.
504 1794 597 1842 Proinde
616 1807 688 1852 gratus
708 1813 757 1852 erga
777 1814 852 1841 omnes
877 1814 980 1852 saepenu-

202 1885 261 1914 mero
280 1884 319 1923 pro
340 1867 443 1914 memoria
461 1866 560 1913 beneficii
579 1879 644 1924 atque
662 1867 787 1924 augendum
805 1868 834 1914 ad
852 1866 981 1913 beneficium

201 1937 396 1997 propalam‘dicere
408 1937 494 1986 auditus
507 1950 539 1986 est
552 1958 576 1986 se
588 1938 610 1986 in
623 1935 714 1997 patriam
734 1951 755 1986 et
768 1939 859 1987 decretis
872 1951 893 1987 et
906 1939 981 1987 hume

199 2012 229 2058 ris
241 2011 301 2058 urbis
315 2030 339 2058 ac
349 2010 422 2058 ltaliae
435 2023 575 2068 reportatum.
584 2010 672 2059 Gaudio
682 2032 770 2070 quoque
780 2011 872 2059 addebat
881 2012 984 2069 gaudium

201 2082 260 2141 quod
279 2082 447 2140 haudquaquam
465 2082 486 2130 vi
505 2095 526 2130 et
538 2084 610 2137 armis,
622 2084 661 2137 uti,
681 2073 747 2141 quem
765 2082 830 2141 paulo
848 2096 898 2132 ante
913 2085 982 2132 nomi-

158 2156 187 2206 25
203 2156 258 2211 navi,
276 2154 302 2204 C.
320 2154 403 2204 Marius
420 2167 441 2204 et
457 2154 579 2215 complures
595 2156 649 2205 urbe
664 2156 728 2215 pulsi,
746 2156 784 2205 sed
800 2156 922 2206 innocentia
938 2178 982 2211 sua,
1012 2175 1015 2180 ·

203 2229 275 2278 lavore
295 2227 417 2282 consulum,
439 2229 526 2277 decreto
547 2242 639 2284 senatus,
661 2250 767 2278 consensu
788 2223 863 2288 populi
884 2231 982 2283 Romani,

203 2301 275 2349 studio
305 2300 414 2348 bonorum
444 2302 524 2349 civium
555 2302 654 2350 omnium
678 2315 734 2350 esset
759 2302 857 2360 dignitati
883 2303 983 2361 pristinae

203 2374 320 2423 restitutus.

246 2445 352 2495 Postridie
363 2458 436 2494 autem
446 2467 512 2505 quam
523 2447 612 2496 redisset
623 2449 700 2506 gratias
710 2449 806 2507 primum
817 2448 899 2498 senatui
908 2461 929 2497 et
940 2469 983 2497 ma¹

134 2565 135 2569 ,
159 2520 189 2568 30
203 2518 334 2578 gistratibus‚
354 2518 532 2578 deindepopulo
551 2520 649 2569 Romano
667 2522 717 2580 egit,
733 2522 794 2580 quod
812 2540 888 2570 eorum
906 2521 984 2574 studio,

203 2610 316 2645 consensu,
333 2590 438 2638 beneficio
454 2592 566 2640 restitutus
582 2605 644 2641 esset.
662 2592 709 2647 Hac
726 2594 792 2642 decre
808 2596 927 2642 orationem
943 2592 985 2640 «Si

157 2729 162 2732 ᾖ
183 2674 184 2677 ’
204 2676 281 2724 patres,
288 2673 300 2707 ‘l'
315 2683 370 2722 quae
385 2663 459 2713 vestad
473 2662 579 2720 senatum,
595 2678 616 2714 et
631 2666 750 2716 orationem
767 2666 851 2725 uouod
865 2680 985 2726 precatus»

205 2757 260 2797 quae
276 2750 309 2786 est
325 2737 353 2785 ad
369 2736 483 2797 populum,
500 2738 605 2795 habemus
621 2751 694 2789 testes
710 2740 838 2800 Pompeium
854 2761 911 2797 vero,
928 2739 987 2801 quod

207 2810 326 2868 plurimum
348 2810 421 2864 studii,
445 2810 530 2872 laboris,
554 2830 618 2869 opere
641 2813 663 2859 in
686 2833 711 2860 eo
734 2815 867 2861 restituendo
889 2824 987 2872 posuerat

203 2950 228 2987 ll.
241 2949 308 2988 Hieron,
321 2948 381 2988 Cleon.
394 2949 422 2987 Ol.
438 2949 476 2986 180.
525 2951 553 2988 22.
566 2951 602 2989 Cic,
614 2952 654 2989 Red.
667 2952 705 2989 Seu.
718 2953 740 2989 39

164 3032 308 3039 —d—-v-

205 3064 224 3107 4.
238 3063 334 3109 Reditum
348 3071 361 3107 ι’.
376 3083 391 3107 r.
446 3064 479 3109 25,
493 3066 605 3119 complures
619 3074 632 3112 ι’,
647 3070 669 3118 a:
684 3077 726 3112 erat
739 3068 828 3125 pluriqui
841 3069 880 3114 alii.
