2093 3253
248 184 377 215 SCRIPTORUM
391 184 515 216 ILLUSTIIIUM
528 196 541 202 -
555 184 613 215 Lrurn
627 184 671 215 XIII.
836 170 876 216 347

108 303 109 306 “
134 300 220 348 Festine
235 299 333 357 igiturne
342 301 469 359 priusquam
477 301 589 349 advenisse
599 302 672 359 ipsum
681 301 763 349 inimici
774 301 878 349 sentirent

92 372 158 431 Epiro
173 372 286 421 discedens
298 373 321 420 in
334 372 487 421 Macedoniam
498 367 612 432 navigavit.
625 373 688 421 Mare
701 372 791 431 quidem
803 372 877 422 turba-

92 445 201 495 tissimum
215 444 298 494 habuit.
309 444 354 495 Sed
363 445 450 495 advenit
460 440 538 495 obvius
549 445 593 496 Cn.
605 445 708 500 Plantius,
720 446 758 506 qui
769 459 790 495 et
803 446 877 495 Mace-

93 518 170 567 doniae
184 531 284 576 quaestor
299 531 321 566 et
335 518 408 581 stricta
423 518 464 567 sibi
479 518 624 568 benivolentia
638 519 752 568 devinctus
767 532 819 569 erat.
835 518 878 567 Hic

65 593 77 641 5
94 612 179 649 nanque
188 603 212 639 ut
223 592 296 648 ipsum
306 603 327 639 et
339 610 397 639 mare
407 592 508 639 transisse
519 604 541 639 et
551 592 686 650 Dyracbium
693 592 789 649 attigisse
797 612 877 649 cogno·

92 664 129 719 vit,
145 664 218 711 statim
231 663 329 717 adeum,
343 662 454 712 lictoribus
468 663 569 718 dimissis,
581 664 701 722 insignibus
711 664 808 718 abiectis,
819 676 877 712 veste

93 748 181 790 mutata,
195 736 306 784 contendit
318 756 436 794 secumque
447 749 469 784 et
481 736 527 784 dies
539 749 560 784 et
572 750 646 785 noctes
658 737 737 785 deinde
750 757 839 785 manens
850 737 878 784 ad

93 811 114 859 X
130 808 246 858 Kallendas
262 809 334 858 Iunias
348 808 515 858 Thesalonicam
526 830 550 858 ac
564 831 626 859 suam
638 811 661 858 in
674 811 765 859 domum
777 823 878 869 quaesto-

93 883 147 930 riam
161 882 230 930 amice
247 881 406 945 liberaliterque
423 882 530 940 perduxit,
548 883 639 941 excepit,
658 884 747 931 retinuit
764 903 804 931 nec
820 882 879 931 abire

54 958 79 1005 10
95 973 196 1014 persaepe
211 953 320 1003 volentem
330 955 403 1014 quoad
413 954 454 1003 luit
465 955 488 1003 in
499 956 624 1014 magistratu
635 956 739 1014 permisit.
751 956 878 1015 Demigrare

93 1028 182 1087 quidem
192 1028 214 1076 in
222 1027 297 1077 Asiam
305 1027 391 1077 animus
400 1027 500 1077 Ciceroni
509 1042 554 1078 erat
564 1049 589 1077 ac
598 1049 623 1077 ea
633 1028 660 1077 de
668 1048 691 1077 re
699 1028 806 1086 cogitabat
815 1041 837 1078 et
846 1028 878 1078 Io·

94 1102 201 1160 quebatur
215 1121 285 1159 saepe,
296 1114 344 1150 tum
354 1103 415 1160 quod
424 1102 483 1160 apud
493 1101 588 1156 fratrem,
600 1102 637 1160 qui
648 1115 703 1151 esset
714 1102 744 1150 ibi
754 1102 878 1160 proconsul,

93 1176 227 1223 tutissimum
239 1195 262 1222 se
273 1187 365 1233 putaret,
378 1188 425 1223 tum
442 1187 466 1223 ut
484 1177 632 1224 Macedonum
651 1167 836 1224 mdrmuramenta
847 1177 882 1231 via

93 1261 155 1297 taret.
171 1248 287 1296 Enimvero
295 1249 358 1296 bonis
367 1249 536 1307 haudquaquam
544 1249 612 1297 oculis
621 1250 769 1311 demorantem
777 1249 880 1297 videbant

56 1322 80 1369 15
97 1342 154 1374 eum,
170 1321 230 1379 quod
245 1321 369 1368 dubitarent
378 1322 401 1368 in
411 1320 532 1379 periculum
542 1341 565 1368 se
574 1341 668 1374 casuros,
679 1321 696 1368 si
706 1320 765 1379 apud
773 1316 816 1368 eos
831 1320 879 1369 diu-

95 1394 138 1441 tius
148 1406 282 1452 permaneret
291 1393 329 1453 qui
339 1393 393 1441 urbe
402 1393 477 1453 pulsus
486 1393 616 1453 tribunique
621 1414 646 1442 ac
655 1393 770 1442 consulum
779 1394 879 1442 inimicus

95 1480 158 1533 esset.
174 1466 233 1515 Haec
249 1467 303 1533 dum
318 1488 392 1516 secum
408 1468 510 1527 cogitaret
526 1489 566 1516 nec
581 1468 624 1517 iam
640 1467 819 1516 retineriPIantii
836 1467 879 1517 uIIa

53 1579 55 1581 .
95 1558 165 1597 prece,
178 1533 275 1594 consilio,
289 1541 371 1589 ratione
382 1554 462 1599 posset,
475 1541 562 1589 advenit
574 1562 600 1589 ex
611 1541 663 1589 Asia
675 1540 730 1589 lorte
743 1542 769 1590 L.
782 1541 879 1597 Tubero;

96 1613 130 1660 hic
146 1614 277 1661 necessarius
293 1614 339 1662 eius
355 1626 376 1661 et
391 1613 419 1669 Q.
435 1612 506 1661 fratris
522 1613 603 1673 legatus
619 1628 670 1668 erat;
686 1627 759 1662 tutum
774 1633 825 1662 vero
840 1614 880 1662 iter

53 1687 83 1733 20
97 1705 205 1744 nusquam
220 1706 270 1735 esse
281 1686 341 1740 dixit,
350 1740 351 1747 ἵ
359 1687 419 1744 quod
436 1686 517 1734 inimici
525 1682 527 1685 .
535 1687 586 1734 eius.
598 1688 636 1745 qui
651 1680 665 1734 'e
682 1686 787 1735 Catilinae
805 1686 880 1735 militia

96 1771 233 1817 superessent
247 1758 371 1806 obsiderent
384 1758 429 1807 vias
443 1771 464 1806 et
478 1758 558 1817 passim
572 1758 680 1807 collocatis
695 1759 778 1807 insidiis
792 1771 879 1814 attente,

95 1831 120 1885 si,
136 1844 160 1879 ut
172 1844 217 1879 erat
229 1829 293 1885 lama,
305 1831 333 1880 ad
344 1830 433 1880 fratrem
444 1831 475 1879 ire
486 1845 591 1890 pergeret,
604 1845 747 1891 expectarent.
759 1831 820 1881 Turn
831 1833 880 1892 qui-

97 1904 147 1962 dem
156 1916 244 1951 >mutata
258 1904 368 1952 voluntate
383 1917 468 1951 coactus
483 1904 560 1951 Cicero
574 1904 633 1961 apud
647 1904 756 1952 Plautium
771 1924 882 1958 remanere

55 2017 58 2020 ⁴
95 1988 213 2025 constituit.

54 2050 81 2098 25
140 2049 282 2111 Thesalonice
297 2051 369 2109 itaque
384 2070 470 2099 morans
484 2070 546 2105 aures
561 2051 663 2099 continue
685 2065 765 2100 erectas
788 2052 880 2101 habebat

96 2123 281 2181 investigabatque
292 2123 381 2177 solicite,
394 2124 412 2171 si
425 2123 494 2172 Roma
505 2124 605 2172 veniebat
617 2124 740 2182 quisquam,
753 2124 811 2182 quid.
819 2125 846 2173 de
857 2145 881 2173 se

96 2194 190 2253 populus
206 2196 323 2250 Romanus,
340 2196 394 2255 quid
403 2209 503 2261 senatus,
520 2196 575 2255 quid
590 2196 647 2244 cives
663 2197 723 2251 boni,
738 2197 794 2255 'quid
809 2198 880 2251 amici,

56 2306 58 2310 -
97 2268 151 2331 quid
165 2269 247 2317 inimici
262 2270 344 2326 private
353 2268 483 2327 publiceque
492 2268 602 2323 referrent,
612 2270 723 2324 sentirent,
733 2270 880 2329 loquerentur.

99 2342 174 2398 Ipsum
188 2356 261 2390 autem
276 2343 389 2389 certiorem
403 2341 495 2389 faciebat
510 2342 586 2389 dietim
601 2342 670 2390 Roma
684 2344 772 2390 veniens
788 2344 880 2401 quisque

54 2413 83 2460 30
98 2414 188 2462 domum
203 2434 265 2462 suam
280 2414 374 2462 dirutam
385 2413 491 2469 funditus,
503 2431 593 2461 uxorem
604 2435 655 2462 cum
666 2414 711 2461 filio
723 2427 744 2462 et
756 2428 835 2473 nepote
846 2416 882 2464 vix

96 2508 172 2536 manus
188 2487 297 2536 satelitum
308 2486 416 2546 effugisse,
428 2485 488 2535 villas
501 2487 605 2543 incensas,
617 2487 704 2536 arbores
716 2488 807 2543 evulsas,
819 2507 881 2547 agros

58 2670 59 2674 ,
93 2628 119 2684 te.
132 2628 167 2666 ca.
181 2630 234 2667 nan..
251 2600 288 2664 uo.

96 2759 114 2802 8.
129 2743 291 2822 Thessalonicam
305 2745 325 2809 ⁸(s
342 2770 392 2807 expe
409 2760 468 2799 etiam
486 2761 505 2799 iu
522 2754 600 2808 indice).
649 2740 688 2800 ll.
703 2755 733 2800 Ex
750 2766 882 2800 remorantem

57 2842 106 2868 corr.
162 2823 194 2867 20.
208 2823 238 2868 Ex
249 2822 349 2867 Catelinac
358 2841 407 2866 corr.
461 2820 494 2866 25.
508 2821 651 2886 Thessalonice
661 2823 679 2875 (s
688 2824 749 2877 exp.);
758 2837 793 2874 pro
806 2822 882 2878 These*

57 2887 138 2934 Ionicae.
167 2902 168 2905 ’
181 2888 212 2935 29.
226 2887 327 2943 lacielbat)
342 2894 356 2934 εἴ
365 2907 388 2939 r.;
401 2907 423 2934 ex
436 2887 505 2933 dietim
519 2894 586 2933 statim
595 2904 649 2933 corr.
691 2889 724 2934 30.
734 2887 764 2933 Ex
773 2888 882 2955 e(rutam?)

56 2964 122 3001 statim
137 2975 185 3003 corr.
