2093 3253
151 198 177 246 60
450 214 543 246 SlCCONlS
557 213 677 247 POLENTONI
694 201 696 203 Ι

192 330 252 388 quod
267 349 306 389 per
321 330 474 379 contumeliam
494 343 515 378 et
536 329 656 379 ludibrium
675 330 783 379 criminari
804 344 884 390 posset.
901 331 977 390 Ipsum
1029 331 1047 396 ζ

192 404 258 450 modo
272 403 360 451 fortuna
372 404 452 460 patriae
464 404 517 451 irata
530 402 609 464 lecerat
621 403 678 450 bello
690 421 785 453 servum.
800 403 830 451 Ea
842 423 894 452 vero
906 405 929 452 in
941 424 977 452 ca-
1030 399 1047 437 i

191 475 293 530 lamitate,
304 496 359 535 quae
370 495 447 533 magna
457 488 520 530 esset,
530 475 553 523 id
563 475 636 524 solacii
646 495 671 524 ac
680 475 758 534 refugii
768 476 851 531 habuit,
862 476 922 535 quod
932 494 977 525 ser·

192 569 244 596 vum
259 548 331 607 ipsum
347 548 448 596 Lucanus
463 548 560 606 quidam,
574 549 612 606 qui
625 548 742 597 Terentius
755 550 844 597 nomine
857 561 976 603 vocaretur,

165 620 259 667 5hom0
274 620 369 678 locuples
384 639 409 667 ac
424 619 524 674 liberalis,
539 620 599 668 emit.
614 620 708 668 Puerum
730 621 771 668 iste
793 621 849 668 clara
867 629 883 668 'e
905 620 977 668 lronte
1033 633 1041 674 ξ

191 706 256 751 atque
271 691 344 742 indole
358 691 415 742 bona
430 692 539 751 optimum
554 692 632 742 habere
653 693 766 751 ingenium
786 694 919 743 coniectatus
939 692 976 742 lu-
1043 699 1047 725 ἒ

191 778 308 823 turumque
323 766 394 814 virum
409 765 493 814 bonurn
510 779 531 814 et
548 766 675 823 sapientem,
693 767 711 813 si
729 766 816 814 daretur
833 766 937 814 doctrinis
954 778 976 814 et
1036 773 1038 775 ’

189 837 272 886 artibus
287 838 358 893 bonis,
374 850 432 886 ratus
445 838 520 886 litteris
533 839 595 896 quasi
607 838 677 886 filium
689 838 834 886 erudiendum
846 839 913 893 dedit,
926 857 975 886 eru-
1036 842 1038 844 ’

191 910 305 970 dirumque
320 911 421 973 iuvenem
435 910 533 959 libertate
550 929 590 970 pro
606 912 687 970 ingenii
704 912 781 960 merito
797 933 822 960 ac
838 911 889 960 stilli
905 910 976 960 lorma

151 985 177 1032 10
192 985 288 1033 donavit.
303 982 391 1033 Nomen
405 1005 493 1043 quoque
512 1005 577 1033 suum
594 997 620 1033 ut
638 984 754 1033 Terentius
772 985 916 1043 appellaretur
933 985 975 1043 im-

190 1057 271 1114 posuit.
286 1056 353 1106 Hunc
367 1057 426 1105 enim
438 1076 521 1105 morem
533 1056 609 1105 habuit
622 1057 698 1112 Roma,
710 1070 735 1106 ut
748 1059 785 1115 qui
798 1058 853 1106 servi
866 1070 944 1112 essent,
957 1056 974 1105 si

191 1129 282 1185 praediti
297 1130 362 1176 modo
376 1128 456 1176 virtute
468 1129 540 1187 aliqua
553 1129 685 1183 viderentur,
699 1129 722 1176 hi
735 1149 815 1177 nornen
828 1127 922 1178 familiae
935 1128 975 1177 do·

190 1202 301 1250 minorum
315 1202 426 1250 haberent.
442 1201 500 1249 Hinc
518 1202 584 1257 enim,
602 1214 627 1250 ut
644 1214 764 1261 preteream
782 1201 842 1257 alios,
861 1214 889 1257 et,
908 1221 975 1261 quem
1038 1234 1045 1256 ς

190 1276 285 1331 peritum
299 1275 375 1324 habuit
390 1274 467 1323 Cicero
478 1293 572 1330 servum.
585 1273 645 1332 Tyro
656 1274 743 1323 Tullius
755 1287 783 1330 et,
796 1275 833 1334 qui
846 1275 975 1323 Latinorum
1040 1291 1043 1312 2

151 1347 175 1396 15
191 1348 274 1404 primus
296 1361 360 1406 poeta
379 1347 428 1402 luit,
449 1347 531 1402 Livius,
554 1348 614 1405 quod
636 1360 692 1395 esset
715 1347 758 1414 M„
773 1348 828 1395 Livii
850 1347 975 1395 Salinatoris
1040 1337 1044 1398 i

191 1439 272 1476 servus,
287 1420 406 1479 appellatus
421 1433 461 1469 est.

232 1493 351 1551 Scripsisse
367 1492 436 1542 multa
451 1513 496 1541 non
516 1505 651 1541 memoratur
666 1493 784 1542 Terentius
800 1506 882 1542 noster.
898 1494 975 1553 Scrip-

189 1578 262 1614 torurn
281 1567 328 1614 eius
344 1566 469 1614 comoediae
489 1586 527 1614 sex
543 1566 650 1615 habentur
661 1566 735 1615 modo.
746 1565 827 1614 Earum
838 1567 860 1613 in
872 1578 974 1624 quattuor
1042 1584 1044 1586 ’

190 1637 357 1693 llllaenandrum,
374 1638 412 1696 qui
428 1658 455 1684 eo
471 1637 494 1684 in
510 1657 588 1695 genere
605 1637 700 1685 Graecos
719 1657 795 1685 omnes
813 1650 887 1696 poetas
904 1638 974 1685 excel·
1045 1669 1046 1672 =

147 1710 176 1759 20
191 1710 250 1764 leret,
265 1711 289 1758 in
303 1710 399 1770 reliquis,
414 1729 470 1769 quae
484 1710 539 1757 duae
554 1723 611 1765 sunt,
627 1709 710 1769 Echyra
725 1722 746 1758 et
760 1709 870 1764 Phormio,
884 1708 975 1768 Apollo·

189 1784 275 1838 dorum,
290 1796 378 1842 poetam
393 1782 539 1838 Corinthium,
554 1783 651 1832 imitatus
667 1795 706 1832 est.
721 1782 783 1831 Ordo
797 1782 839 1831 illis
855 1795 925 1832 certus
941 1795 973 1832 est

189 1856 269 1904 nullus.
284 1856 374 1914 Ubique
391 1867 464 1903 tamen
481 1855 564 1904 Andria
582 1856 651 1914 prima
669 1846 708 1904 est.
724 1855 787 1903 Hanc
805 1856 907 1904 recitante
924 1855 972 1914 ipso
1020 1875 1022 1877 ’

189 1929 317 1987 priusquam
326 1927 431 1977 aedilibus
441 1928 571 1977 venderetur
580 1940 602 1977 et
611 1924 693 1977 audivit
702 1939 723 1977 et
732 1928 827 1977 laudavit
836 1947 913 1987 magna
922 1947 973 1977 curn

189 2001 331 2050 admiratione
346 2001 460 2050 Caecilius.
476 2000 607 2050 Eunuchum
622 2000 851 2060 vendiditTerentius
866 2013 915 2049 octo
931 1999 973 2049 inin

146 2074 174 2123 25
190 2074 246 2122 libus
260 2074 366 2136 numum}
913 2076 914 2080 ¹

230 2146 339 2205 Denique,
358 2158 383 2196 ut
404 2145 474 2195 solent
493 2159 598 2205 pauperes
617 2146 654 2205 qui
673 2145 741 2195 aliena
759 2158 810 2195 sunt
823 2146 937 2203 presertim
950 2146 973 2195 in

189 2219 274 2267 civitate
288 2218 351 2268 locati
371 2232 392 2268 et
407 2220 487 2268 virtute
504 2219 576 2278 aliqua
592 2219 677 2278 prediti,
695 2219 813 2267 maledictis
828 2219 974 2268 invidentium

189 2292 329 2342 mordebatur
339 2312 409 2353 saepe.
423 2292 471 2351 lpse
482 2312 533 2342 vero
543 2304 591 2341 tum
602 2305 627 2341 ut
637 2291 762 2342 malivolum
773 2292 856 2351 linguas
867 2306 888 2342 et
899 2292 973 2341 oculos

188 2364 279 2423 lugeret,
287 2377 343 2428 turn
357 2379 382 2431 ut
397 2365 468 2413 studia
479 2365 563 2413 Graeca
574 2365 707 2423 perquireret
717 2384 742 2413 ac
753 2376 854 2422 gustaret,
866 2365 974 2424 navigavit

146 2438 176 2485 30
190 2437 293 2487 Athenas.
309 2437 369 2487 Urbs
381 2450 426 2486 erat
437 2438 460 2487 in
473 2437 564 2487 Graecia
575 2450 623 2487 turn
635 2436 670 2487 illa
682 2458 737 2496 quae
749 2438 848 2486 omnium
860 2450 915 2485 esset
927 2437 973 2487 lau·

188 2511 287 2560 datarum
302 2513 380 2562 artium
394 2524 416 2561 et
430 2511 577 2561 doctrinarum
590 2530 667 2570 parens
681 2512 801 2571 etantiqua
811 2511 880 2561 sedes.
894 2511 973 2571 Neque

188 2603 239 2631 vero
249 2584 280 2630 ibi
291 2585 368 2642 perdiu
379 2596 474 2632 moratus
485 2596 524 2637 est;
535 2585 605 2631 redire
615 2584 704 2641 quidem
714 2585 788 2631 statuit
798 2583 898 2630 Romam.
913 2583 973 2639 Quas

188 2656 254 2714 igitur
268 2656 361 2705 habebat
376 2655 493 2705 sarcinulas
508 2677 533 2705 ac
547 2654 612 2705 simul
627 2677 682 2717 quae
697 2656 785 2705 caeteris
800 2655 880 2705 cariora
894 2669 973 2712 essent,

188 2731 268 2787 scripta
282 2749 328 2783 sua,
342 2742 363 2778 et
376 2730 483 2788 quicquid
495 2730 601 2777 librorum
614 2749 688 2778 secum
701 2729 794 2778 habebat
806 2729 829 2777 in
842 2749 919 2777 navem
931 2728 974 2776 irn-

146 2802 174 2850 35
190 2802 270 2859 posuit.
287 2801 336 2859 lpse
349 2814 422 2850 autem
437 2802 551 2859 navigandi
565 2802 624 2850 tedio
638 2801 710 2849 Patras
724 2802 818 2849 terrestri
832 2801 908 2848 itinere
922 2817 973 2860 pro·

185 2982 204 3029 2.
219 2983 278 3029 modo
292 3003 338 3029 sacr.
