2093 3253
263 120 394 152 scnrrrouuru
408 120 535 152 rmusrarun
548 131 562 135 -
576 119 635 150 cisen
648 119 705 150 xvrrr.
852 102 887 150 511

107 249 172 295 atque
187 235 313 294 impedisset
328 235 407 284 delerri
418 236 447 284 ad
458 241 531 293 regem
543 234 624 283 litteras
636 255 692 293 quae
704 234 819 285 maiestatis
832 251 894 283 reum

108 309 180 367 ipsum
194 309 298 357 Boecium
314 307 464 368 Albinumque
478 328 503 356 ac
519 321 590 357 totum
606 321 706 357 senatum
721 326 768 355 esse
783 305 893 355 docerent.

149 381 228 439 Neque
242 399 294 430 vero
309 380 358 429 data
373 400 433 430 mora
443 392 487 430 est.'
495 381 550 431 Mox
561 380 651 439 quidem
661 393 727 439 atque
738 378 847 427 inauditus
859 378 894 427 die

107 454 155 511 ipso
167 453 290 501 inexilium
300 451 394 510 pellitur.
406 454 482 501 Annos
493 473 544 501 vero
556 452 649 501 exulavit
660 465 763 511 quattuor
773 451 833 508 apud
844 451 894 498 Me·

82 525 94 575 5
110 525 229 575 diolanum,
245 524 300 575 Exul
313 537 386 575 autem
400 526 466 575 libros
479 538 501 574 et
514 526 541 574 de
555 524 709 574 Consolatione
722 524 820 584 quinque
833 536 858 583 et
868 524 895 573 de

110 600 199 648 Unitate
213 600 356 648 Personarum
369 621 439 648 unum
452 599 510 648 lecit.
525 599 625 648 Tandem
638 617 690 647 vero
704 598 769 646 duros
783 610 833 656 post
846 616 895 646 cru-

109 674 177 721 ciatus
192 672 318 721 interfectus
331 686 369 721 est.
385 674 460 730 Ipsum
472 673 561 731 quidam
574 672 651 729 laqueo
663 672 775 730 perstricta
787 670 837 728 gula
849 669 895 718 sut-

110 745 207 796 locatum
221 767 274 801 esse,
289 746 356 805 aliqui
369 745 421 795 lune
434 746 547 806 perstricto
560 745 630 804 capite
643 741 744 806 necatum
757 739 839 792 dieunt.
852 743 895 793 Ae-

110 833 154 868 tate
168 821 211 867 iam
226 840 249 867 se
263 820 363 868 flectebat
378 821 400 867 irr
415 820 507 867 senium.
526 818 613 867 Canum
630 832 703 867 tamen
721 818 800 875 ipsum,
819 830 844 865 ut
861 837 895 865 se-

62 893 97 940 l0
112 892 160 939 nior
174 893 291 945 videretur,
305 891 361 939 exilii
376 893 486 940 moesticia
498 889 585 939 lecerat.
598 891 676 939 Annus
689 903 734 937 erat
746 902 799 937 tunc
809 890 895 946 imperii

113 964 190 1013 lustini
206 965 302 1023 quintus,
319 964 435 1012 nativitatis
451 983 502 1011 vero
517 963 555 1011 filii
571 963 606 1011 dei
617 984 642 1011 ac
652 982 702 1011 vere
713 962 747 1010 dei
760 962 809 1010 lesu
820 961 895 1010 Chris-

112 1037 128 1084 ti
143 1035 293 1085 VCCXXllll.
309 1035 395 1096 Corpus
408 1037 455 1085 eius
468 1036 545 1095 Papiae
558 1036 669 1102 seppltum
682 1037 744 1083 iacet.

154 1110 228 1158 Morte
243 1129 331 1168 quoque
346 1110 430 1158 mortali
445 1109 473 1167 Q.
488 1107 614 1163 Simachus,'
624 1108 696 1158 Boecii
711 1127 778 1163 socer,
793 1108 825 1157 vir
839 1109 896 1166 opti-

112 1202 161 1230 mus
175 1194 241 1240 atque
256 1183 340 1236 doctus,
356 1183 416 1241 quod
431 1201 535 1240 generum
550 1181 676 1230 detenderet
691 1181 775 1236 occisus
790 1193 830 1229 est.
846 1180 896 1229 Fuit

73 1255 98 1303 15
114 1253 229 1301 Simachus
244 1253 355 1301 Romanus
371 1255 423 1302 civis
438 1267 503 1312 atque
518 1252 668 1311 philosophus.
686 1254 711 1302 ln
727 1252 898 1306 dicendoautem

113 1347 161 1375 eam
175 1327 266 1386 gratiam
281 1326 357 1376 habuit
369 1341 394 1376 ut
408 1348 474 1386 quam
487 1340 569 1375 veteres
583 1326 653 1376 Plinio
667 1328 743 1376 darent
755 1326 851 1386 palmam
864 1326 897 1375 di-

113 1399 176 1446 cendi
191 1399 268 1447 florido
282 1420 307 1446 ac
321 1399 397 1457 pingui
412 1401 435 1446 in
449 1419 533 1457 genere,
549 1419 597 1446 eam
611 1401 652 1447 sibi
668 1400 795 1448 Macrobius
809 1400 897 1448 tribuat.

113 1470 250 1529 Scriptorum
260 1471 306 1519 eius
317 1484 388 1529 preter
399 1471 522 1519 Familiares
533 1471 639 1530 Epistolas
651 1471 704 1519 nihil
715 1471 758 1519 vidi
770 1491 841 1519 suum.

156 1543 312 1592 Cassiodorum
326 1544 379 1593 item
393 1544 541 1594 Ravennatem
564 1545 686 1602 patricium,
710 1545 772 1593 cuius
795 1544 897 1602 epistolae

71 1617 100 1666 20
115 1629 166 1665 sunt
180 1616 294 1665 Variarum
308 1617 430 1676 inscriptae,
445 1617 521 1666 habuit
535 1630 593 1666 aetas
603 1617 650 1667 illa.

158 1688 359 1747 Contemporaneus
367 1710 455 1748 quoque
464 1691 510 1738 istis
516 1690 644 1744 Priscianus,
651 1691 801 1748 grammaticae
810 1690 899 1738 Latinae

115 1762 222 1821 princeps,
238 1761 287 1811 luit.
309 1763 384 1821 lpsum
404 1763 462 1812 enim
482 1776 503 1811 et
522 1763 617 1811 amicum
637 1776 658 1811 et
677 1762 805 1811 familiarem
824 1762 899 1810 habuit

46 1845 48 1851 ’
116 1835 237 1885 simachus.
252 1834 310 1884 Nam
324 1848 345 1884 et
359 1836 480 1886 Priscianus
493 1837 521 1885 ad
535 1858 585 1885 eum
599 1837 708 1895 inscripsit
722 1836 803 1884 librum
816 1835 853 1894 qui
867 1848 900 1884 est

113 1908 141 1956 ab
156 1929 182 1956 eo
197 1909 224 1956 de
238 1907 341 1956 Numeris
355 1921 375 1957 et
388 1909 522 1958 Ponderibus
536 1909 573 1965 [ab
586 1914 620 1967 eo]
634 1909 703 1957 lactus
716 1922 737 1957 et
750 1908 864 1956 Simachus
877 1909 900 1956 in

72 1980 100 2029 25
116 1980 212 2039 epistolis
222 1982 266 2029 suis
276 1981 409 2030 Priscianum
418 1982 512 2041 appellat
521 1981 610 2030 fratrem
619 1983 757 2041 eundemque
766 2002 817 2031 cum
824 1981 900 2030 litteris

115 2066 164 2101 tum
178 2054 290 2102 honestate
304 2055 472 2113 adaequandum
491 2055 626 2113 philosophis
646 2056 722 2113 primis
741 2067 826 2103 censet.>
841 2054 900 2103 Vixit

117 2137 189 2173 tamen
204 2125 325 2174 Priscianus
340 2139 390 2184 post
405 2140 516 2175 mortuum
530 2127 657 2176 Simachum
671 2127 811 2186 aliquamdiu.
828 2127 899 2184 lmpe·

118 2211 178 2246 rante
193 2199 283 2257 quidem
300 2199 383 2248 Iustino
403 2200 445 2258 ille,
468 2200 587 2248 lustiniano
606 2201 646 2257 iste
665 2201 709 2249 vita
728 2199 844 2248 defunctus
859 2213 899 2248 est.

104 2271 187 2322 'Patria
202 2272 253 2322 huic
268 2272 378 2330 Caesarea,
393 2274 445 2323 urbs
460 2274 617 2333 Cappadociae,
632 2274 681 2324 luit.
695 2274 726 2323 Ea
740 2274 836 2333 primum
850 2273 900 2323 Ma·

0 2361 2 2387 5
73 2342 103 2391 30
117 2365 175 2402 zaga,
191 2345 270 2392 deinde
283 2345 386 2393 Caesarea
398 2345 504 2404 appellata
516 2359 556 2394 est.
569 2347 656 2394 Nomen
669 2347 710 2394 sibi
723 2347 814 2394 mutavit
826 2345 900 2403 Tybe-

0 2415 1 2418 '
117 2417 169 2465 rius.
184 2418 316 2466 Archelaum
330 2419 426 2477 quidem,
446 2418 596 2477 Cappadociae
615 2439 693 2479 regem,
704 2419 740 2467 >ad
759 2439 781 2466 se
799 2430 900 2466 vocaturn

116 2491 205 2539 retinuit
220 2492 309 2546 Romae,
325 2492 403 2540 deinde
414 2511 505 2550 regnum
515 2492 596 2539 ademit
606 2493 625 2540 ei
637 2493 703 2551 idque
714 2493 736 2540 in
747 2491 839 2539 formam
850 2509 900 2548 pro-

77 2588 157 2598 ——......
163 2593 219 2599 ..mm

113 2650 139 2685 17.
152 2650 228 2687 Macrob.
241 2651 277 2688 Sor.
291 2652 311 2689 V.
328 2653 341 2688 1.
356 2653 371 2689 7.

79 2755 219 2767 ——..·-.-‚.

1 2861 6 2871 «Υ
102 2808 148 2856 23.
165 2811 196 2856 Ex
212 2812 304 2859 Simacus
320 2833 369 2860 corr.
424 2815 456 2859 24.
473 2813 497 2858 ab
516 2832 538 2858 eo
554 2832 617 2858 errore
627 2815 655 2861 bis
670 2821 768 2868 scripturn.
823 2814 856 2860 24.
870 2817 901 2862 Ex

76 2873 198 2935 Simaculsi’)
212 2888 278 2926 statim
293 2898 341 2925 corr.
