2093 3253
212 197 340 228 scarrronun
354 197 479 228 riaosrnrun
493 210 507 213 -
520 198 577 228 ursan
592 197 644 228 vnn.
801 182 842 227 259

43 324 123 376 aetate
142 330 267 369 gravescens
284 311 382 359 cabalum
399 312 538 376 adequitavit,
555 312 592 370 qui
609 326 629 360 et
646 311 752 359 Catonern
768 311 842 368 ipsum

55 382 197 437 consularem,
209 384 337 438 censorium,
349 383 503 442 triumphalem
518 385 589 433 virum
600 399 621 433 et
635 383 751 442 pendentia
767 381 842 441 (huius

56 455 86 502 rei
102 468 212 503 auctorem
228 455 327 503 Stoicum
342 456 447 503 Senecam
460 456 538 513 habeo)
550 457 652 514 utrinque
664 475 729 503 onera
740 474 841 513 compor-

55 527 120 575 tabat.
133 527 235 585 Denique
246 527 299 575 nihil
311 527 352 576 luit
368 529 428 585 quod
439 528 568 586 parsimonia
580 541 600 575 et
611 528 723 576 severitate
734 527 780 574 viro
791 527 843 575 liuic

29 602 40 650 5
57 612 112 647 esset
127 601 224 648 amicius.

99 672 192 722 Proinde
207 673 342 722 confessione
357 675 455 723 omniurn
470 673 523 722 illud
538 688 570 722 est
584 688 701 729 assecutus,
717 687 741 723 ut
756 674 842 732 sapiens

56 745 175 803 appelletur
188 766 228 793 nec
241 764 315 803 parem
328 758 387 794 tanta
400 747 422 794 in
436 746 490 795 urbe
503 747 603 794 habuisse
616 745 686 794 ullum
699 745 738 794 sed
751 746 842 794 unicum

56 816 122 866 luisse
139 819 204 866 decus
220 818 295 878 populi
312 819 404 866 Romani
420 840 445 866 ac
461 820 516 866 vitae
532 820 645 877 speculum
662 813 763 866 omnibus
780 820 840 866 vide-

55 902 110 939 atur.
124 890 200 940 Auditi
215 912 303 950 quoque
317 904 367 940 sunt
382 892 419 950 qui
434 912 485 940 eum
499 891 589 945 Socrati,
605 891 727 945 Grecorum
742 892 842 952 'omnium

19 966 41 1011 111
56 963 181 1011 doctissimo
204 984 228 1011 ac
251 965 307 1012 vitae
330 964 415 1012 moralis
444 966 534 1023 parenti,
562 965 736 1023 anteponendam
756 976 842 1022 putent,

56 1037 116 1094 quod
130 1036 187 1085 illius
203 1037 260 1085 dicta
275 1038 347 1091 modo,
363 1037 424 1084 istius
439 1055 490 1085 vero
505 1049 526 1085 et
540 1036 596 1084 lacta
611 1037 704 1085 etdicta
719 1036 840 1085 laudentur.

56 1110 142 1168 Nempe
151 1109 240 1159 Catonis
250 1110 313 1159 huius
322 1111 376 1159 adeo
385 1130 465 1159 nomen
474 1110 557 1159 excellit
567 1130 658 1169 eamque
664 1111 686 1158 in
692 1112 841 1164 reverentiam,

57 1182 191 1238 dignitatem,
208 1181 288 1230 lamam
304 1202 401 1230 summae
417 1182 534 1240 sapientiae
550 1183 652 1239 opinione
668 1183 767 1235 omnium
782 1183 841 1241 apud

57 1254 156 1301 mortales
173 1254 231 1302 venit
248 1267 278 1307 ut,
297 1254 402 1312 quicquid
418 1254 445 1302 sit
462 1254 522 1312 quod
539 1253 600 1308 bene,
618 1254 716 1312 graviter,
734 1255 842 1313 sapienter

20 1328 42 1374 15
58 1338 94 1374 aut
107 1326 189 1375 lactum
200 1339 238 1375 aut
251 1327 334 1375 dictum
346 1348 392 1375 esse
403 1327 431 1375 ab
444 1326 488 1375 ullo
499 1340 596 1375 veterum
608 1327 714 1381 audiatur.
728 1327 751 1374 id
763 1326 840 1376 Catoni

58 1399 115 1452 huic,
129 1400 146 1446 si
160 1400 204 1448 veri
217 1400 310 1448 auctoris
325 1420 368 1448 non
382 1400 487 1448 succurrit
501 1419 588 1453 nomen,
602 1400 663 1457 docti
674 1399 738 1448 simul
751 1420 776 1448 ac
787 1400 841 1448 rude

56 1471 133 1528 vulgus
143 1472 269 1525 attribuant;
280 1472 378 1529 quisquis
389 1486 461 1520 autem
472 1473 557 1529 sapiens
567 1472 634 1519 ullam
644 1473 672 1519 ob
683 1491 729 1520 rem
739 1485 776 1520 aut
786 1473 842 1520 bene

55 1542 135 1592 lactam
143 1557 179 1592 aut
187 1544 243 1592 bene
250 1544 330 1592 dictam
335 1558 453 1601 reputatur,
463 1545 480 1591 is
489 1544 544 1592 Cato
553 1564 599 1592 esse
607 1545 660 1593 alter
669 1562 708 1603 pro
717 1544 842 1593 excellentia

57 1616 147 1664 dicatur.
156 1617 240 1682 Portiae
251 1639 338 1677 quoque
349 1615 443 1665 familiae
453 1617 574 1676 principem
584 1616 694 1676 appellant
705 1618 784 1677 ipsum,
792 1633 841 1667 tum

17 1689 43 1736 20
58 1689 118 1746 quod
128 1690 155 1736 sit
166 1688 201 1736 ille
212 1690 250 1747 qui
261 1703 350 1737 cunctos
366 1711 405 1736 sua
421 1711 432 1737 e
448 1689 529 1737 familia
543 1689 632 1744 bonore,
650 1689 720 1744 laude,
737 1691 842 1748 sapientia

58 1762 173 1821 superavit,
190 1774 238 1810 tum
248 1762 308 1822 quod
319 1761 373 1811 illud
383 1761 434 1811 lecit
448 1763 527 1812 virtute
538 1782 576 1811 sua
586 1775 618 1818 ut,
631 1783 686 1822 quae
697 1761 778 1812 lamilia
789 1763 841 1813 Por-

57 1837 89 1883 cia
103 1834 192 1893 ignobili
204 1835 335 1883 Sabinorum
346 1835 427 1893 oppido
438 1835 528 1884 Tusculi
543 1837 608 1884 veteri
620 1836 693 1894 stipite
704 1835 839 1885 oriundaes-

56 1920 95 1960 set,
105 1929 129 1954 ea
138 1908 226 1961 Romae,
235 1928 290 1965 quae
298 1909 413 1965 imperaret
422 1909 476 1962 orbi,
488 1908 618 1965 singularem
627 1908 655 1955 ob
666 1910 769 1956 virtutem
780 1929 842 1957 suam

57 1981 121 2029 etiam
140 1976 279 2030 nobilissimis
297 2001 321 2030 ac
340 1982 434 2039 patriciis
458 2001 565 2030 consensu
583 1982 682 2029 omnium
704 1994 840 2040 aequaretur.

18 2054 42 2100 25
101 2054 184 2102 Uxores
203 2054 243 2101 iste
262 2054 336 2102 habuit
355 2054 415 2102 duas.
434 2054 500 2102 filios
519 2073 569 2103 vero
588 2075 614 2102 ex
631 2067 723 2113 utraque
739 2055 842 2122 suscepit.

57 2127 89 2176 Ex
99 2128 168 2185 prima
179 2127 268 2184 quidem
279 2126 334 2175 Cato
345 2119 407 2175 natus
418 2148 465 2176 esse
476 2126 511 2175 ille
522 2127 687 2176 iurisconsultus
698 2128 735 2186 qui
746 2129 842 2186 egregios

57 2201 83 2248 de
103 2201 155 2247 iuris
175 2199 288 2259 disciplina
307 2201 398 2260 scriptos
418 2199 504 2259 reliquit
524 2199 597 2248 libros.
618 2200 750 2258 Designatus
769 2214 842 2250 autem

56 2286 141 2331 praetor
158 2272 208 2321 vivo
225 2286 285 2331 patre
302 2273 346 2320 vita
363 2271 479 2322 defunctus
502 2286 541 2321 est.
565 2271 597 2321 Ex
614 2273 709 2322 secunda
727 2271 843 2332 (virginem

56 2348 112 2394 hanc
127 2346 221 2398 Solonis,
237 2346 321 2393 clientis
337 2346 377 2398 sui,
393 2346 461 2393 filiam
476 2347 520 2393 iam
540 2366 606 2393 senex
626 2346 671 2393 filio
687 2347 755 2394 invito
771 2347 843 2402 duxit)

17 2416 43 2465 30
58 2418 165 2466 Catonem
175 2416 245 2465 filiurn
257 2417 339 2471 babuit,
352 2438 418 2475 quern
430 2418 520 2466 materni
531 2418 565 2466 avi
577 2438 589 2465 e
600 2419 688 2466 nornine
700 2412 843 2466 Solonianum

56 2489 171 2549 appellant.
185 2489 256 2538 Huius
268 2508 319 2538 vero
331 2511 356 2538 ex
367 2489 418 2544 filio.
432 2490 469 2550 qui
479 2490 582 2539 tribunus
593 2489 663 2549 plebis
674 2488 723 2546 luit,
736 2503 799 2540 natus
811 2504 843 2539 est
873 2496 875 2500 '

56 2564 111 2611 Cato
127 2563 243 2616 Uticensis,
259 2562 344 2610 Stoicae
359 2576 428 2611 sectae
443 2563 585 2621 philosophus
600 2584 625 2611 ac
640 2564 672 2611 vir
686 2576 758 2612 tantae
772 2565 841 2611 conti-

56 2636 142 2683 nentiae
159 2647 183 2692 ut
201 2636 279 2683 eodem
296 2637 341 2683 nati
359 2648 433 2683 ventre
451 2636 497 2693 ipse
519 2655 544 2684 ac
566 2636 699 2684 continentia
721 2636 843 2685 videantur.

19 2732 136 2741 x*—

51 2778 70 2817 3„
81 2776 119 2813 Sen.
132 2777 162 2820 Ep,
174 2777 219 2813 Mor.
233 2777 261 2813 87.
275 2776 324 2826 9-1οἶ

19 2855 79 2863 N—.

60 2894 89 2942 l5.
103 2897 128 2943 ab
141 2895 182 2942 ullo
192 2901 205 2941 i.
214 2915 237 2949 r.;
247 2905 290 2942 erat
299 2895 341 2942 ullo
352 2914 370 2941 a.
429 2894 457 2942 l5.
472 2895 502 2944 Ex
517 2895 572 2944 audit
582 2904 649 2944 statim
662 2915 711 2943 corr.
766 2898 798 2944 33.
809 2915 842 2942 eo-

16 2958 81 3008 dem...
96 2963 232 3018 continlentia)
246 2971 259 3009 t.
273 2982 296 3014 r.;
311 2974 352 3008 erat
368 2982 409 3018 quo
424 2975 492 3009 ventre
505 2965 531 3008 sit
545 2975 603 3008 natus
618 2965 660 3017 ipse
674 2965 708 3020 lll-
