2093 3253
133 240 175 296 '506
433 264 528 296 srccours
542 264 661 296 eotaurour

221 377 246 425 In
261 397 287 425 eo
301 378 390 425 tandem
400 378 495 435 Apulleii
506 379 574 426 nostri
584 391 645 435 pater
655 390 677 427 et
687 378 766 436 opibus
777 391 798 427 et
809 377 890 428 lamilia
900 379 963 428 nobi·
1003 406 1005 408 >

177 450 203 499 lis
216 461 260 498 erat
272 462 338 509 atque
351 447 470 498 honoribus
483 447 610 509 perlunctus
623 450 707 499 cunctis
719 449 768 498 loco
780 450 884 509 principis
898 451 964 499 habe-

178 524 249 573 batur.
266 523 315 583 lpse
327 544 416 583 quoque
421 523 535 583 Apulleius
544 525 566 572 in
572 544 597 571 ea
603 542 625 573 re
631 523 718 583 publica
724 524 893 584 haudquaquam
899 525 963 583 dege·

178 615 217 647 ner
227 597 282 654 patri
289 595 337 645 tuit.
344 597 426 645 Relicta
432 615 483 645 vero
489 598 564 656 patria,
571 598 631 657 quod
637 610 692 646 esset
698 597 846 647 doctrinarum
851 612 873 648 et
878 598 964 657 sapien*

151 670 163 721 5
179 671 220 720 tiae
231 669 347 724 studiosus,
359 669 381 718 in
394 669 477 718 ltaliam
488 669 553 719 venit.
564 670 612 718 Nec
622 669 704 718 Romae
714 669 785 719 solum
796 671 834 719 sed
844 671 882 729 qui
893 682 964 720 essent

176 741 268 802 Athenis
281 754 303 788 et
315 741 457 789 Alexandriae
469 754 618 801 praeceptores
631 741 721 790 audivit.
735 741 812 790 Studia
825 743 915 800 quidem
927 761 963 790 ac·

177 826 250 863 curate
265 813 406 873 percribravit
422 814 494 861 omnia
510 827 576 871 atque
591 814 614 861 in
630 833 654 861 ea
670 832 693 862 re
709 826 730 861 et
746 814 813 862 vitam
828 815 963 873 consumpsit
1035 862 1047 866 ,

177 908 265 936 omnem
274 898 296 935 et
305 907 358 946 quas
369 886 462 935 habebat
471 886 554 935 relictas
564 887 605 935 sibi
615 899 636 935 et
646 886 705 936 tratri
715 908 727 936 a
737 900 798 946 patre
807 908 859 948 opes
869 887 963 937 multum

177 973 242 1019 atque
263 960 357 1009 multum
376 959 493 1008 imminuit.
514 961 610 1008 Uxorem
630 979 680 1008 vero
699 960 855 1009 Prudentillam
875 962 963 1010 nomine

138 1035 164 1084 l0
179 1033 308 1092 appellatam
322 1032 458 1092 eandemque
475 1032 530 1081 filios
549 1033 615 1091 priori
633 1053 660 1081 ex
678 1034 755 1081 marito
773 1033 828 1082 duos
847 1033 963 1083 habentem

180 1106 248 1155 duxit.
274 1105 361 1154 Nomen
383 1106 421 1153 uni
445 1105 560 1159 Poneiano,
583 1105 643 1153 alteri
665 1105 787 1154 Aemiliano
809 1119 862 1155 erat.
885 1106 963 1156 Virum
1033 1097 1047 1153 si

136 1215 139 1219 .
177 1199 255 1236 nempe
265 1178 345 1227 amavit
365 1198 426 1233 uxor;
447 1178 485 1237 qui
505 1190 578 1226 autem
602 1178 695 1236 privigni
716 1190 776 1227 erant
797 1198 841 1227 non
861 1179 963 1228 vitricum

179 1251 245 1301 modo
256 1251 294 1299 sed
310 1263 401 1300 matrem
415 1251 492 1309 ipsam,
507 1251 567 1309 quod
581 1249 662 1300 lemina
676 1250 786 1309 nupsisset
796 1270 884 1317 annosa,
896 1271 962 1311 quarn

178 1324 271 1374 maxime
285 1325 382 1372 oderant.
399 1323 483 1372 lnterea
497 1342 547 1371 vero
562 1336 655 1372 mortem
677 1323 745 1372 obivit
767 1321 897 1373 Poneianus.'
918 1325 962 1382 Qui

139 1398 164 1448 15
179 1404 252 1445 autem
281 1395 406 1455 supervixit,
431 1395 571 1450 Aemilianus,
597 1408 621 1444 ut
646 1397 697 1450 dixi,
724 1397 811 1444 nomine
835 1396 962 1455 appellatus,

178 1469 228 1519 odio
241 1481 262 1518 et
275 1469 306 1517 ira
319 1469 394 1518 maiori
407 1469 484 1518 ardens
505 1469 606 1518 vitricum
626 1468 753 1529 Apulleium
773 1470 881 1519 accusavit
903 1470 963 1529 quod

177 1555 223 1591 arte
244 1541 313 1600 magia
327 1555 348 1589 et
372 1541 461 1590 fratrem
485 1542 618 1590 Poneianum
640 1542 754 1590 occidisset
775 1556 797 1590 et
821 1556 912 1590 matrem
937 1556 962 1591 ut
1035 1545 1047 1608 ,ᾗ

128 1608 129 1611 ¹
178 1613 219 1663 sibi
231 1614 323 1662 nuberet
335 1614 447 1672 coegisset.
459 1614 502 1662 Res
514 1627 560 1662 acta
572 1627 605 1662 est
616 1633 689 1663 severe
700 1616 760 1673 apud
772 1615 890 1664 Claudium
901 1634 962 1674 prae·

136 1705 138 1708 ·
177 1686 259 1736 lectum
271 1687 353 1747 quique
365 1686 461 1745 primarii
473 1708 498 1735 ac
510 1687 537 1735 de
549 1685 639 1735 consilio
651 1686 743 1735 civitatis
751 1698 830 1736 essent.
838 1687 883 1736 Sed
891 1687 964 1736 obiec*

135 1763 165 1811 ΖΙ)
179 1774 227 1810 tum
241 1760 322 1808 crimen
337 1760 451 1818 Apulleius
466 1761 622 1819 sapientissime
637 1760 715 1808 dilluit.
730 1760 845 1808 Orationes
860 1760 911 1809 suae
925 1761 963 1809 ha·

177 1833 235 1880 bitae
244 1833 284 1880 ista
294 1833 316 1880 in
326 1851 390 1880 causa
400 1844 472 1880 extant
482 1833 545 1880 duae.
555 1832 634 1880 Orator
644 1833 841 1891 quidemegregius
850 1832 963 1890 Apulleius

164 1905 213 1955 'illa
230 1905 333 1954 memoria
350 1905 476 1953 habebatur.
494 1904 596 1964 Denique
613 1904 733 1954 litterarum
750 1905 773 1953 in
783 1904 860 1953 studiis
876 1905 906 1953 ita
916 1924 963 1953 ver·

178 1992 236 2027 satus
247 1992 280 2027 est
294 1979 355 2037 quod
365 1979 425 2036 apud
436 1978 536 2026 Graecos
543 1992 564 2027 et
576 1979 665 2027 Latinos
676 1999 761 2026 summe
773 1977 853 2026 doctus
861 1978 884 2026 in
895 1979 962 2036 poesi,

177 2053 200 2101 in
215 2070 238 2100 re
252 2051 350 2107 oratoria,
365 2051 388 2101 in
402 2050 496 2107 historia,
511 2052 533 2101 in
548 2051 691 2111 philosophia,
705 2050 728 2099 in
742 2049 861 2110 disciplinis
875 2050 963 2113 optimis

136 2128 164 2178 25
179 2126 295 2175 videretur.
311 2126 356 2174 Sed
370 2125 482 2174 Platonem
497 2139 546 2175 ante
562 2125 615 2174 alios
631 2137 724 2174 sectatus
739 2137 778 2172 est.
801 2141 802 2144 ’

220 2198 337 2256 Scripsisse
354 2211 428 2246 autem
446 2198 535 2246 Graecis
554 2199 630 2246 litteris
649 2197 717 2246 multa
734 2196 899 2246 {cunctatim
912 2217 963 2246 vero

178 2270 252 2330 scripti
263 2270 290 2319 ab
302 2292 327 2319 eo
338 2270 366 2319 de
377 2269 512 2319 Habitudine
522 2282 544 2318 et
555 2269 663 2329 Dogmata
674 2269 775 2325 Platonis,
788 2270 815 2320 de
826 2270 875 2320 Deo
886 2270 963 2320 Socra·

177 2344 212 2398 tis,
228 2345 255 2392 de
272 2344 435 2391 Immortalitate
451 2343 533 2397 Animi,
550 2345 573 2391 in
590 2364 634 2402 quo
650 2344 764 2402 Asclepius
781 2357 802 2393 et
819 2343 963 2403 Trimegistus

140 2422 142 2424 ’
178 2416 332 2474 colloquuntur
347 2416 374 2463 de
390 2414 529 2473 Hermagora,
546 2416 574 2463 de
590 2416 714 2470 Medicinis,
731 2417 759 2465 de
775 2417 903 2466 Monarchia
919 2418 963 2466 sin·

136 2490 164 2538 30
179 2488 224 2546 guli
239 2488 288 2536 libri
303 2501 361 2537 sunt.
376 2488 411 2536 De
422 2488 593 2547 Cosmographia
603 2509 691 2548 quoque
702 2489 756 2538 liber
767 2503 799 2538 est
810 2510 874 2545 unus,
885 2490 908 2538 in
919 2510 964 2549 quo

141 2566 143 2568 ’
178 2582 223 2612 non
237 2575 262 2610 ut
276 2561 311 2610 alii
325 2574 432 2611 terrarum
446 2574 483 2610 aut
511 2562 600 2611 urbium
614 2563 668 2612 situs
683 2562 717 2612 vel
732 2562 796 2611 maris
811 2575 833 2611 et
846 2563 963 2612 fluminum

178 2648 238 2683 ortus
253 2635 292 2683 sed
305 2634 483 2694 Theophrastum
497 2648 518 2683 et
532 2634 672 2684 Aristotelem
686 2635 782 2684 imitatus
797 2635 824 2683 de
839 2635 964 2684 caelestium

178 2726 294 2766 corporum
304 2707 393 2762 ratione,
404 2707 493 2762 naturis,
503 2707 579 2756 officiis
589 2727 671 2767 curque
680 2728 706 2757 ac
715 2709 902 2768 quemadmodum
916 2730 964 2757 mo·
1043 2711 1047 2765 ζ’

177 2794 267 2829 veantur
279 2780 340 2829 dixit.
356 2779 493 2830 Floridorum
503 2794 600 2840 preterea
610 2781 651 2840 (sic
662 2782 721 2832 enim
731 2781 786 2832 illud
796 2780 890 2841 appellat
900 2802 963 2841 opus,

110 2994 113 2998 ,
176 2967 195 3014 2.
208 2978 249 3013 erat
263 2973 276 3014 i.
291 2986 316 3020 r.;
330 2978 371 3014 eret
385 2968 430 3014 tuit,
486 2969 506 3013 Ζ.
519 2970 550 3016 Ex
566 2971 654 3016 habebas
667 2988 716 3016 corr.
778 2968 807 3016 15.
820 2981 849 3016 'ut
867 2971 909 3018 dixi
927 2989 963 3018 no.

136 3034 189 3080 misse
202 3041 216 3081 1'·
230 3053 256 3086 'a'
270 3054 295 3080 ex
309 3036 390 3081 nomine
404 3035 513 3090 appellatus
526 3042 593 3082 statim
606 3055 656 3083 corr.
675 3067 677 3070 s
1015 3032 1016 3052 ³
1032 3055 1034 3058 «
