2093 3253
257 160 388 192 scnnronuu
402 160 526 193 utusrnrun
538 173 553 177 —
566 161 623 192 urum
638 162 657 190 x.
831 148 871 192 293

126 277 266 335 Magistratus
282 276 341 324 enim
356 276 425 324 Roma
436 276 489 339 dum
500 276 541 325 luit
552 277 618 326 libera
630 277 673 325 hoc
682 277 748 325 modo
759 277 826 325 dedit.
845 277 870 325 ln

84 362 183 399 senatum
199 348 288 408 quidem
304 348 416 407 quierant
431 349 583 407 competitores
593 349 710 397 veniebant
721 348 871 397 candidaves·

84 437 104 473 te
114 422 195 471 amicti.
207 421 251 478 Qui
261 439 313 469 vero
323 441 349 470 ex
360 421 436 470 ordine
446 422 523 471 citatus
534 435 579 471 erat
589 421 721 479 (citabantur
730 441 816 480 nanque
825 422 870 470 sin-

84 494 144 555 guli),
150 495 168 543 is
177 494 244 544 vitam
252 514 313 543 suam
322 507 343 543 et
353 515 419 554 quam
426 494 458 543 ob
467 499 513 544 re'm
523 494 614 554 dignum
622 515 645 544 se
653 495 734 544 diceret
742 493 869 554 explicabat.

58 575 69 621 5
85 570 162 618 Testes
172 588 260 627 quoque
270 568 356 615 virtutis
366 588 417 616 suae
427 588 482 626 quos
493 582 576 626 poterat
586 569 699 626 presertim
709 570 869 628 imperatorem,

83 643 100 689 si
109 660 202 699 usquam
211 652 249 687 aut
260 639 321 686 miles
331 652 368 687 aut
379 639 479 688 tribunus
490 652 526 687 aut
537 652 638 699 quaestor
647 653 684 688 aut
695 640 777 699 legatus
785 638 869 695 luisset,

84 713 215 764 nominabat.
225 712 384 771 Competitores
393 731 444 762 vero
453 726 477 761 ut
485 734 497 761 a
506 714 610 771 petitione
619 714 719 768 deiceret,
729 715 747 761 si
756 725 801 762 erat
810 714 869 762 unde

83 801 119 835 aut
134 808 160 834 ex
170 800 238 834 aetate
248 799 286 833 aut
296 785 351 833 vitae
361 785 497 843 turpitudine
506 786 585 844 aliqua,
596 787 705 842 arguebat,
717 787 801 834 obiecta
816 786 869 834 item

83 859 131 912 sibi,
144 860 161 905 si
174 870 264 916 poterat,
277 856 380 924 diluebat.
393 856 458 905 Citati
471 857 550 905 deinde
562 858 599 917 qui
612 871 672 905 erant
678 854 749 906 ¹'testes
761 878 817 916 quae
828 880 868 916 po-

46 935 70 982 ll}
84 943 153 979 terant
168 929 311 978 affirmabant.
327 929 462 978 Audiebatur
477 930 500 978 in
516 943 591 979 senatu
607 931 700 988 quisque
715 950 801 979 summo
817 951 868 979 curn

83 1003 167 1051 silentio
178 1015 200 1050 et
211 1002 305 1061 quadam
317 1002 419 1060 gravitate
431 1003 534 1052 censoria.
546 1002 647 1052 Comitiis
658 1003 868 1052 autemeenturiatis

83 1076 166 1124 inibant
176 1074 277 1132 suffragia
288 1074 357 1122 tribus
369 1087 389 1122 et
401 1075 536 1133 magistratus
548 1075 632 1133 saepius
644 1075 715 1133 dignis
726 1095 792 1134 quam
803 1077 868 1134 gratis

83 1149 169 1196 dabant.
550 1190 552 1193 ,
723 1148 735 1200 ’,
867 1140 869 1145 Χ

123 1222 207 1270 Acriter
222 1221 287 1279 igitur
301 1221 340 1269 hos
355 1222 410 1269 inter
425 1222 584 1279 competitores,
600 1220 723 1276 Catilinam,
738 1221 866 1277 Antonium,

45 1296 68 1344 15
84 1295 218 1348 Ciceronem,
233 1306 255 1341 et
268 1294 380 1351 propalam
393 1295 416 1341 in
430 1307 505 1342 senatu
519 1307 540 1342 et
554 1293 606 1342 loris
620 1294 867 1342 clandestinisconsiliis

82 1379 187 1415 certatum
195 1370 234 1415 est.
243 1366 288 1414 Sed
296 1366 425 1415 Ciceronem
433 1367 474 1414 hoc
485 1367 513 1415 ad
521 1380 629 1416 certamen
641 1366 729 1421 honoris
739 1384 807 1422 amor,
818 1366 866 1415 illos

81 1452 154 1488 autem
166 1439 248 1499 ubique
261 1458 351 1497 regnans
364 1434 445 1488 invidia
457 1452 479 1488 et
492 1439 618 1488 dominandi
631 1439 729 1488 studium
741 1439 865 1504 inducebat.

84 1511 166 1559 luterea
180 1530 231 1560 vero
244 1511 298 1558 dum
311 1512 366 1559 inter
377 1511 529 1568 competitores
540 1511 568 1559 de
578 1510 692 1559 consulatu
703 1525 753 1560 ante
763 1511 866 1559 comicie-

82 1601 130 1630 rum
141 1583 199 1631 diem
210 1582 311 1631 omnibus
322 1583 404 1631 artibus
418 1595 541 1640 certaretur,
556 1583 627 1631 evenit
640 1582 696 1630 forte
710 1582 771 1642 quod
784 1583 866 1631 incerto

42 1657 69 1704 20
83 1668 133 1704 sunt
147 1668 234 1705 auctore
243 1673 352 1704 sermones
361 1657 384 1704 in
392 1655 446 1704 urbe
455 1657 522 1714 sparsi
531 1676 577 1705 esse
586 1656 623 1715 qui
633 1674 724 1714 regnum
732 1655 773 1704 sibi
782 1655 866 1703 occulte

81 1742 147 1786 paret.
165 1729 190 1777 ld
205 1729 275 1788 primo
286 1729 366 1777 sensim
376 1728 435 1788 apud
444 1749 524 1787 paucos
535 1728 613 1777 deinde
628 1747 717 1788 serpens
731 1728 792 1787 apud
809 1727 865 1777 mul-

80 1816 113 1849 tos
124 1803 146 1849 in
158 1802 304 1860 suspicionem
314 1822 339 1849 ac
351 1816 433 1850 metum
443 1802 579 1850 audientium
589 1802 673 1849 animos
684 1802 748 1849 traxit
759 1801 798 1848 sed
809 1802 865 1858 opti-

81 1887 147 1923 mates
162 1874 275 1933 presertim
286 1894 310 1922 ac
321 1894 396 1923 omnes
407 1874 487 1933 quibus
498 1893 531 1923 res
542 1873 629 1933 publica
640 1886 696 1923 esset
707 1892 756 1923 cara
766 1873 865 1923 excitavit

80 1960 104 1995 ut
119 1940 192 1996 oculos
210 1948 301 2005 aperiret
319 1949 412 2007 quisque
434 1961 561 2006 caveretque
579 1968 606 1995 ne
623 1960 711 2002 temere,
730 1961 755 1996 ut
772 1946 881 2003 solerent,

41 2019 67 2065 25
82 2020 160 2076 quietis
170 2021 241 2073 rebus,
251 2038 290 2077 per
298 2021 418 2081 amiciciam
427 2033 448 2067 et
458 2039 531 2077 preces
541 2021 563 2067 in
573 2019 673 2077 suffragia
682 2021 738 2067 irent
747 2019 785 2079 sed
794 2020 865 2067 consi-

80 2091 152 2139 derate
166 2112 190 2140 ac
205 2091 323 2150 prudenter
345 2091 476 2150 inspicerent
498 2091 578 2150 quibus
601 2091 700 2149 personis
722 2090 773 2139 anni
796 2089 864 2138 luturi

80 2164 191 2212 consulare
205 2164 322 2221 imperium
337 2163 498 2212 demandarent.

121 2235 223 2295 Denique
233 2235 294 2283 novis
305 2236 403 2284 creandis
413 2235 539 2283 consulibus
550 2236 573 2283 in
584 2235 709 2293 proximum
719 2254 803 2283 annum
813 2254 865 2283 cum

2 2315 4 2318 ’
64 2308 65 2311 ¹
79 2309 162 2358 adesset
177 2323 270 2367 tempus,
286 2310 376 2358 comicia
391 2330 403 2358 e
418 2327 485 2364 more,
501 2310 538 2367 qui
554 2321 614 2358 erant
629 2308 736 2364 consules,
752 2307 778 2357 L.
796 2307 864 2357 lulius

40 2379 67 2428 30
81 2380 159 2430 Caesar
169 2396 190 2431 et
202 2382 235 2431 M.
247 2381 340 2445 Martius
352 2380 440 2440 Figulus
451 2381 580 2430 habuerunt.
591 2381 639 2429 Nec
649 2400 715 2436 mora;
728 2381 804 2430 Cicero
815 2383 864 2440 qui·

79 2452 128 2502 dem
142 2453 251 2514 externplo
266 2452 373 2513 suffragiis
388 2453 471 2503 cunctis
486 2453 562 2503 consul
571 2453 715 2502 'renunciatus
731 2466 770 2503 est.
788 2453 863 2512 lpsurn

78 2528 136 2575 enim
151 2528 263 2576 consulem
274 2548 319 2575 non
331 2539 425 2576 extrema
436 2527 534 2575 tribuum
546 2526 647 2584 suffragia
659 2527 731 2575 dubiis
743 2546 768 2575 ac
779 2525 863 2584 frigidis

78 2600 155 2647 animis
171 2601 209 2649 sed
223 2600 288 2657 primi
303 2618 420 2648 concursus
435 2612 500 2658 atque
514 2601 628 2649 universus
643 2599 737 2658 populus
752 2599 862 2648 Romanus

78 2689 121 2719 una
141 2692 201 2727 voce,
222 2692 267 2719 uno
287 2671 361 2719 animo
382 2671 528 2726 nominarunt,
550 2671 697 2730 designarunt,
719 2670 862 2721 declararunt.

42 2787 180 2801 ’Ἢ-

76 2855 95 2900 4.
108 2859 132 2902 si.
187 2862 206 2905 7.
219 2859 250 2906 Ex
264 2860 358 2915 deiiceret
371 2878 420 2905 corr.
478 2858 508 2903 l5.
521 2859 624 2915 propalam
642 2861 663 2905 in
681 2872 750 2906 senatu
769 2872 789 2905 et
807 2868 820 2906 ί.
840 2880 863 2913 r.;

38 2930 78 2965 aar
92 2923 112 2968 in
128 2924 158 2981 (Ρ)
173 2936 241 2972 senatu
256 2924 364 2980 propalam.
