2093 3253
192 153 194 158 ⁸
256 140 530 172 sculptorum-tutusrnruat
543 155 557 158 -
571 143 629 173 LIBER
645 144 667 172 11.
846 130 873 174 47

88 253 190 317 petebant
204 258 277 318 ipsum
287 256 378 306 Sillanii.
389 256 495 315 Smyrniis
505 270 578 306 autem
587 269 673 305 tantum
681 255 755 311 animi,
766 256 873 312 desiderii,

87 327 170 380 ardoris
179 330 220 379 luit
229 329 353 379 Homerum
360 341 425 378 suum
434 330 536 388 appellari
547 330 616 378 civem
625 335 653 378 ut*
658 329 775 378 delubrum
784 330 825 378 sibi
834 350 874 388 pro

41 436 42 440 =
84 416 147 452 certo
160 403 284 451 testimonio
298 422 322 449 ac
336 402 467 459 sempiterna
481 403 585 450 memoria
603 423 615 450 e
634 401 722 462 publico
742 401 872 450 dedicarent.

130 474 254 523 Delubrum
261 495 314 529 esse,
322 487 347 523 ut
354 475 460 524 Asconius
469 481 583 530 memorat
589 475 679 533 quidam
686 475 744 523 idem
752 474 812 532 quod
819 486 874 523 tem-

62 550 74 598 5
90 549 152 606 plum
163 547 245 595 dicunt.
257 548 331 606 Aliqui
343 547 429 595 differre
440 549 470 595 ita
481 560 558 605 putant
570 560 594 595 ut
605 548 712 605 templum
724 547 813 605 singulis
825 547 873 601 diis,

41 651 43 656 ι
89 619 205 667 delubrum
218 619 291 668 multis
304 619 429 667 attribuant.
442 620 485 668 Alii
499 619 588 668 delubra
598 631 645 668 esse
655 619 701 668 loca
712 620 735 667 in
745 619 826 677 quibus
836 618 874 666 ab·

42 723 44 726 -
89 690 167 737 luenda
181 691 209 737 ad
227 708 317 748 corpora
336 709 396 739 more
410 690 511 738 Dodonei
528 691 584 739 lovis
598 703 636 756 aut
649 691 756 747 Apollinis
771 690 873 747 Delphici

55 805 57 809 ,
90 762 186 821 tripodes
200 782 225 812 ac
237 762 317 812 lebetes
330 763 440 813 haberent.
457 762 534 812 Cicero
545 775 619 812 autem
631 763 658 828 de
670 762 766 822 Legibus
778 761 874 811 scribens

91 836 163 884 locum
175 856 221 884 esse
233 849 351 895 utrumque
363 829 465 885 colendos
476 836 504 884 ad
517 837 575 891 deos,
588 836 627 885 sed
638 836 745 895 templum
757 834 875 894 parietibus

53 909 78 957 10
92 908 190 956 clausum
201 929 255 963 esse,
270 909 386 957 delubrum
398 927 449 957 vero
461 921 536 968 patens
548 921 570 957 et
581 922 680 967 apertum
692 909 753 957 dixit.
766 908 875 957 Memorat

91 1001 179 1041 quoque
194 982 307 1031 Persarum
317 1002 390 1041 magos
401 983 448 1031 loco
459 984 540 1041 patenti
551 995 572 1031 et
581 995 656 1040 aperto
666 983 734 1031 solere
744 983 814 1031 colere
823 982 875 1030 deos

90 1068 155 1113 atque
167 1056 196 1103 ob
206 1075 255 1103 eam
266 1074 312 1103 rem
322 1056 421 1109 Xersem,
433 1057 547 1104 Persarum
558 1074 638 1112 regem,
649 1055 794 1122 inflammasse
806 1054 875 1102 Grae-

91 1146 167 1175 corum
177 1128 264 1185 templa,
276 1128 336 1186 quod
347 1127 406 1176 nelas
418 1141 503 1185 putaret
513 1128 631 1186 parietibus
642 1128 714 1176 claudi
725 1128 784 1182 deos,
795 1127 875 1185 quibus

91 1212 164 1258 aperta
178 1212 199 1247 et
214 1193 309 1258 petentia
323 1201 395 1248 omnia
412 1220 458 1248 esse
474 1199 585 1248 deberent.
601 1200 665 1248 Adde
680 1200 748 1260 quod,
764 1213 789 1258 ut
804 1199 876 1257 inquit

54 1274 78 1321 15
93 1272 207 1327 Asconius,
223 1292 247 1320 ea
260 1292 312 1331 gens
325 1273 501 1332 haudquaquam,
514 1286 539 1322 ut
552 1273 627 1341 populi
640 1274 724 1328 caeteri,
739 1272 791 1321 deos
803 1271 876 1330 plures

92 1345 130 1393 sed
145 1344 211 1393 deum
226 1345 292 1394 modo
306 1365 376 1394 unum
386 1345 504 1399 crederent,
516 1347 550 1394 cui
562 1345 620 1393 nulla
630 1346 653 1393 in
663 1346 725 1393 terris
736 1345 816 1404 templa
826 1344 876 1392 ideo

93 1416 205 1464 condenda
216 1437 262 1464 esse
272 1429 380 1476 putarent,
391 1418 451 1476 quod
461 1417 502 1465 sibi
512 1418 548 1465 vix
559 1418 654 1465 mundus
664 1418 711 1476 ipse
721 1416 835 1464 sufficeret.

135 1489 179 1538 Sed
190 1490 218 1538 ad
229 1491 366 1549 propositum
377 1501 516 1540 revertamur.
530 1491 555 1539 ln
566 1503 623 1539 terra
634 1510 722 1550 quoque
736 1489 796 1538 ltalia
807 1489 875 1538 honos

93 1563 162 1620 poetis
177 1575 209 1609 est
223 1562 309 1611 habitus
325 1583 423 1621 magnus.
438 1564 520 1611 Romae
534 1576 614 1617 autem,
630 1583 685 1621 quae
699 1563 757 1611 orbis
773 1575 838 1620 caput
852 1583 876 1610 ac

50 1634 81 1681 20
95 1652 168 1682 rerum
182 1635 282 1693 princeps
291 1647 354 1688 esset,
364 1647 385 1682 et
394 1634 479 1683 civitate
488 1647 510 1682 et
519 1635 589 1683 laurea
599 1634 672 1682 donati
682 1647 740 1682 sunt.
750 1633 810 1689 Quid
818 1634 877 1681 enim

50 1714 52 1717 '
93 1708 161 1756 maius
177 1706 245 1756 Roma
258 1707 299 1756 illis
312 1709 383 1766 potuit
395 1707 478 1766 elargiri
491 1727 557 1766 quam
569 1708 679 1757 civitatem
692 1733 721 1739 -
735 1728 760 1755 ac
772 1728 795 1756 se
807 1709 876 1765 ipsam

91 1781 201 1828 civitatem
210 1801 265 1840 quae
274 1781 359 1839 imperii
369 1781 449 1829 summi
458 1781 595 1830 domicilium
603 1802 628 1829 ac
637 1780 699 1829 sedes
709 1793 765 1829 esset
774 1806 803 1812 -
811 1801 877 1839 quam
900 1824 902 1840 2

92 1850 175 1911 insigne
189 1872 281 1902 coronae
296 1853 386 1909 laureae,
402 1874 469 1913 quam
483 1852 554 1903 solum
569 1853 735 1913 imperatoribus
750 1853 876 1912 eisdemque

92 1925 284 1984 triumphantibus,
295 1939 320 1973 ut
331 1925 388 1974 lelici
400 1945 422 1973 re
434 1939 493 1984 gesta
503 1926 655 1975 reviviscerent
666 1939 772 1985 perpetuo
783 1926 876 1991 nominis

52 1998 80 2046 25
96 1998 159 2055 lama,
175 1999 250 2048 daret?
270 1999 367 2048 Laurum
387 2000 452 2055 enim,
472 1999 533 2059 quod
552 2000 642 2049 virescat
661 2019 754 2059 semper,
773 1999 877 2059 Apollini,

93 2072 209 2129 sapientiae
224 2072 272 2127 deo,
286 2073 424 2121 consecrabat
436 2072 543 2130 gentilitas
556 2074 654 2131 tantique
666 2072 758 2139 faciebat
771 2074 841 2131 ipsam
853 2086 877 2120 ut

94 2162 173 2210 corona
182 2145 228 2212 eius
238 2144 354 2203 donaretur
364 2145 433 2192 modo
440 2146 477 2203 qui
487 2152 525 2193 aut
534 2138 598 2202 poeta
607 2145 705 2202 egregius
715 2148 771 2192 esset
778 2148 818 2192 ‘aut
827 2144 877 2191 belli

54 2232 55 2236 ’
94 2217 139 2265 dux
150 2215 241 2265 ‘illustris
252 2237 277 2265 ac
288 2216 353 2265 rebus
365 2217 429 2276 gestis
442 2217 541 2266 maximis
552 2217 703 2276 triumpharet,
715 2216 786 2266 Ennio
797 2229 876 2271 autem,

54 2308 56 2310 ’
94 2290 132 2347 qui
146 2288 278 2337 Tarentinus
288 2303 344 2337 esset
354 2289 413 2343 civis,
424 2303 487 2347 poeta
496 2309 548 2338 vero
557 2290 749 2340 excellentissimus
759 2301 877 2346 putaretur,

52 2361 81 2409 30
95 2362 169 2411 civitas
184 2361 238 2411 dum
253 2362 334 2410 viveret
349 2362 398 2411 data
413 2375 453 2411 est.
469 2361 572 2411 Mortuus
587 2374 661 2411 autem
675 2360 840 2424 etScipionum
855 2361 877 2409 in

93 2432 210 2493 sepulchro
216 2428 298 2492 positus
307 2447 329 2482 et
337 2433 438 2483 laudibus
447 2434 530 2492 magnis
538 2446 560 2483 et
568 2435 702 2483 marmoratis
711 2433 829 2483 celebratus
838 2445 877 2482 est.

88 2617 104 2653 4.
117 2618 143 2654 Ps.
156 2617 215 2654 Asson.
229 2618 266 2655 Dio.
280 2624 295 2656 ln
308 2617 354 2655 Coec·
367 2629 378 2663 3
391 2619 415 2662 (1³-
431 2618 460 2655 llll
476 2618 518 2662 Or).
569 2617 585 2654 8.
594 2617 629 2656 Cic.
638 2620 675 2668 Leg.
684 2617 704 2655 ll.
715 2617 743 2654 26.
795 2617 902 2676 15003(εοἸ
948 2634 950 2638 ’

53 2689 105 2720 neque
117 2677 161 2720 apud
173 2677 232 2715 Ascon.
246 2691 298 2722 neque
311 2678 355 2721 apud
367 2679 393 2716 Ps.
406 2678 465 2715 Ascon.
478 2679 537 2715 inveni
560 2711 562 2713 ,

97 2836 112 2879 l.
127 2836 157 2881 Ex
171 2836 276 2890 Smiryniis
290 2855 339 2881 corr.
353 2840 421 2894 (eriam
435 2844 455 2882 in
466 2837 565 2892 indice)0
583 2838 713 2893 SmyeniisH
729 2840 810 2884 Smirini
819 2859 879 2885 suum

53 2918 95 2945 esse
108 2904 206 2949 affirmant
220 2905 247 2951 Η.
303 2904 321 2948 Ζ,
336 2922 395 2949 suum
408 2923 454 2949 eser.
