2093 3253
159 189 186 239 20
295 199 296 202 ’
457 207 549 240 sicconis
563 208 681 240 rotnvrour
750 217 751 220 =
822 221 823 224 =

245 324 354 383 Deinceps
369 322 488 374 videndum
503 335 535 372 est
550 343 622 383 quoe
637 322 696 372 fonte
712 335 763 373 sunt
777 336 833 373 artes
848 323 946 373 liberales
961 344 986 372 ac

171 400 172 403 ’
204 390 314 448 doctrinae
328 399 423 448 haustae.
437 397 525 456 Quippe
539 399 611 457 generi
625 397 834 447 humanossusumvet
847 398 951 457 loquendi
965 411 986 446 et
1040 397 1045 421 ²

204 471 312 520 scribendi
324 472 353 519 ita
361 483 447 536 veteres
459 470 526 518 nostri
539 470 577 529 qui
589 488 662 519 rerum
673 471 764 519 istarum
775 484 826 519 sunt
838 471 901 529 periti
914 470 986 520 distri·

205 543 275 593 buunt
290 543 350 604 quod
364 541 430 593 alium
442 562 488 591 esse
499 562 645 600 communem,
657 542 724 592 alium
735 542 845 593 liberalem
855 563 880 592 ac
892 543 986 602 peritum

178 619 190 667 5
206 617 279 667 velint.
295 617 393 666 Utuntur
401 616 511 664 communi
520 616 604 675 vulgus,
613 616 673 676 quod
681 614 782 675 imperita
790 616 904 665 hominum
912 616 986 665 multi·
1041 663 1043 679 ᾗ

187 707 189 711 ’
204 691 258 739 tudo
272 703 309 739 aut
323 690 442 739 litterarum
453 689 481 738 sit
492 690 563 738 nescia
574 709 662 747 prorsus
673 703 711 738 aut
722 702 823 738 contenta
834 689 900 737 modo
911 689 985 747 figuris

204 764 291 821 negocia
302 761 384 811 factitet
395 782 440 817 sua,
452 780 550 810 sermone
560 774 633 810 autem
644 763 713 821 patrio
721 775 743 811 et
753 761 854 821 loquatur
865 775 887 810 et
898 762 984 812 scribat.
1042 757 1046 794 .'

203 835 267 885 Pauci
282 855 340 892 vero,
357 855 412 896 quos
429 855 511 895 aequus
528 836 606 884 amavit
625 836 722 894 Iuppiter
739 847 760 884 et
776 836 854 885 ardens
871 836 941 884 evexit
957 836 985 885 ad

203 908 289 959 aethera
298 909 374 965 virtus,
385 910 477 967 optimas
488 908 648 967 amplectuntur
658 909 765 973 doctrinas
776 922 841 968 atque
851 910 880 957 ita
890 909 985 968 loquun-

162 982 189 1029 10
203 991 245 1035 tur,
260 981 364 1035 scribunt,
379 981 475 1028 sentiunt
488 992 513 1029 ut
527 992 610 1028 caetero
624 1000 637 1028 a
650 981 732 1039 populo
746 981 849 1039 segregati
864 1000 910 1028 esse
923 997 985 1039 prae-

203 1066 302 1114 stareque
319 1052 420 1102 omnibus
436 1052 515 1112 lingua,
533 1053 628 1110 scientia,
645 1053 742 1103 moribus
758 1053 879 1103 videantur.
895 1053 985 1103 Studio-

205 1147 254 1176 rum
267 1140 341 1177 autem
355 1128 438 1187 generis
450 1128 513 1176 huius
525 1129 543 1175 si
555 1128 660 1186 originem
666 1128 802 1194 quaerimus,
814 1148 839 1176 ea
851 1126 985 1176 Graecorum

203 1202 309 1249 industria
322 1201 356 1249 vel
369 1203 456 1249 inventa
469 1200 503 1248 vel
516 1213 579 1248 aucta
591 1213 759 1259 conservataque
772 1205 797 1248 ac
809 1201 914 1248 illustrata
927 1212 985 1249 sunt.

205 1272 322 1322 Oratorum
331 1291 417 1330 nanque
426 1273 526 1331 princeps
536 1273 612 1322 Cicero
621 1273 756 1331 eloquentiae
764 1294 789 1321 ac
798 1273 897 1321 omnium
905 1273 985 1320 doctri-

166 1347 190 1396 15
205 1366 282 1396 narum
296 1345 409 1396 Graeciam
423 1346 461 1395 sed
474 1347 602 1395 nominatim
615 1346 710 1414 Athenas
723 1347 852 1395 inventrices
860 1346 920 1397 dicit.
928 1345 985 1394 Pris-

205 1420 260 1469 ciani
275 1440 362 1480 quoque
376 1420 500 1468 testimonio
509 1432 592 1469 constat
601 1416 747 1479 eloquentiam
755 1440 780 1468 ac
789 1440 854 1469 omne
863 1420 985 1469 studiorum

204 1514 271 1550 genus
288 1494 348 1551 quod
364 1493 480 1550 sapientiae
496 1493 544 1551 luce
560 1492 692 1551 praefulgeat
709 1493 843 1541 Graecorum
859 1512 871 1540 e
887 1492 984 1541 tontibus

203 1560 324 1614 deiivatum
334 1586 391 1626 ¹esse.
402 1564 463 1623 Quae
474 1564 514 1613 etsi
525 1565 571 1615 istis
583 1564 669 1615 duobus
680 1586 693 1614 a
703 1565 761 1621 viris,
769 1564 878 1614 Prisciano
885 1586 910 1614 ac
921 1562 984 1614 Cice-

203 1659 262 1694 rone,
278 1640 383 1695 dicantur‚
399 1639 479 1688 hahent
493 1652 566 1688 tamen
581 1640 618 1698 qui
634 1639 825 1698 haudquaquama
839 1637 928 1687 Graecis
938 1639 984 1693 sed,

161 1714 190 1760 20
205 1713 389 1770 quemadmodum
404 1712 431 1759 de
447 1712 522 1759 litteris
539 1713 640 1766 diximus,
657 1713 686 1758 ita
703 1713 810 1772 doctrinas
827 1711 878 1759 alias
894 1712 922 1758 ab
938 1710 984 1758 aliis

164 1805 188 1813 ··
203 1777 308 1842 proiectas
317 1782 547 1843 putent.Tranquillus
553 1783 619 1839 enim,
625 1783 663 1843 qui
669 1784 734 1832 etiam
740 1782 856 1833 Suetonius
865 1780 984 1842 appellatus

203 1870 242 1912 est,
254 1857 289 1904 ¹vir
304 1857 385 1916 quippe
402 1856 425 1904 in
443 1855 603 1916 perscrutandis
620 1856 667 1905 istis
684 1857 817 1915 permaxime
833 1869 946 1905 accuratus
963 1870 985 1904 et
1009 1875 1010 1878 ’

201 1929 280 1988 politus
295 1930 392 1988 scriptor,
405 1942 432 1985 et,
445 1929 482 1988 qui
493 1929 556 1988 longe
567 1942 617 1978 ante
627 1929 676 1984 fuit,
687 1929 813 1978 Aristoteles
824 1930 878 1988 ipse,
889 1928 984 1988 philoso-

203 2003 297 2060 phorum
312 2016 383 2061 caput,
398 2022 423 2050 ac
438 2002 500 2051 multi
516 2003 551 2051 alii
567 2004 696 2050 ornatissimi
712 2015 734 2051 et
748 2003 867 2051 doctissimi
882 2004 922 2051 viri
937 2022 985 2050 om·

160 2077 189 2126 25
205 2077 266 2124 nium
280 2076 414 2124 laudatarum
428 2076 507 2123 artium
521 2076 685 2133 procreatricem
699 2095 746 2123 esse
760 2087 781 2122 et
795 2075 856 2134 quasi
872 2086 984 2134 parentem

203 2149 327 2208 Aegyptum
341 2148 445 2198 scribunt.

245 2222 320 2278 Itaque
337 2222 451 2269 ordiamur·
462 2221 490 2268 ab
507 2241 531 2268 ea
548 2241 603 2278 quae
620 2222 789 2280 haudquaquam
805 2222 929 2269 inventione
945 2222 984 2269 sed

202 2293 277 2341 ordine
291 2293 360 2350 prima
373 2293 439 2341 venit.
453 2291 507 2340 Fam
520 2292 592 2341 Greco
606 2314 617 2340 e
628 2293 716 2341 nomine
726 2293 888 2351 grammaticam
898 2306 982 2343 vocant⁴

205 2367 280 2414 Isidori
299 2367 388 2424 quidem
406 2366 511 2414 sententia
529 2379 561 2414 est
578 2367 700 2415 inventores
718 2364 784 2415 hrisse
803 2367 866 2415 huius
885 2367 922 2425 qui
940 2367 984 2414 iam

159 2439 188 2488 30
203 2439 310 2487 doctrinas
325 2439 416 2498 reliquas
432 2438 584 2496 percepissent.
608 2439 633 2487 Id
653 2451 726 2486 autem
746 2451 808 2497 putet
828 2459 899 2493 nemo,
928 2450 983 2490 artes

197 2626 213 2662 ὃ.
226 2626 253 2663 Cf.
265 2627 314 2670 Verg.
326 2629 367 2666 Aen.
380 2624 408 2661 VI.
424 2625 506 2663 129-130.
558 2627 584 2666 14,
597 2626 632 2664 Cic.
645 2629 669 2666 De
684 2627 714 2665 Or.
728 2627 740 2667 1,
752 2627 777 2664 15.
830 2621 856 2664 15ss
864 2627 913 2665 Prisc.
922 2628 962 2666 Inst.
971 2628 985 2666 1.

163 2688 168 2725 1
184 2687 205 2733 (I,
217 2703 234 2731 p.
249 2688 263 2725 1.
279 2687 284 2724 1
301 2687 330 2734 Κ).
381 2686 410 2724 21,
423 2686 460 2725 Hoc
471 2702 504 2724 non
516 2688 577 2725 inveni.
627 2688 655 2725 23.
667 2688 717 2726 Arist.
731 2688 766 2727 Pet.
782 2688 826 2726 1329
839 2687 850 2724 h
863 2687 886 2726 32
898 2688 928 2734 (ct.
940 2687 984 2726 Gett.

160 2748 191 2786 Χ1.
206 2748 232 2784 18.
247 2748 405 2791 16:1‹Arist0nisnt
455 2748 483 2784 29.
497 2748 535 2785 Iside
547 2748 599 2793 Elym.
613 2748 625 2784 1.
639 2750 655 2785 5.
671 2749 684 2784 1.

203 2915 232 2961 19.
249 2917 323 2962 hahent
341 2933 405 2961 errore
423 2929 459 2968 pro
477 2927 530 2960 sunt.
595 2916 625 2960 19.
643 2916 691 2960 Post
709 2917 745 2971 qui
763 2931 807 2969 exp.
826 2916 859 2964 has
879 2915 984 2963 doctrinas.

158 2982 192 3028 24,
207 2981 263 3027 multi
278 2988 291 3028 i.
302 3001 318 3028 r.
331 2983 351 3028 O
366 2984 417 3037 (erut
430 2980 538 3038 plurique);
551 2981 644 3038 plurique
660 2981 687 3027 H.
728 2995 730 2997 “
