2093 3253
251 200 382 232 scaurorum
396 194 521 231 uuusrmuu
534 213 548 218 -
562 200 620 231 ιιιιι
632 201 660 231 ιι.
828 186 868 231 317
936 236 938 241 ,

84 315 144 363 Haec
156 315 269 368 sententia,
281 327 329 363 turn
341 315 402 373 quod
413 334 459 362 esse
471 315 544 363 mitior
555 315 671 372 videretur,
684 329 732 363 tum
744 315 810 373 quod
816 313 870 362 nulli

85 408 133 435 non
143 379 260 434 adessent
257 387 295 446 qui
308 387 391 455 privata
395 377 580 456 necessitudine
577 388 645 471 captis
658 400 680 436 et
693 385 805 435 Catilinae
811 385 870 435 lave·

86 474 133 510 rent
147 464 172 523 ac
187 457 334 527 metuentibns
347 453 432 528 metam
441 474 545 519 augerent
556 481 584 510 ne
595 461 669 510 animo
681 462 732 510 satis
743 459 795 509 lorti
807 461 869 510 dam-

59 551 61 553 ’
84 552 135 595 nare
149 545 223 591 captos
238 520 349 602 auderent,
364 525 481 601 possetque
495 534 589 584 multum
603 534 696 584 dicendo
710 528 783 589 Cesar,
798 546 869 584 toturn

58 610 70 658 5
85 599 154 654 ferme
166 603 266 654 senatum
276 597 354 655 mouit.

126 678 204 728 Cicero
217 691 294 728 autem
310 691 335 728 ut
353 664 424 728 labare
443 691 503 729 metu
521 680 606 729 animos
623 693 711 746 patrum
729 680 803 736 sensit,
821 679 869 729 illos

85 753 182 811 primum
196 751 303 801 exhortari
320 751 349 819 ad
373 752 517 801 constantiam
535 765 556 802 et
573 751 724 802 tortitudinem
741 766 765 802 ut
782 754 870 813 patriae,

85 839 110 873 ut
124 824 186 873 sibi
180 825 240 895 rpsis‚
259 838 284 873 ut
303 820 347 872 siris
355 819 514 895 ιοιιιιιςιιιιιει
523 825 603 879 liberis,
622 824 715 873 fortunis
734 827 871 875 consulerent

87 909 176 945 conatus
191 909 231 944 est.
251 896 337 963 Deinde
355 896 484 945 sententiam
502 885 624 954 utramque,
643 888 703 965 quod
717 897 787 946 altera
805 898 871 952 mitis,

49 965 73 1019 ιιι
87 967 153 1018 altera
166 981 213 1017 tuta
227 982 289 1024 esset,
304 959 336 1016 ita
347 962 442 1018 laudavit
456 958 517 1027 quod
530 970 623 1036 tenenda
637 990 693 1028 quae
707 969 788 1037 Syllani
802 969 872 1019 luerat

86 1042 202 1091 videretur.
218 1041 273 1090 Rem
288 1041 353 1090 modo
368 1063 412 1090 non
428 1040 539 1090 differrent
550 1042 588 1089 sed
598 1063 730 1101 quocunque
745 1042 872 1091 inclinarent
929 1051 931 1053 ’

87 1116 170 1164 animos
185 1115 215 1169 id,
231 1116 358 1196 priusquam
373 1131 416 1163 nox
430 1115 520 1169 veniret,
547 1107 687 1164 decernerent
713 1117 815 1182 exoravit

128 1180 220 1236 Senatus
235 1206 286 1236 vero
301 1187 393 1236 maxima
407 1205 456 1246 pars
470 1200 535 1246 atque
550 1186 675 1246 Syllanus
663 1193 721 1256 ipse
734 1188 757 1236 in
776 1188 875 1237 Caesaris·
941 1200 942 1203 ’

87 1261 223 1314 sententiam,
237 1261 297 1319 quod
309 1272 365 1308 esset
377 1261 457 1316 mitior,
471 1260 603 1330 declinabat,
612 1281 663 1309 nec
661 1248 757 1328 dubium
769 1274 815 1310 erat
826 1260 873 1310 lore

50 1335 73 1383 l5
89 1334 149 1392 quod
163 1353 211 1382 eam
225 1333 249 1381 in
263 1334 392 1383 sententiam
407 1347 437 1383 et
442 1345 513 1391 patres
528 1324 550 1383 et
561 1331 685 1400 Syllanus
680 1348 751 1383 irent.
750 1334 874 1384 Enimvero

88 1405 188 1462 Syllanus
202 1407 332 1471 sententiam
344 1425 356 1453 a
369 1413 392 1453 se
405 1406 501 1459 dictam,
500 1396 588 1463 quod
579 1425 627 1453 eam
638 1419 725 1466 mutare
736 1427 780 1454 non
793 1407 873 1460 liceret,

88 1498 112 1525 ea
127 1497 178 1526 cum
193 1465 340 1526 moderatione
356 1468 439 1527 dictam
452 1497 498 1533 esse
513 1461 695 1544 interpretabatur
717 1478 778 1537 quod
796 1478 875 1527 dixisse

89 1570 136 1619 reos
152 1540 321 1632 haudquaquam
335 1552 443 1599 necandos
458 1538 531 1618 subito
545 1551 591 1598 sed
594 1550 627 1598 uti
637 1551 725 1632 sentiret
736 1550 815 1599 Caesar
826 1570 875 1608 per·

89 1616 155 1683 petuo
169 1623 192 1669 in
205 1640 290 1686 carcere
303 1611 416 1670 tenendos
422 1621 607 1671 videretur.
628 1629 630 1632 ’

50 1685 77 1743 20
134 1695 189 1744 Cato
203 1708 283 1750 autem,
295 1715 333 1753 qur
327 1695 431 1744 Stoicus
447 1705 500 1744 erat
507 1694 686 1754 philosophus
666 1713 742 1753 virque
757 1696 875 1745 severitatis

90 1781 110 1816 et
121 1767 230 1827 gravitatis
242 1777 346 1823 summae,
354 1768 443 1817 tandem
459 1788 471 1816 a
482 1767 571 1834 consule
582 1767 653 1834 dicere
664 1769 793 1817 sententiam
804 1789 830 1818 ex
842 1788 877 1816 or-

90 1842 148 1896 dine
159 1841 220 1899 quod
230 1852 289 1890 esset
296 1841 329 1889 vir
339 1842 471 1899 praetorius,
478 1855 565 1899 rogatus
576 1853 615 1889 est.
628 1841 648 1889 ls
660 1861 715 1909 quae
726 1841 783 1889 dicta
793 1855 854 1890 erant
864 1863 877 1889 a

91 1910 182 1964 Caesare
197 1908 403 1981 vehementissime
397 1915 540 1972 impugnavit.
553 1913 644 1977 Censuit
655 1915 714 1963 enim
725 1915 748 1963 in
759 1902 876 1972 puniendis

89 1988 136 2035 istis
150 1985 188 2047 qur
182 1973 336 2036 bonorum
318 1988 399 2050 civium
410 1988 487 2036 domos
497 2007 522 2035 ac
533 1974 624 2052 deorum
635 1986 716 2055 templa
726 1996 833 2042 evertere,
839 1988 877 2045 qui

50 2061 77 2108 25
92 2060 226 2119 locupletum
241 2048 409 2119 opesdiripere,
426 2049 464 2118 qui
480 2060 557 2108 urbem
575 2047 697 2114 incendere,
713 2061 751 2119 qui
766 2060 878 2109 consulem

90 2154 115 2182 ac
129 2146 229 2195 senatum
243 2133 358 2198 trucidare,
368 2149 369 2152 ¹
378 2134 416 2192 qui
427 2140 482 2180 rem
501 2132 612 2191 publicam
631 2132 709 2186 delere,
725 2132 767 2191 qui
788 2152 878 2198 regnum

91 2202 197 2269 occupare
214 2204 348 2260 statuerant,
358 2205 550 2260 nullam⁴moram3=
567 2204 649 2254 nullam
666 2206 775 2270 pietatem,
794 2205 876 2255 nullam

91 2274 269 2335 misericordiam,
284 2278 366 2329 nullam
379 2276 490 2328 lenitatem
504 2278 626 2329 habendam
639 2299 693 2335 esse,
707 2278 746 2328 sed
758 2296 876 2361 properan-

92 2355 144 2401 dam
158 2353 234 2401 necem
250 2354 348 2412 ipsorum
363 2366 429 2414 atque
445 2372 471 2400 eo
488 2353 556 2412 magis
572 2352 731 2417 properandam
747 2353 843 2417 quod
823 2354 878 2400 vivis

51 2425 79 2472 30
93 2425 135 2472 illis
150 2424 204 2473 nihil
220 2424 301 2479 auxilii,
318 2424 372 2480 nihil
389 2423 478 2472 consilii
490 2424 564 2472 haberi
581 2424 618 2471 ad
625 2423 716 2473 salutem
733 2443 763 2472 rer
757 2423 880 2483 publicae

92 2498 185 2546 occulte
191 2510 271 2556 posset.
276 2497 384 2556 Denique
394 2509 494 2545 senatum
504 2518 530 2545 eo
540 2496 641 2555 perduxit
652 2494 757 2545 sententia
766 2518 792 2544 ac
789 2496 879 2545 exhor

92 2567 174 2621 tatione
184 2587 223 2620 sua
234 2584 259 2619 ut
270 2572 381 2620 decretum
392 2571 465 2620 subito
476 2559 537 2620 heret
548 2571 609 2629 quod
620 2571 647 2619 de
657 2571 775 2637 captisqui
787 2568 880 2619 confessi

93 2643 170 2702 essent
180 2662 240 2691 more
251 2639 357 2708 maiorum
368 2642 501 2701 supplicium
511 2640 640 2690 sumeretur.
652 2643 699 2690 Hac
710 2643 768 2689 enim
779 2643 807 2689 de
817 2660 841 2689 re
851 2644 881 2689 ita

94 2730 126 2765 est
141 2715 196 2766 Cato
205 2715 291 2765 locutus
300 2722 325 2764 ut
334 2729 421 2765 senatus
430 2712 476 2764 lere
484 2728 543 2765 totus
554 2714 599 2764 eius
607 2715 737 2765 'sententiam
747 2727 883 2774 sequeretur..

53 2787 80 2836 35
95 2789 177 2839 Contra
187 2808 239 2838 vero
249 2788 308 2839 solus
319 2801 364 2837 erat
375 2788 461 2838 Caesar.
475 2788 495 2837 ιε
506 2809 592 2847 nanque
603 2784 662 2837 haud
672 2786 824 2837 lacileCatoni
835 2809 883 2837 ces-

54 2906 196 2914 w

93 2975 113 3018 4.
127 2983 234 3028 possetque
248 2972 334 3018 multum
348 2972 432 3017 dicendo
448 2978 460 3016 ι’.
474 2990 490 3017 r.
