2093 3253
134 609 242 658 Srccouu
257 604 389 656 Pommour
405 605 474 655 Lram
490 604 637 655 Scaurorum
654 603 792 653 lmusmruru

149 694 251 742 Livium
270 692 375 741 meum
389 690 507 740 Sucuunus
520 690 628 739 Exrrrcu
643 705 669 738 rr
688 689 777 739 lucum
798 701 799 704 ’

194 777 293 827 Tannus
308 792 337 826 m
353 776 439 827 Fruuu
454 775 597 825 Porrnonuu
616 774 732 824 Frucum

133 984 274 1036 absolvimus
289 983 394 1033 Ovidium
408 996 430 1032 et
444 982 568 1032 Martialem
583 982 693 1041 Coquum,
707 994 781 1040 poetas
795 983 878 1041 quippe

51 1056 53 1058 i
92 1059 185 1107 illustres
200 1077 225 1105 ac
240 1076 280 1105 suo
294 1058 317 1104 in
332 1074 410 1113 genere
424 1056 559 1109 excellentes,
575 1056 679 1113 superiori
694 1055 757 1110 libro,
772 1056 878 1112 Polydore

94 1132 124 1178 mi
139 1130 265 1178 suavissime
276 1128 314 1176 fili.
328 1127 377 1175 Hoc
388 1140 461 1176 autem
473 1126 529 1176 libro
541 1119 787 1186 memorare'Viirgilium
799 1139 827 1182 et,
840 1127 878 1186 qui

93 1205 139 1254 eius
154 1216 348 1261 contemporaneus
356 1200 404 1257 luit,
413 1200 529 1250 Horatium
536 1201 658 1250 statuimus.
666 1199 774 1260 Equidem
781 1200 878 1250 dicemus
886 1227 888 1229 v

67 1279 80 1326 5
96 1277 123 1325 de
138 1277 190 1335 ipsis
203 1295 228 1323 ac
241 1276 337 1330 caeteris,
356 1294 427 1332 neque
440 1292 491 1322 vero
504 1274 597 1322 nimium
610 1272 672 1321 multi
685 1287 736 1321 sunt
749 1274 787 1332 qui
800 1272 879 1322 deinde

94 1350 149 1399 hanc
163 1369 234 1408 usque
249 1361 345 1397 nostram
358 1346 387 1396 ad
401 1347 528 1396 memoriam
542 1344 592 1396 clari
607 1360 683 1407 poetae
698 1345 770 1396 Latini
784 1346 879 1396 nominis

95 1422 221 1471 floruerunt.
425 1417 427 1419 ’

136 1494 180 1544 Sed
195 1494 321 1554 purgandus
336 1505 368 1542 est
386 1494 483 1553 primum
502 1493 562 1542 locus
580 1494 627 1548 iste,
646 1513 674 1541 ne
691 1493 745 1541 vitio
763 1494 879 1553 quisquam

94 1567 157 1615 nobis
171 1566 275 1615 attribuat
285 1587 310 1615 ac
320 1566 453 1621 criminetur,
465 1565 525 1625 quod
535 1565 602 1613 veluti
613 1565 674 1613 obliti
684 1586 710 1613 ac
720 1567 787 1614 nescii
798 1566 880 1614 ordinis

56 1641 82 1687 10
97 1640 284 1698 praeposuerimus
300 1652 321 1687 et
336 1638 447 1687 Nasonem
470 1651 500 1687 et*
516 1638 639 1687 Martialem
662 1637 766 1697 Coquum
789 1638 880 1687 Horatio

94 1725 159 1770 atque
174 1712 272 1769 Virgilio,
285 1713 323 1770 qui
336 1725 407 1760 essent
419 1725 469 1760 ante
482 1711 529 1759 illos
542 1732 593 1759 cum
606 1724 704 1769 tempore
716 1725 764 1761 tum
777 1712 881 1777 dignitate

95 1784 199 1842 ponendi.
214 1782 301 1844 Nempe
312 1784 337 1833 id
349 1783 457 1833 oblivione
469 1804 514 1832 non
526 1783 592 1839 venit,
605 1783 644 1832 sed
655 1781 746 1833 lecimus
759 1783 819 1833 ducti
830 1802 881 1842 per·

87 1859 196 1923 suasione
210 1858 300 1907 Antonii
317 1857 441 1914 Baratellae,
458 1857 553 1907 concivis
569 1857 665 1907 Patavini
682 1858 757 1914 nostri,
774 1858 813 1917 qui
829 1877 881 1907 sane

95 1931 248 1989 grammaticus
263 1943 295 1979 est
305 1931 381 1979 doctus
391 1942 456 1990 atque
466 1929 567 1978 facilitate
577 1931 640 1978 metri
649 1929 742 1979 laciendi
751 1949 820 1989 prope
828 1930 882 1979 alter

58 2001 82 2050 l5
98 2001 198 2051 Ovidius.
213 2002 284 2051 Nobis
294 1994 400 2051 autemid
410 2003 471 2061 sequi
481 2002 596 2051 consilium
606 2003 694 2061 placuit,
704 2003 764 2061 quod
773 2003 845 2051 visum
854 2004 882 2053 sit
937 2051 938 2054 ,

97 2088 266 2124 consentaneum
281 2075 359 2130 ordini,
368 2076 385 2124 si
394 2075 449 2125 liliro
457 2075 499 2124 alio
507 2088 580 2134 poetas
588 2075 710 2130 amatorios,
718 2075 760 2125 alio
767 2074 883 2134 Virgilium

96 2159 117 2196 et
133 2148 250 2197 Horatium
265 2167 418 2198 memoramus.

138 2220 183 2269 Sed
197 2219 310 2270 defuturos
325 2241 369 2269 non
374 2239 489 2279 speramus
497 2221 535 2280 qui
544 2233 616 2270 nostra
629 2221 787 2270 calumnientur
795 2233 816 2269 et
825 2239 883 2287 mor·

98 2291 170 2343 deant.
185 2293 246 2351 Quid
260 2294 319 2344 enim
333 2293 404 2350 nobis,
417 2294 455 2355 qui
466 2313 542 2343 sumus
553 2293 722 2354 haudquaquam
733 2294 813 2344 eruditi
824 2294 882 2359 satis,

56 2366 85 2413 20
99 2367 133 2415 vel
148 2366 280 2425 sperandum
294 2367 328 2416 vel
337 2366 524 2423 metuendum'sit,
533 2366 595 2416 lacile
604 2368 683 2416 docent
691 2369 798 2416 maiorum
810 2387 883 2424 exem-

97 2439 139 2495 pla.
154 2439 241 2496 Quibus
255 2459 370 2487 monemur
384 2442 515 2498 scriptorum
528 2441 639 2488 neminem
652 2441 751 2488 omniurn
764 2433 883 2502 calumnia-

97 2511 181 2560 toribus
196 2511 296 2561 caruisse.
310 2511 375 2567 Nam‚
388 2524 413 2561 ut
426 2513 520 2561 minores
532 2525 671 2571 praeteream,
684 2513 757 2570 ipsum
768 2513 791 2570 in
804 2511 883 2562 Hiero-

99 2603 197 2644 nymum,
212 2585 250 2645 qui
265 2586 407 2635 sanctimonia
422 2601 516 2642 momm,
530 2586 568 2646 qui
583 2579 712 2646 eloquentia,
727 2586 765 2646 qui
779 2586 884 2646 sapientia

99 2657 224 2714 perfloreret
238 2670 259 2706 et
275 2656 381 2707 maximus
402 2655 524 2713 haberetur,
543 2658 619 2708 latrare
638 2671 690 2707 sunt
709 2659 812 2718 permulti
830 2660 885 2709 ausi.

57 2727 84 2775 25
101 2728 145 2778 Sed
159 2731 182 2777 in
198 2749 264 2788 quem
278 2731 351 2788 plures
366 2742 417 2779 sunt
432 2750 498 2790 quam
509 2732 582 2790 ipsum
592 2732 615 2779 in
626 2730 740 2790 speculum
750 2732 886 2790 eloquentiae

57 2830 200 2842 ——m

97 2883 129 2931 22.
143 2884 174 2933 Ex
191 2887 333 2933 Hieronimum
351 2905 401 2933 corr.
420 2887 462 2944 (sed
479 2894 499 2933 in
518 2886 581 2935 indice
599 2889 741 2942 Hieronymus,
764 2888 820 2935 nullo
842 2906 886 2934 cor-

58 2956 141 2996 rectione
155 2952 259 3007 udlibr'to).
795 2972 797 2974 ·
