2093 3253
182 188 224 235 260
484 203 577 233 srccoms
592 199 707 232 recturam

268 316 387 377 aequalem
406 316 441 364 hic
461 315 536 365 habuit
564 315 598 364 M.
618 315 747 365 Terentium
766 316 892 371 Varronem,
913 318 1010 368 omnium

225 391 262 449 qui
275 403 411 440 versarentur
423 391 445 438 in
457 389 534 437 litteris
546 390 696 438 doctissimum
705 390 860 438 Romanorum.
870 390 941 438 Huius
953 390 1011 441 enim

226 462 381 521 explicabimus
401 463 468 509 vitam
488 463 506 509 si
527 463 666 510 docuerimus
686 463 782 520 primum
794 459 869 509 luisse
889 461 1010 521 complures

227 535 264 594 qui
279 535 361 584 eisdem
375 548 426 584 sunt
439 537 590 592 cognomentis
603 537 644 583 usi.
660 535 748 594 Quippe
762 537 793 583 sic
806 536 892 583 animus
906 538 1011 593 persuasit

199 609 212 657 5
228 630 255 656 ne
270 629 410 668 quemquam,
426 622 451 656 ut
466 608 521 657 solet
537 609 623 657 evenire
637 627 747 666 persaepe,
764 610 879 656 nominum
892 608 1012 658 similitudo

229 682 329 740 decipiat.
345 680 396 729 Fuit
402 681 492 739 quidem
498 694 548 730 ante
554 681 613 730 hunc
620 694 696 730 natum
701 700 770 730 annos
776 682 805 729 ad
811 681 850 729 CL
862 681 889 730 C.
895 680 1012 730 Terentius

226 756 302 804 Varro.
317 754 404 804 Plebeio
413 755 458 803 ,iste
471 774 496 803 ac
510 755 568 804 lanio
581 769 642 814 patre
657 767 719 803 natus
733 756 762 804 ad
775 755 913 804 consulatum
926 754 1012 804 favente

228 829 292 887 plebe
301 830 352 877 odio
362 827 480 876 nobilitatis
490 828 594 877 ascendit.
604 828 649 876 Sed
658 830 768 877 temeritas
777 847 816 876 sua
825 841 846 876 et
856 828 932 876 didicit
942 840 963 877 et
973 829 1011 877 do-

227 901 272 949 cuit
279 900 343 949 lacile
350 914 395 948 arte
403 900 444 949 alia
451 919 497 948 rem
505 899 612 956 bellicam,
621 901 661 949 alia
670 900 813 949 macellariam
821 901 947 958 gubernari„
952 901 1012 948 Bello

189 975 216 1021 111
231 974 290 1021 enim
300 974 383 1023 Punico
394 973 490 1021 secundo
501 985 585 1022 creatus
596 972 676 1034 consul·
684 973 765 1032 sprevit
776 973 861 1021 hostem
872 986 937 1032 atque
952 971 1012 1022 ferox

229 1046 302 1095 animo
316 1046 346 1095 ita
357 1045 430 1104 copias
440 1047 464 1093 in
474 1047 543 1094 aciem
553 1066 578 1095 ac
589 1066 685 1105 pugnam
693 1046 768 1094 eduxit
777 1046 837 1104 quod
845 1046 907 1094 lusus
915 1044 1012 1104 fugatus-

233 1140 276 1178 que
283 1120 311 1167 ab
322 1140 348 1168 eo
359 1117 523 1167 memorabilem
533 1140 558 1167 ac
569 1120 668 1168 omnium
679 1120 796 1167 maximam
811 1119 915 1166 Romanis
931 1119 1014 1166 cladem

229 1192 288 1252 apud
295 1191 382 1241 Cannas
391 1190 458 1241 dedit.
467 1190 517 1241 Fuit
526 1192 605 1243 deinde
612 1191 635 1242 P.
644 1191 768 1258 Terentius,
777 1204 840 1251 poeta
848 1192 952 1241 comicus.
961 1191 1013 1241 Car-

230 1266 362 1324 thaginensis
373 1266 414 1313 iste
424 1283 479 1323 puer
489 1266 587 1324 captivus
599 1264 691 1313 Romam
699 1264 757 1313 bello
765 1265 829 1313 tertio
837 1264 920 1313 Punico
936 1264 1013 1313 ductus

191 1339 216 1387 15
232 1351 271 1387 est.
278 1338 358 1387 FuitP.
367 1337 483 1386 Terentius
490 1337 565 1386 Varro.
575 1337 617 1385 Hic
626 1358 714 1396 quoque
720 1350 784 1400 poeta
789 1338 828 1386 sed
834 1337 951 1387 Narbonae
957 1336 1014 1394 Sylla

231 1411 335 1460 dictatore
350 1422 412 1458 natus
425 1410 507 1458 litteras
520 1409 614 1458 Graecas
627 1410 703 1458 didicit
716 1431 766 1458 cum
779 1431 861 1459 annum
877 1411 898 1459 11
910 1431 934 1460 ac
951 1410 1015 1458 XXX

197 1484 199 1486 ¹
230 1496 308 1541 ageret.
319 1483 369 1530 Fuit
378 1482 459 1529 Varrus
468 1494 539 1539 poeta,
550 1481 663 1529 Octaviani
672 1482 766 1539 Augusti
775 1481 894 1537 familiaris,
903 1483 942 1540 qui
951 1481 1014 1530 simul

230 1574 281 1602 cum
290 1554 365 1603 Tucca
375 1554 424 1602 data
433 1553 474 1601 sibi
484 1553 568 1611 Virgilii
578 1566 678 1611 poemata
687 1553 817 1602 emendavit.
828 1553 879 1602 Fuit
889 1554 923 1603 M.
932 1553 1015 1602 Teren-

224 1627 275 1677 tius
284 1627 359 1682 Varro,
370 1626 398 1676 de
407 1648 451 1686 quo
460 1647 536 1676 sumus
545 1627 587 1676 hoc
596 1627 644 1676 loco
654 1627 731 1677 facturi
741 1628 813 1677 verba.

189 1703 219 1750 20
277 1701 400 1751 Gerebatur
406 1701 428 1748 in
437 1700 564 1759 Iugurtham
570 1700 653 1749 bellum
659 1721 710 1749 cum
717 1702 752 1749 hic
758 1701 875 1749 Terentius
887 1714 1015 1749 nasceretur.

235 1775 321 1822 Iuvenis
337 1786 410 1823 autem
427 1793 505 1830 magno
520 1772 561 1821 sub
577 1773 681 1831 Pompeio
697 1775 794 1832 primum
809 1773 866 1821 bello
883 1773 1016 1822 Mitridatico

235 1849 320 1896 meruit.
335 1847 441 1905 Legatum
454 1847 533 1895 deinde
545 1847 618 1904 ipsum
630 1847 747 1905 Pompeius
760 1846 817 1894 bello
834 1847 925 1905 piratico
942 1846 1017 1895 babuit

234 1934 254 1968 et
270 1941 321 1968 cum
331 1921 387 1968 inter
396 1919 484 1978 legatos,
494 1919 532 1977 qui
543 1938 634 1967 numero
646 1919 692 1968 1111
702 1932 723 1968 et
732 1919 776 1968 XX
785 1933 853 1974 erant,
863 1920 944 1978 passim
954 1920 1017 1967 maris

234 1994 303 2041 hostia
313 2013 365 2050 cum
375 2005 436 2050 parte
446 1992 520 2039 classis
531 1993 673 2040 custodienda
684 1992 797 2045 divideret,
807 2012 854 2040 eam
865 1992 957 2040 Varroni
968 1992 1017 2039 huic

191 2067 220 2115 25
236 2079 320 2125 partem
331 2065 391 2114 dedit
402 2084 458 2124 quae
469 2082 527 2113 mare
537 2063 674 2114 Adriaticum
685 2065 741 2113 inter
752 2063 827 2120 Delos,
844 2063 948 2113 Graeciae
959 2066 1018 2113 insu·

235 2139 285 2195 lam,
296 2152 317 2188 et
328 2137 424 2188 Siciliam
434 2138 559 2186 custodiret.
570 2137 598 2186 Se
607 2146 685 2186 autem'
690 2138 748 2186 bello
758 2139 800 2187 isto
810 2138 914 2187 delendos
927 2140 955 2187 ad
964 2139 1019 2197 pira*

236 2225 268 2260 tas
276 2213 330 2260 adeo
338 2225 452 2260 strenuum
459 2230 484 2258 ac
492 2209 623 2269 prudentem
631 2211 730 2259 exhibuit
738 2211 799 2269 quod
806 2211 923 2268 Pompeius
931 2212 1019 2259 victoria

235 2298 302 2343 parta,
311 2304 362 2333 cum
370 2283 398 2332 de
405 2283 480 2341 piratis
487 2282 639 2342 triumpharet,
646 2282 705 2331 hunc
713 2303 778 2332 suum
785 2283 906 2332 Varronem
914 2296 935 2332 et
941 2302 1018 2333 corona

233 2359 323 2406 donaret
334 2357 403 2406 navali
415 2369 437 2404 et
447 2356 548 2404 laudibus
560 2357 625 2404 tantis
637 2357 722 2405 efferret
734 2357 794 2415 quod
805 2357 913 2415 particeps
924 2357 1018 2409 honoris,

190 2430 220 2480 30
234 2431 348 2490 triumphi,
360 2429 463 2479 victoriae
474 2428 591 2478 videretur.

277 2505 366 2553 Morem
381 2496 468 2561 nanque
488 2503 547 2551 hunc
566 2523 578 2550 a
598 2503 707 2551 veteribus
727 2504 833 2552 traditum
853 2504 975 2552 incitandos
995 2502 1021 2550 ad

239 2579 322 2625 animos
334 2578 432 2624 Romana
442 2576 558 2633 prudentia
569 2576 647 2629 tenuit,
659 2576 720 2633 quod
731 2577 848 2633 imperator
859 2594 882 2624 re
893 2576 949 2624 bene
964 2588 1021 2635 gesta

238 2649 333 2700 tribunal
350 2648 484 2710 ascenderet,
501 2649 629 2698 concionem
645 2648 768 2704 advocaret,
786 2649 873 2706 milites,
890 2651 923 2698 uti
935 2667 1022 2710 operam

238 2737 336 2773 navasset
349 2723 449 2782 quisque,
462 2723 566 2776 laudaret.
580 2723 666 2771 virtutis
679 2742 768 2781 quoque
779 2723 807 2770 ad
819 2724 979 2778 testimonium,
991 2721 1022 2769 uti

194 2797 222 2846 35
239 2809 294 2845 esset
302 2794 403 2844 facinoris
412 2793 511 2853 qualitas,
520 2793 576 2842 bene
582 2793 609 2842 de
615 2812 638 2842 re
644 2793 732 2851 publica
741 2795 829 2842 meritos
838 2814 919 2842 corona
927 2795 1023 2844 donaret.

238 2971 268 3018 l5.
282 2974 312 3019 Ex
326 2971 392 3027 Scylla
407 2989 456 3016 corr.
512 2972 544 3024 24.
558 2971 598 3015 Pro
613 2970 668 3015 ostia.
