2093 3253
268 172 401 216 scurronum
415 172 541 215 nausnuun
554 185 569 190 -
582 172 641 205 crana
654 172 695 205 xvi.
844 159 891 211 ,445

107 286 231 336 Timaeum.
251 288 277 336 ln
295 307 321 335 eo
336 287 427 347 quidem
436 287 555 344 introducti
565 309 578 336 a
588 287 677 342 Platone
687 288 727 336 viri
738 286 855 347 sapientiae
865 308 891 337 eo

57 417 58 421 Ἰ
105 357 199 415 cultores
209 379 234 424 ac
244 358 336 407 studiosi
347 359 386 408 sed
396 359 503 417 imprimis
513 359 620 418 Socrates,
632 379 719 417 morum
729 372 797 417 pater,
808 373 830 408 et
840 380 891 408 curn

107 454 136 481 eo>
143 430 254 488 Timaeus,
266 429 361 497 Platonis
371 431 464 492 auditor,
475 431 554 482 deinde
564 432 588 482 in
598 453 722 482 sermonem
731 432 802 482 vocati
813 431 891 482 Critias
934 464 936 467 <

59 566 61 575 ¹
105 519 171 565 atque
186 504 354 555 Hermochrates
373 507 396 554 in
417 506 495 565 dialogi
514 506 608 564 formam
627 507 656 562 de
676 507 794 566 sapientiae
814 507 891 557 studiis

73 579 91 645 35
108 578 192 647 egregie
206 577 361 642 colloquuntur
374 599 399 627 ac
412 578 536 637 disputant.v
546 578 596 628 Fuit
609 577 713 634 Timaeus
727 578 803 628 litteris
815 579 891 628 doctus

106 651 195 713 Graecis
207 665 272 711 atque
285 651 428 714 philosophus
441 652 479 711 sed
491 652 596 709 oriundus
604 673 635 710 ex
648 651 731 707 Locris,
744 673 800 711 quae
812 652 891 701 Chala-

106 725 166 773 briae
180 724 255 773 civitas
269 724 292 772 in
309 724 370 773 Italia
385 724 464 778 nobilis
481 725 597 783 quondam>
610 737 631 772 et
648 724 750 783 opulenta
766 737 819 774 erat.
836 724 891 780 Tra-

106 797 167 847 duxit
182 817 270 857 quoque
285 796 362 846 Cicero
375 795 532 847 Economicum
544 795 703 856 Xenophontis,
722 796 803 856 inquo
820 795 891 856 loqui-

105 884 142 920 tur
160 891 212 920 cum
227 870 340 920 Critobolo
361 870 460 929 Socrates
482 884 503 920 et
522 871 605 930 ‚quibus
626 869 708 919 artibus
729 889 763 919 res
780 869 891 920 familiaris

60 945 93 1005 Ι10
108 956 201 1002 paretur,
221 956 366 997 conservetur,
381 956 489 1001 augeatur>
509 942 576 1010 multa
601 963 652 991 curn
666 943 730 991 laude
750 942 892 1001 agriculturae

62 1073 64 1079 Ι
107 1017 168 1065 dixit.
185 1016 293 1065 Traduxit
310 1017 417 1076 orationes
433 1016 480 1075 illas
496 1014 610 1065 Aeschinis
627 1028 653 1069 etv
665 1016 825 1065 Demosthenis
836 1037 892 1076 quae

108 1091 163 1138 duae
177 1103 228 1138 sunt
243 1090 265 1137 in
280 1109 344 1138 causa
361 1089 524 1148 Ethesiphontis
533 1090 633 1143 habitae,
651 1109 703 1138 cum
719 1089 892 1138 Demosthenem

61 1218 63 1223 Δ
106 1160 214 1209 accusavit
228 1160 346 1213 Aeschines
359 1181 424 1221 opera
436 1162 519 1212 lactum
531 1182 570 1210 sua
581 1161 642 1220 quod
654 1163 705 1211 erim
717 1161 811 1220 populus
823 1162 891 1211 Athe·
948 1195 949 1198 =

49 1288 51 1290 ,
109 1234 189 1281 niensis
204 1247 228 1282 ut
243 1235 313 1282 civem
327 1236 409 1293 optime
423 1236 450 1283 de
464 1254 487 1283 re
501 1235 588 1293 publica
602 1236 711 1296 meritum,
726 1235 787 1292 quod
800 1236 892 1283 civitatis

67 1306 91 1353 15
107 1323 181 1353 muros
195 1326 234 1354 sua
248 1308 340 1364 pecunia
350 1308 458 1365 erexisset,
468 1326 533 1355 aurea
543 1322 622 1355 corona
633 1307 741 1366 donasset.
751 1306 831 1368 Neque
841 1323 894 1355 vero

61 1430 63 1438 Σ
107 1378 225 1438 quicquam
240 1378 308 1439 magis
322 1394 359 1429 aut
373 1381 540 1437 visendumaut
554 1380 688 1430 audiendum
697 1372 744 1429 ''tu'it
759 1401 825 1439 quam
839 1381 891 1430 isto-

63 1509 68 1514 „
109 1472 158 1499 rum
173 1452 268 1499 duorum
282 1473 419 1501 summorum
434 1467 544 1516 oratorum
559 1455 582 1501 in
596 1453 721 1511 gravissima
736 1474 800 1501 causa
815 1466 836 1501 et
850 1455 892 1501 ini-

92 1524 197 1588 miciciis
212 1525 264 1575 haec
275 1525 498 1576 :incensarcontentio
514 1525 559 1575 Has
575 1525 665 1586 quidem
680 1545 707 1574 ex
720 1526 798 1575 Atticis
814 1526 892 1575 horum

62 1643 64 1655 ,
107 1597 335 1658 eloquentissimorum
348 1612 459 1649 oratorum
472 1599 526 1648 duas
540 1599 717 1648 orationesinter
731 1619 754 1648 se
766 1599 892 1653 contrarias,

66 1672 94 1719 20
109 1672 170 1731 quod
183 1671 236 1721 alter
248 1687 366 1728 accusator,
378 1672 432 1721 alter
444 1671 544 1721 defensor
557 1685 619 1726 esset,
632 1672 656 1720 in
668 1672 772 1721 Latinum
783 1694 796 1721 e
808 1672 893 1721 Graeco

107 1744 170 1793 vertit
185 1744 269 1800 Cicero,
281 1766 325 1794 non
336 1745 425 1805 quidem
435 1758 460 1794 ut
470 1745 575 1803 interpres
586 1744 625 1792 sed
635 1756 660 1792 ut
670 1757 741 1793 orator
751 1744 833 1793 eisdem
844 1766 893 1794 sen-

108 1816 182 1866 tentiis
195 1830 261 1877 atque
275 1818 431 1876 sententiarum
444 1816 527 1880 formis,
541 1815 613 1865 verbis
626 1829 700 1866 autem
714 1816 796 1866 Latinis
810 1838 835 1866 ac
848 1818 893 1866 suis

108 1904 129 1939 et
144 1911 206 1952 suam
220 1891 249 1940 ad
262 1891 444 1941 consuetudinem
465 1911 525 1940 usus.
547 1889 676 1940 Emendavit
697 1904 794 1950 preterea
816 1891 894 1941 Cicero
919 1901 920 1904 ’

67 2020 69 2025 ,
109 1964 215 2021 Lucrecii,
230 1964 323 2012 Romani
335 1976 418 2023 poetae,
432 1964 506 2018 libros,
519 1964 580 2022 quod
592 1963 666 2022 scripti
679 1983 731 2024 cum
743 1964 846 2013 insaniret
858 1963 894 2012 ille

65 2038 93 2088 25
109 2037 225 2091 interdurn
233 2035 324 2096 confuse
338 2057 363 2086 ac
378 2037 450 2086 minus
462 2037 582 2095 composite
594 2035 728 2095 viderentur..

150 2110 250 2172 Oratoria
258 2130 310 2160 vero
319 2111 342 2160 in
351 2130 374 2160 re
383 2131 408 2159 ac
417 2110 487 2160 soluta
496 2109 599 2165 oratione,
609 2109 632 2158 in
641 2129 684 2169 qua
693 2109 814 2168 plurimum
822 2129 893 2159 versa-

108 2197 143 2232 tus
154 2196 186 2232 est
196 2197 262 2243 atque
272 2183 375 2243 regnavit,
387 2194 408 2231 et
418 2182 485 2231 libros
495 2182 524 2231 ad
533 2193 647 2239 praecepta
657 2183 709 2250 artis
719 2194 740 2230 et
751 2184 858 2231 orationes
865 2183 894 2230 ad

69 2315 70 2318 Ἴ
109 2253 239 2316 exemplum,
249 2257 278 2305 ad
288 2255 408 2315 speculum,
423 2256 451 2306 ad
460 2255 604 2305 imitationem
618 2254 641 2302 in
656 2254 716 2303 omni
731 2276 809 2313 genere
823 2269 894 2304 matu-

66 2376 68 2381 .
109 2351 146 2380 rus
160 2331 204 2379 iarn
218 2343 286 2378 aetate
300 2349 330 2377 ac⁴
340 2328 454 2387 disciplina
477 2329 608 2387 perscripsit.
632 2328 822 2387 Sedvorationum
845 2348 894 2387 pars

68 2404 97 2452 30
112 2403 205 2451 maxima
220 2416 253 2464 est
268 2423 319 2452 cum
335 2400 460 2463 defenderet
475 2401 556 2449 amicos
571 2401 594 2448 in
604 2399 691 2460 foroad
699 2400 790 2460 iudices.
803 2400 895 2460 Aliquae

109 2489 160 2525 sunt
174 2496 226 2525 cum
240 2476 296 2524 bene
310 2474 432 2524 consuleret
445 2474 526 2523 civitati
540 2485 578 2522 aut
592 2473 615 2521 in
629 2474 688 2523 curia
702 2474 730 2523 ad
744 2486 844 2523 senatum
857 2486 895 2522 aut

112 2550 135 2598 in
149 2545 398 2608 camposadf'populum3
414 2547 521 2606 quaedam
536 2546 602 2598 etiam
617 2563 657 2604 pro
672 2544 747 2593 amicis
762 2543 896 2599 ¹dictatorem

68 2661 70 2665 ψ
110 2624 139 2673 ad
153 2612 268 2679 Caesarem
282 2617 375 2671 habitae.

133 2740 135 2742 ,
153 2696 231 2754 Neque
246 2714 297 2743 vero
308 2715 324 2743 a
332 2716 374 2743 me
382 2695 430 2741 hoc
438 2693 538 2750 “intelligi
557 2695 596 2741 ita.
605 2693 695 2740 dictum
707 2691 773 2739 velim
791 2703 815 2738 ut
834 2703 896 2749 putet
967 2699 969 2702 “

72 2815 212 2824 w

93 2933 97 2936 ,
111 2881 144 2939 24.
159 2881 189 2927 Ea
204 2879 291 2925 Lucretii
304 2898 354 2925 corr.
368 2879 436 2933 (etiam
450 2884 470 2924 in
485 2877 564 2932 indice).
618 2877 650 2921 26.
664 2875 755 2921 Oratoria
765 2873 898 2926 ἀκαθα-

70 2947 134 2993 tiones
149 2948 212 3002 ver(o)
227 2949 294 2992 suum
307 2964 357 2991 corr.
