2093 3253
172 209 212 255 403
470 221 564 253 srccours
578 219 697 252 roueurorrr

216 337 276 404 loqui
288 357 313 386 ac
327 337 420 386 scribere
434 336 461 385 de
474 335 508 383 his
521 335 585 383 rebus
599 354 654 393 quae
667 333 752 394 Graece
763 333 889 391 siderentur
903 346 999 392 possent.

217 411 333 461 Enimvero
347 431 398 460 cum
410 410 438 459 de
451 409 484 458 his
497 408 562 458 rebus
575 428 630 468 quae
642 407 670 457 ad
683 406 842 467 philosophiam
854 419 876 456 et
893 406 1001 458 doctrinas

217 497 310 548 caeteras
317 483 455 556 pertinerent
468 482 541 530 omnia
554 480 631 530 Graeci
645 482 689 529 suis
703 481 778 530 litteris
789 479 929 537 collegissent,
941 481 1001 529 Lati

217 578 298 606 norum
309 551 382 605 autem
397 545 493 604 luissent
504 553 594 622 quidam
607 553 717 613 iidemque
729 553 792 613 pauci
806 572 845 601 nec
858 552 909 601 satis
922 546 1001 602 eruditi
1028 584 1031 586 ·

192 630 204 677 5
220 648 257 692 qur
251 627 307 700 de
314 613 449 689 philosophia
459 645 514 685 quae
524 643 536 672 a
547 619 635 675 Graecis
645 638 777 708 acceperant,
787 645 812 675 ea
826 625 903 675 Latine
912 620 1002 684 quidem

218 699 256 750 sed
275 694 319 763 non
333 690 426 770 amplius
440 704 506 757 quam
524 712 577 759 pro
579 699 669 758 ingenio
688 718 728 748 suo
745 718 771 748 ac
788 717 887 749 sermone
906 697 1002 757 quodam

218 772 299 824 insulso
311 767 452 832 scripsissent,
465 774 563 823 omnium
575 772 652 823 Cicero
664 773 747 832 primus
759 770 802 822 luit
813 773 851 833 qui
868 791 948 821 munus
960 771 1002 819 hoc

218 846 311 906 sumpsit
324 858 389 905 atque
403 844 494 903 perfecit
512 859 537 895 ut
556 865 612 906 quae
631 846 691 901 dixit,
712 866 736 894 ea
755 847 798 895 sint
816 858 861 894 tam
880 846 1001 904 composite

218 933 306 979 tamque
319 932 417 970 accurate
432 920 489 970 dicta
505 933 530 970 ut
545 939 683 979 nequaquam
699 919 776 969 Grecis
791 939 803 967 e
818 917 915 967 lontibus
926 917 1002 967 hausta

180 998 206 1046 10
220 996 259 1044 sed
273 993 356 1043 Latinis
371 992 446 1042 litteris
461 992 566 1058 illustrata
580 993 715 1052 cogitateque
729 991 758 1041 ab
773 1013 798 1041 eo
814 992 861 1051 ipso
875 1011 901 1041 ac
915 992 1002 1040 inventa

219 1067 297 1117 latino
310 1066 339 1114 ab
354 1065 442 1115 homine
457 1066 578 1126 eodemque
594 1066 719 1115 doctissimo
734 1064 864 1124 philosopho
879 1065 1001 1118 videantur.

219 1161 258 1189 nec
273 1139 356 1189 minore
370 1159 421 1188 cum
438 1139 540 1197 gravitate
555 1139 660 1198 explicata
677 1150 743 1199 quam
762 1151 838 1188 ornatu
854 1151 875 1187 et
892 1139 953 1197 copia
964 1138 1002 1186 ha

218 1214 317 1264 beantur

260 1286 334 1350 Atque
348 1286 402 1335 illud
422 1285 482 1344 quod
501 1307 565 1335 nemo
584 1255 720 1336 Graecorum
739 1299 770 1334 est
790 1257 867 1335 Cicero
884 1299 1002 1340 assecutus,

181 1362 206 1409 l5
222 1359 283 1418 quod
297 1371 319 1407 et
332 1358 430 1407 forensi
424 1380 447 1407 1n
459 1378 537 1417 genere
549 1360 649 1418 princeps
662 1371 717 1407 esset
730 1371 751 1407 et
763 1360 885 1407 sermonem
897 1359 920 1406 in
932 1358 1003 1417 philo

220 1432 295 1491 sophia
312 1430 448 1491 aequabilem
465 1451 490 1479 ac
507 1444 652 1490 temperatum
669 1431 765 1480 haberet.
784 1431 833 1479 Hoc
850 1430 940 1491 quidem
959 1452 1002 1479 non

221 1506 285 1554 hahet
300 1505 397 1559 Graecia,
407 1518 433 1554 ut
442 1518 502 1554 tanto
511 1526 523 1553 e
533 1524 625 1554 numero
634 1519 656 1554 et
666 1505 845 1565 philosophorum
855 1518 875 1553 et
885 1517 1002 1558 oratorum,

221 1579 300 1638 quibus
314 1577 446 1640 permaxime
464 1577 543 1634 floruit,
561 1578 628 1637 possit
645 1579 756 1628 nominare
773 1598 906 1638 quemquam
927 1579 965 1637 qui
982 1590 1003 1626 et

221 1651 379 1710 philosophiam
393 1651 460 1709 digno
469 1671 521 1699 cum
530 1664 607 1699 ornatu
617 1664 638 1700 et
648 1651 734 1701 torense
743 1671 811 1710 genus
822 1654 886 1709 digna
895 1672 947 1701 cum
956 1670 1004 1710 gra-

180 1726 208 1775 211
222 1725 287 1773 vitate
301 1723 403 1773 tractarit.
415 1722 447 1772 Illi
457 1745 551 1782 nanque,
560 1725 600 1773 etsi
609 1722 791 1784 assequii‘possent
800 1738 921 1785 utramque,
931 1737 1003 1774 tamen

221 1796 322 1846 facultate
336 1817 379 1845 una
399 1799 494 1846 contenti
514 1798 602 1847 alteram
621 1792 806 1858 contempserunt.
825 1799 870 1848 Sed
889 1812 1004 1858 utramque

211 1865 298 1932 'Cicero
314 1883 348 1931 est
362 1870 488 1929 complexus
504 1884 570 1929 atque
586 1873 615 1921 ita
630 1873 755 1931 complexus
772 1873 832 1931 quod
848 1886 869 1922 et
885 1872 964 1921 lorensi
982 1872 1005 1920 in

221 1961 298 2002 genere
312 1943 459 2003 principatum
470 1943 566 1993 obtineat
577 1958 599 1993 et
610 1964 666 2004 quae
676 1946 705 1994 ad
716 1944 877 2004 philosophiam
888 1945 1004 2004 pertinent,

221 2037 246 2065 ea
260 2017 370 2075 scripsisse
381 2017 495 2074 splendide
505 2037 530 2066 ac
542 2018 679 2067 ornatissime
690 2019 794 2068 videatur.

180 2090 208 2139 25
265 2087 338 2138 Omne
352 2088 417 2147 igitur
432 2088 473 2137 hoc
487 2103 574 2148 tempus
587 2090 671 2145 Cicero,
684 2091 745 2149 quod
757 2091 811 2139 dum
823 2091 937 2149 imperaret
950 2090 1006 2138 Cae-

222 2181 256 2210 sar
270 2182 315 2210 non
329 2161 397 2220 magis
408 2163 431 2210 in
441 2160 489 2211 loro
500 2182 567 2222 quam
578 2163 601 2212 in
612 2164 672 2212 curia
682 2176 810 2220 versaretur,
819 2164 858 2213 sed
866 2162 956 2213 nullare
963 2164 1005 2211 inr-

222 2235 308 2293 peditus
317 2236 365 2284 ocio
373 2235 506 2294 amplissime
514 2237 626 2295 potiretur,
635 2249 673 2286 aut
682 2237 814 2295 disputando
822 2250 859 2286 aut
868 2237 960 2295 legendo
968 2249 1006 2286 aut

217 2308 337 2363 ‚scribendo
351 2311 493 2368 consumpsit.
510 2307 596 2359 ln'loro
609 2323 684 2365 autem
696 2331 771 2360 causas
788 2312 857 2370 egisse
874 2322 1007 2371 memoratur

223 2379 299 2445 nullas,
314 2379 353 2429 sed
367 2400 433 2440 quam
444 2382 527 2431 solebat
538 2384 617 2431 habere
627 2401 703 2431 curam
713 2383 736 2432 in
747 2384 806 2432 curia
816 2396 838 2431 et
848 2382 896 2431 loro
907 2382 1006 2431 versandi

180 2455 209 2504 30
224 2454 339 2503 intermisit
352 2472 447 2513 prorsus.
469 2455 517 2503 Hoc
537 2475 588 2504 vero
608 2468 707 2515 tempore
726 2456 754 2505 ad
773 2456 919 2514 eloquentiam
938 2454 1007 2505 edidit

223 2527 337 2586 quaedam;
351 2529 434 2578 vacavit
451 2529 516 2577 etiam
533 2524 689 2587 philosophiae.
708 2530 770 2581 Hanc
787 2530 845 2579 enim
862 2530 903 2578 sibi
921 2524 974 2578 loco
985 2541 1007 2577 et

224 2599 265 2648 lori
279 2613 301 2648 et
314 2602 386 2650 curiae
398 2602 491 2660 sumpsit
505 2603 646 2659 provinciam,
660 2616 685 2652 ut
698 2603 813 2651 scribendo
827 2602 903 2652 saltem
916 2603 1007 2662 prodes·

224 2686 255 2721 set
267 2673 347 2733 quihus
359 2674 459 2728 dicendo,
471 2687 496 2723 ut
508 2673 591 2729 soleret,
604 2674 661 2724 hene
672 2675 784 2725 consulere
795 2689 893 2735 tempora
904 2674 1008 2735 prohibe-

223 2759 278 2794 rent.
293 2746 407 2795 Orationes
418 2759 462 2794 tres
473 2748 539 2795 modo
551 2767 630 2806 easque
640 2768 685 2802 non
696 2748 725 2797 ad
735 2749 817 2797 iudices
830 2749 936 2798 maiorum
947 2766 1008 2805 more

222 2918 240 2960 9.
253 2934 364 2969 nequaque.
422 2915 451 2960 15.
468 2928 487 2960 et
500 2915 594 2962 lorensi...
608 2935 721 2962 sermonem
737 2924 751 2963 i.
761 2938 783 2969 r.;
794 2928 836 2963 erar
848 2918 869 2963 in
880 2917 1008 2973 philosophia

181 3000 272 3026 sermone
285 2983 373 3036 quodam
387 2983 473 3037 equabili
487 2995 507 3028 et
518 2990 640 3036 temperato?
