2093 3253
255 153 388 183 scnnronun
404 151 533 184 rucusrnrurr
545 151 633 182 -ursan
648 152 675 182 rv⁴
841 135 877 183 125

92 267 184 316 insulam
199 266 221 312 in
237 264 351 311 circumitu
367 283 413 311 esse
428 265 492 311 vicies
508 277 596 312 centum
611 264 670 312 milia
686 283 790 321 passuum
805 263 877 313 refert.

94 343 167 390 lussus
175 340 240 400 igitur
248 350 311 396 poeta
318 338 357 386 sed
364 338 387 385 in
402 357 426 385 se
441 337 525 386 latentis
534 338 585 387 'odii
601 336 698 387 Caesaris
714 338 799 386 nescius
814 351 879 396 atque

92 414 122 461 nil
131 412 174 459 tale
184 424 283 458 metuens
294 429 334 456 nec
345 410 395 456 mali
407 410 525 467 quicquam
535 411 663 467 suspicatus,
675 406 844 467 haudquaquam
854 423 879 456 ut

93 484 162 548 solent
175 484 198 531 in
211 481 300 531 exilium
313 480 377 546 pulsi,
392 481 472 530 invitus
490 502 516 530 ac
533 482 608 537 tristis,
624 481 663 530 sed
678 481 752 530 volens
766 480 879 541 libensque

68 562 81 612 5
94 580 119 608 ac
134 557 192 606 bono
202 570 223 605 et
232 556 275 605 leto
284 557 358 605 animo
367 557 399 605 uti
409 550 492 605 creatus
503 557 625 616 missusque
634 557 662 606 ab
671 558 801 615 imperatore
809 556 880 605 tribu-

90 652 134 680 nus
150 631 215 678 domo
229 649 254 676 ac
269 622 461 687 Romaprolectu's
476 642 515 677 est.
535 628 618 678 Datum
632 650 720 689 quoque
734 629 775 677 sibi
792 648 879 683 munus,
903 639 905 643 “

94 705 125 754 uti
140 716 185 752 erat
198 701 323 751 tribunitiae
337 702 451 760 potestatis
462 705 487 750 ac
501 715 569 751 status
583 715 605 751 et
619 702 707 751 honoris
722 702 820 752 Caesarei
834 722 881 752 esse

93 777 186 830 videtur,
196 769 281 823 summa
290 795 342 823 curn
351 774 469 832 diligentia,
479 773 619 829 humanitate,
629 775 673 824 fide
682 775 791 833 persolvit.
802 774 880 835 Neque

95 868 145 898 vero
160 848 245 906 exulem
253 869 275 896 se
282 868 329 895 esse
335 861 385 896 ante
393 849 459 896 sensit
466 868 532 906 quam
539 848 604 906 longo
611 849 655 896 iarn
661 862 759 906 ternpore
766 848 880 897 exulasset.

59 927 85 973 10
98 923 152 970 Rem
165 930 239 968 'autem
251 921 323 978 primo
335 920 415 968 detexit
426 933 491 978 atque
503 924 625 978 suspectam
636 920 688 967 lecit
699 921 759 978 quod
771 939 882 967 successor

96 996 114 1044 ei
130 1015 194 1043 suurn
204 992 233 1042 ad
243 993 302 1042 diem
312 993 343 1042 uti
354 992 442 1041 caeteris
453 1014 498 1041 non
508 993 597 1042 veniret.
609 992 654 1042 Ubi
665 1011 716 1042 vero
726 1015 749 1041 se
759 992 848 1042 tandem
858 994 881 1041 in

58 1118 59 1121 ,
97 1068 159 1117 exilio
175 1088 221 1115 esse
236 1068 344 1125 cognovit,
360 1079 433 1115 tantus
449 1067 511 1115 dolor
525 1079 628 1126 tantaque
644 1068 754 1124 moesticia
769 1086 820 1115 mox
835 1067 881 1116 eius

96 1142 194 1189 animum
201 1140 322 1197 occupavit,
330 1140 412 1193 afflixit,
421 1140 528 1197 oppressit
536 1139 596 1197 quod
604 1153 696 1187 mortem
705 1138 809 1196 (necdum
816 1140 880 1198 quin-

97 1213 239 1273 quagenarius
250 1211 305 1270 erat)
315 1213 374 1270 gravi
385 1211 486 1273 letalique
497 1225 606 1261 contracta
617 1212 735 1261 valitudine
746 1212 809 1261 obiit:
819 1211 882 1261 Mor-

61 1288 84 1337 15
99 1300 162 1334 tuum
176 1287 249 1344 ipsum
264 1303 313 1344 pars
328 1285 351 1333 in
366 1284 439 1333 Scotia
453 1305 504 1333 cum
519 1285 620 1339 exularet,
636 1304 685 1345 pars
701 1284 782 1333 Rornae
797 1285 883 1333 licentia

98 1359 203 1407 redeundi
217 1359 332 1417 impetrata
346 1357 430 1407 volunt.
503 1417 505 1421 ,

139 1430 193 1488 Age,
205 1443 254 1487 post
265 1450 316 1477 eum
326 1430 362 1477 illa
373 1431 444 1477 omnis
455 1450 511 1487 quae
521 1450 586 1478 suum
596 1432 619 1477 in
630 1432 689 1478 diem
704 1444 741 1477 aut
753 1450 830 1487 magna
845 1444 882 1478 aut

99 1503 174 1551 saltem
186 1502 257 1561 aliqua
269 1500 340 1550 luerat
351 1513 450 1551 veterum
461 1520 521 1550 more
532 1501 634 1561 poetandi
647 1521 705 1557 eura,
717 1501 838 1557 delectatio,
849 1502 883 1550 di-

99 1576 185 1634 ligentia
194 1574 248 1624 adeo
257 1574 379 1624 intermissa
387 1587 453 1633 atque
462 1575 531 1634 sopita
540 1588 573 1624 est
581 1587 606 1624 ut
615 1574 694 1625 deinde
703 1574 783 1625 multos
792 1595 817 1623 ac
826 1574 883 1624 mul-

62 1652 90 1699 20
103 1662 136 1697 tos
150 1649 179 1697 ad
192 1669 261 1706 annos
273 1649 334 1707 quasi
350 1649 414 1706 longo
430 1662 451 1697 et
463 1667 541 1706 magno
552 1648 625 1696 labore
636 1647 730 1706 fatigatis
741 1669 766 1696 ac
777 1647 839 1696 fessis
850 1650 884 1696 in«.

102 1721 168 1777 geniis
184 1721 289 1768 dormisse
304 1722 375 1768 omnis
384 1721 485 1778 poetandi
495 1719 585 1768 facultas
593 1740 619 1767 ac
627 1720 673 1768 lere
681 1722 752 1768 omnis
761 1721 883 1777 eloquentia

100 1793 206 1862 videatur.
222 1792 291 1842 Fuere
299 1806 372 1842 tamen
381 1793 491 1842 interdum
500 1792 538 1841 sed
547 1793 610 1851 pauci
619 1806 641 1842 et
649 1793 690 1842 rari
700 1813 740 1860 nec
748 1792 809 1842 aliter
818 1814 884 1852 quam

51 1860 53 1863 ¹
101 1865 170 1915 solent
184 1885 232 1915 aere
247 1865 339 1915 obscuro
352 1865 425 1915 stellae
437 1865 498 1915 luere
511 1866 548 1925 qui
561 1879 583 1914 et
595 1866 683 1915 nomine
696 1868 772 1925 poetae
784 1865 884 1925 appellati

102 1950 152 1984 sunt
165 1950 186 1986 et
199 1937 272 1985 studio
286 1938 391 1985 rationem
402 1937 529 1985 dinoscendi
543 1938 604 1995 pedis
612 1958 639 1987 ‚ac
650 1937 743 1985 faciendi
757 1938 831 1985 versus
841 1958 885 1996 qua

63 2009 89 2057 25
105 2009 131 2056 de
146 2028 169 2057 re
183 2009 264 2067 placuit
278 2009 408 2058 babuerunt,
419 2002 506 2067 Quippe
517 2008 613 2058 divinam
622 2010 650 2076 ad
660 2029 706 2057 rem
716 2011 885 2063 memorandam,

102 2095 126 2130 ut
138 2082 215 2131 soleret
226 2082 286 2140 apud
297 2083 386 2141 priscos,
399 2102 432 2130 res
445 2083 532 2131 metrica
544 2083 614 2131 rediit.
627 2082 681 2131 Rem
691 2098 779 2142 ‘nanque
791 2083 887 2131 divinam

88 2156 192 2213 'quidam
208 2156 249 2201 hoc
263 2169 361 2212 ternpore
376 2168 530 2202 memorarunt.
689 2209 690 2212 Ἴ

146 2226 231 2275 Horum
241 2240 314 2276 autem
324 2247 336 2274 e
347 2245 438 2275 numero
449 2227 540 2276 babetur
552 2227 669 2282 luventius,
680 2228 713 2276 vir
723 2247 774 2275 sane
784 2229 887 2276 memoria

100 2320 141 2352 ,sua
153 2308 206 2349 'curn
221 2300 344 2352 sacerdocio
354 2314 402 2348 tum
413 2300 485 2349 studio
496 2300 568 2349 divina
578 2301 669 2349 canendi
680 2314 702 2349 et
712 2321 820 2349 sacrarum
830 2302 887 2350 litte-

64 2372 91 2420 30
106 2391 178 2423 rarum
186 2374 275 2423 scientia
283 2374 425 2422 venerandus
435 2373 507 2434 Gente
516 2367 626 2432 Hispanus
636 2374 671 2422 hic
679 2373 721 2422 luit
729 2388 750 2422 et
759 2395 810 2422 curn
818 2375 888 2433 impe-

104 2457 159 2493 raret
174 2445 331 2494 Constantinus
346 2445 444 2493 versibus
461 2447 573 2493 exametris
583 2447 611 2493 'et
626 2458 728 2504 quattuor
744 2447 852 2503 evangelia
867 2459 888 2493 et

104 2517 190 2566 ordines
206 2537 276 2565 sacros
292 2518 384 2576 scripsit.

147 2589 246 2639 Habetur
260 2590 362 2639 Sedulius
374 2590 492 2649 presbyter,
505 2591 542 2648 qui
554 2610 587 2639 res
599 2601 674 2639 ornnes
685 2603 706 2639 et
718 2592 794 2640 veteris
806 2604 827 2640 et
838 2592 888 2640 novi

104 2659 227 2711 testamenti
236 2676 304 2709 metro
313 2683 372 2710 nunc
380 2663 492 2720 dactylico,
507 2682 565 2710 nunc
574 2663 660 2710 heroico
673 2663 801 2711 decantavit.
816 2663 889 2712 Habe·
946 2709 948 2711 ,

66 2770 207 2784 -.........,

120 2845 149 2888 12.
164 2843 195 2890 Ex
209 2844 297 2888 mesticia
310 2863 360 2889 corr.
419 2842 447 2888 14.
466 2843 497 2902 Ex
512 2842 624 2888 valetudine
645 2864 694 2889 corr.
755 2845 787 2890 27,
806 2844 889 2898 quidam

32 2959 34 2962 ι
66 2911 80 2951 i.
90 2927 111 2958 r.;
126 2921 168 2954 erat
184 2909 290 2965 plurique?
347 2910 379 2956 28.
394 2910 418 2954 In
429 2911 491 2955 indica
508 2909 619 2956 luvencius.
