2093 3253
133 577 243 628 Siccorus
258 577 393 628 Polemoni
409 577 481 628 Lmen
496 577 646 635 Semnonum
664 577 807 627 lauusrmun

135 662 238 710 Larinas
254 662 361 710 Lrucunr
376 661 433 719 Vlll
449 661 560 711 Exmrcrr
575 678 602 711 ar
619 662 713 711 lncrrrr
728 660 798 710 Vllll

255 762 285 795 an
301 745 389 795 Fruum
405 744 551 796 Pournonum
567 744 688 795 Feurcrrrn

142 963 197 1012 Rem
205 963 344 1013 commodam
353 962 459 1012 universis
467 983 492 1011 ac
501 962 670 1021 pulcherrimam
679 958 735 1011 scitu
743 963 783 1011 sed
791 961 888 1023 amplam

99 1050 156 1086 certe
169 1057 194 1085 ac
209 1037 262 1085 mihi
277 1036 387 1085 difficilem
401 1056 450 1084 sum
463 1054 582 1094 aggressus,
597 1036 703 1093 Polydore
716 1037 746 1084 mi
760 1036 887 1085 suavissime

99 1110 137 1158 fili.
154 1109 263 1168 Equidem
273 1109 361 1167 pelagus
373 1108 492 1157 maximum
503 1109 580 1166 navigo
591 1128 631 1157 nec
642 1127 735 1178 usquam
746 1120 835 1166 portum
842 1110 887 1157 cir-

101 1182 245 1241 cumspiciens
260 1181 358 1241 undique
373 1182 444 1231 video.
460 1180 516 1238 Quis
531 1181 590 1230 enirn
605 1182 714 1239 negaverit
730 1181 831 1230 Latinam
845 1181 887 1230 lin-

73 1257 86 1306 5
101 1275 166 1314 guam
174 1275 249 1303 omnes
258 1274 297 1313 per
305 1267 384 1303 aetates
394 1254 514 1313 superiores
523 1253 665 1313 scriptoribus
674 1254 805 1302 doctissimis
814 1253 888 1303 multis

91 1348 124 1375 ¹ac
139 1327 315 1375 innumeralibus
327 1326 440 1374 floruisse?
455 1326 510 1382 Quis
527 1327 636 1384 negaverit
653 1327 725 1384 magni
742 1329 788 1374 esse
801 1326 888 1381 laboris,
923 1390 924 1393 Ἴ

100 1399 158 1459 longi
176 1420 223 1448 esse
240 1400 352 1458 temporis,
371 1399 458 1447 maximi
476 1420 523 1448 esse
540 1399 606 1448 studii
621 1397 741 1458 fragmenta
758 1398 816 1455 haec,
833 1420 888 1459 quae

102 1473 185 1521 infinita
195 1485 246 1521 sunt
255 1485 321 1531 atque
331 1473 433 1527 minutim
443 1490 522 1531 sparsa,
533 1471 633 1531 colligere
642 1472 762 1532 eademque
772 1491 888 1532 recoquere

100 1547 181 1593 sensim
193 1558 214 1593 et
226 1556 291 1593 suum
302 1546 330 1593 ad
342 1563 428 1602 corpus,
441 1558 465 1593 ut
477 1547 550 1593 omnia
562 1565 602 1593 suo
613 1565 639 1592 ac
650 1558 709 1593 certo
721 1546 842 1593 habeantur
853 1564 888 1593 or·

63 1618 87 1667 lll
102 1617 159 1673 dine,
171 1615 303 1666 reformare?
318 1616 415 1676 Propitio
426 1617 516 1676 quidem
527 1636 552 1666 ac
563 1616 619 1666 bene
630 1615 716 1666 favente
727 1636 778 1667 vero
789 1617 824 1666 dei
835 1616 889 1673 filio.

103 1692 151 1740 lesu
162 1692 257 1747 Christo,
269 1692 390 1751 eodemque
402 1692 490 1739 homine
500 1701 552 1740 vero
562 1712 587 1747 ac
597 1704 685 1740 aeterno
696 1692 744 1747 deo,
755 1691 888 1741 absolvimus

102 1765 172 1821 operis
184 1765 249 1813 huius
261 1777 332 1822 partes
345 1765 407 1813 duas.
419 1764 507 1822 Quippe
519 1764 613 1813 diximus
626 1765 653 1812 de
665 1765 742 1822 poetis,
755 1765 849 1813 diximus
861 1765 889 1820 cle

101 1837 215 1892 historicis,
233 1857 300 1896 quarn
316 1836 449 1895 amplissime
466 1837 584 1895 potuimus,
602 1837 751 1895 superioribus
768 1837 837 1894 libris;
847 1836 889 1886 loci

101 1928 153 1957 vero
166 1910 230 1957 huius
243 1910 281 1968 qui
294 1923 327 1957 est
339 1909 415 1957 tertius
428 1930 453 1956 ac
466 1923 588 1968 postremus
602 1922 634 1957 est
647 1928 767 1957 memorare
779 1909 827 1957 illos
840 1929 889 1968 pre·

65 1981 88 2030 15
104 1983 178 2031 sertim
191 1982 248 2031 viros
262 1982 300 2042 qui
314 1981 401 2047 dicendi
414 1981 505 2030 artificio
518 1982 609 2045 praediti
622 1982 695 2042 aliqua
708 1983 735 2032 de
748 2001 771 2031 re
784 1983 889 2042 scriptum

103 2068 177 2104 ornate
191 2057 325 2114 reliquerunt
340 2057 458 2114 quicquam
472 2057 532 2115 quod
546 2076 593 2104 esse
606 2055 711 2105 familiare
726 2057 830 2105 studiosis
844 2057 889 2105 elo-

103 2130 203 2187 quentiae
209 2129 276 2176 soleat
282 2141 304 2176 et
310 2128 381 2176 ullum
386 2129 415 2175 ad
421 2141 561 2187 praeceptum
566 2141 604 2176 aut
611 2129 667 2177 bene
674 2142 793 2189 ornateque
801 2130 888 2177 dicendi

102 2214 139 2249 aut
153 2200 209 2249 bene
224 2201 357 2261 honesteque
364 2201 451 2250 vivendi
459 2201 573 2275 pertinqat.

145 2274 221 2321 Genus
234 2287 266 2321 est
279 2277 369 2333 quidem
382 2276 423 2321 hoc
436 2277 566 2333 scriptorum
579 2296 664 2323 summe
676 2278 810 2324 auctoritatis
823 2289 890 2334 atque

62 2345 88 2392 20
103 2346 213 2394 doctrinae
224 2346 262 2393 sed
272 2347 326 2394 adeo
336 2347 420 2395 varium
430 2360 452 2394 et
463 2347 575 2405 multiplex
591 2348 651 2405 quod
661 2348 837 2406 haudquaquam,
858 2349 890 2396 uti

103 2418 130 2466 de
144 2419 214 2477 poetis
229 2431 250 2467 et
268 2418 375 2467 historicis
392 2416 490 2474 lecimus,
509 2420 593 2479 possint
609 2419 654 2469 ullo
671 2433 730 2469 certo
747 2421 789 2469 sub
806 2420 889 2476 ordine,

103 2492 171 2549 signo.
187 2492 233 2540 acie
248 2491 355 2540 collocari.
371 2491 414 2548 Res
430 2512 516 2551 nanque
532 2485 609 2552 magna
624 2493 747 2552 eloquentia
762 2506 795 2542 est
810 2514 850 2542 nec
865 2507 890 2542 ut

103 2577 197 2616 caeterae
213 2565 340 2624 disciplinae
355 2579 456 2614 contenta
472 2579 505 2614 est
520 2585 543 2614 re
558 2586 601 2615 una
617 2567 683 2616 modo
699 2567 737 2615 sed
746 2567 890 2626 :amplectitur
941 2580 942 2583 ’

103 2637 176 2684 omnia
185 2657 241 2696 quae
251 2638 329 2685 versari
340 2638 363 2685 in
373 2638 488 2685 hominum
498 2638 575 2686 studiis
585 2659 610 2686 ac
620 2638 693 2697 lingua
703 2652 801 2697 possunt.
812 2638 890 2687 Cicero
931 2655 932 2658 ’

98 2786 126 2822 24,
138 2786 175 2823 Cic.
186 2786 216 2823 Or.
231 2787 259 2824 70.

63 2869 206 2879 *um-*-

105 2919 134 2963 ll.
149 2919 212 2973 quii.
227 2937 252 2969 r.,·
266 2929 308 2962 erut
323 2931 358 2963 est.
