2093 3253
265 175 393 208 scnrmoaun
408 175 531 208 ratusrruun
544 186 558 192 -
572 175 630 205 uem
643 175 662 205 x.
838 159 878 203 279

92 310 162 350 neque
177 287 291 348 paululum
307 289 447 347 repugnabat,
464 290 525 348 quod
539 290 622 338 viribus
638 291 735 348 corporis
751 288 811 350 haud
826 291 877 338 satis

92 362 175 411 validus
185 361 300 408 videretur.
312 361 361 418 lpsa
370 370 460 418 nanque
465 361 488 408 in
497 363 609 409 iuventute
618 382 704 409 summe
712 380 791 419 corpus
800 361 879 419 gracile

93 449 114 483 et
128 433 240 482 infirmum
250 432 349 480 habebat.
359 431 447 480 Collum
455 446 529 482 autem
537 451 652 492 procerum
661 433 702 481 sibi
711 453 736 481 ac
745 445 818 482 tenue.
828 433 878 481 Sto-

94 506 182 556 machus
193 524 245 555 vero
256 505 310 554 adeo
322 505 399 554 debilis
411 518 456 554 erat
467 519 491 554 ut
502 507 525 555 ni
538 507 644 565 quaedam
655 507 776 566 eademque
786 506 878 565 paucula

68 584 80 633 5
95 595 116 630 et
130 580 185 628 levia
196 579 276 627 cibaria
287 599 327 626 nec
338 597 440 637 prospere
451 579 561 628 interdum
573 581 623 628 satis
634 580 765 629 admitteret.
777 579 839 636 Quae
850 580 879 626 ita

94 664 153 700 erant
168 651 302 699 medicorum
315 650 405 698 consilio
419 650 517 705 diffinita,
532 651 598 710 quod.
613 653 635 700 ni
654 652 758 711 devitaret
777 672 832 710 quae
846 651 880 698 di-

95 723 164 774 cendo
178 722 285 778 accidunt,
297 721 394 771 laborem
407 721 519 771 assiduum
533 736 555 772 et
569 745 670 783 magnam
684 724 776 774 laterum
790 737 881 774 conten-

97 800 185 851 tionem,
202 796 301 844 iuturum
317 809 390 855 presto
405 797 506 844 timerent
522 797 582 855 quod
597 816 684 855 gravem
700 798 722 845 in
739 797 841 846 morbum
856 818 881 844 ac

96 873 151 919 vitae
166 870 282 917 discrimen
301 869 413 917 incideret.
433 868 526 917 Proinde
545 870 609 917 amici
629 871 666 928 qui
686 890 737 918 eum
756 869 880 927 diligentius

59 947 84 994 10
98 941 240 991 observabant
254 953 275 989 et
289 941 352 990 saluti
367 941 508 990 consulebant
522 961 572 990 suae
586 941 728 991 hortabantur
741 955 806 1000 atque
820 941 881 991 iube-

97 1017 148 1064 bant
159 1033 186 1062 ne
196 1026 316 1062 versaretur
326 1014 349 1062 in
359 1012 407 1062 foro
419 1013 535 1073 malletque
545 1034 619 1062 causas
630 1034 674 1062 non
684 1026 824 1073 agere'quam
834 1007 882 1063 eam

98 1089 164 1136 vitam
179 1087 258 1134 ducere
272 1106 327 1144 quae
342 1087 364 1134 ni
375 1099 412 1134 aut
423 1087 500 1145 perdiu
511 1107 558 1135 esse
572 1087 658 1135 infirma
672 1100 709 1135 aut
720 1087 791 1135 brevis
802 1100 882 1144 posset.
896 1114 897 1117 ¹

100 1161 148 1219 lpse
159 1171 239 1213 autem,
251 1171 276 1206 ut
288 1158 358 1206 solent
370 1158 408 1218 qui
421 1171 471 1207 sunt
483 1158 602 1218 cupiditate
614 1159 702 1207 honoris
714 1179 739 1227 ap
750 1158 836 1207 virtutis
847 1177 883 1205 ac-

100 1232 157 1283 censi
172 1245 193 1282 et
206 1230 393 1291 complectendam
406 1232 435 1281 ad
448 1231 535 1281 laudem
549 1232 656 1282 constanti
669 1231 743 1282 animo
756 1245 778 1281 et
792 1232 884 1282 maxima

47 1361 48 1366 ,
61 1308 91 1359 15,
101 1307 241 1356 delectatione
252 1305 359 1360 feruntur,
372 1305 445 1355 subire
456 1306 529 1364 potius
541 1326 606 1354 omne
617 1306 674 1355 vitae
685 1304 807 1367 periculum
818 1325 885 1366 quam

100 1381 198 1428 deserere
208 1396 279 1437 prope
284 1374 368 1437 partam
378 1377 459 1443 lamam
467 1390 489 1426 et
497 1378 587 1436 gloriam
598 1379 680 1427 statuit.
689 1378 816 1426 Ducebatur
827 1379 886 1427 enim

99 1451 193 1512 quadam
207 1472 246 1510 spe
260 1450 306 1500 fieri
318 1471 382 1510 posse
393 1450 453 1511 quod
464 1450 529 1520 saluti
539 1471 590 1508 suae
602 1446 660 1513 recte
669 1450 792 1501 consuleret
803 1471 828 1500 ac
839 1470 885 1500 me-

100 1526 193 1580 deretur,
207 1525 225 1573 si
238 1524 340 1583 deinceps
353 1545 405 1579 non,
418 1524 450 1573 uti
463 1523 617 1579 consuevisset,
630 1526 677 1573 sine
688 1525 748 1574 vocis
760 1524 887 1573 remissione

99 1619 124 1646 ac
138 1598 240 1646 varietate
250 1596 294 1645 ulla
304 1597 343 1645 sed
354 1597 501 1645 moderatione
512 1596 606 1655 quadam
616 1596 713 1645 adbibita
724 1597 812 1646 diceret.
823 1597 887 1645 Hanc

53 1672 88 1726 ⁴20
103 1669 192 1729 quidem
206 1669 224 1718 si
238 1668 371 1728 diligentiam
384 1669 503 1724 adhiberet,
517 1669 549 1728 uti
562 1667 611 1725 tuit,
625 1669 718 1728 speravit
731 1668 778 1718 lore
791 1669 852 1728 quod
864 1670 887 1718 in

101 1741 149 1790 loro
163 1742 210 1791 sine
223 1740 268 1791 ullo
281 1742 338 1791 vitae
352 1741 448 1801 periculo
462 1742 541 1791 versari
556 1753 577 1790 et
591 1760 654 1801 agere
668 1761 722 1802 quas
736 1740 799 1792 vellet
813 1761 888 1792 causas

102 1828 182 1873 posset.
196 1815 256 1864 Haec
270 1835 357 1881 nanque
370 1815 410 1862 ista
424 1833 465 1868 res,
479 1827 504 1862 ut
517 1815 564 1873 ipse
578 1827 599 1862 et
613 1816 636 1863 in
649 1814 748 1870 Oratore,
762 1814 801 1873 qui
815 1828 847 1863 est
860 1815 888 1862 ad

103 1888 202 1943 Brutum,
218 1901 239 1936 et
254 1887 277 1935 in
292 1887 367 1941 Bruto,
383 1887 420 1946 qui
436 1898 468 1953 est
484 1887 511 1935 de
526 1887 654 1942 oratoribus,
671 1899 782 1942 memorat,
798 1887 888 1936 adduxit

103 1960 181 2010 eumin
187 1960 340 2020 cogitationem
347 1972 413 2019 atque
421 1958 537 2009 consilium
542 1958 693 2019 proficiscendi
699 1958 775 2015 Roma,
781 1959 889 2011 traiicien-

63 2034 89 2080 25
106 2034 127 2080 di
139 2051 204 2088 mare,
219 2033 347 2092 peragrandi
362 2033 443 2087 Asiam,
460 2032 578 2086 Rhodium,
590 2032 711 2086 Graeciam,
723 2032 784 2090 quod
798 2033 889 2080 esse'ibi

104 2117 198 2153 oratores
207 2103 292 2153 audiret
301 2103 433 2163 quibuscum
442 2103 460 2151 si
470 2116 577 2152 exerceret
587 2124 617 2159 se,
626 2102 726 2158 luturum
735 2116 821 2162 putaret
830 2104 890 2163 quod

105 2190 126 2225 et
140 2190 230 2235 poneret
243 2176 348 2235 quicquid
360 2176 449 2225 haberet
461 2176 565 2234 superflui
577 2189 599 2224 et
611 2177 702 2224 domum
714 2176 803 2235 peritior
816 2176 890 2224 mode·

106 2250 214 2308 ratiorque
229 2249 316 2297 rediret.

149 2322 207 2372 Cum
222 2322 287 2382 igitur
300 2322 382 2389 Romae
395 2322 417 2371 in
429 2321 477 2370 foro
491 2321 558 2371 multa
571 2334 627 2371 esset
639 2341 690 2371 cum
703 2321 766 2371 laude
779 2321 892 2371 biennium

66 2395 94 2442 30
108 2397 151 2444 iam
165 2406 268 2450 versatus,
285 2415 408 2453 nomenque
416 2396 472 2443 inter
480 2408 582 2454 patronos
590 2395 674 2444 celebre
681 2414 706 2443 ac
715 2415 818 2453 magnum
826 2394 892 2443 habe-

107 2483 145 2524 ret,
158 2482 183 2518 ut
195 2489 261 2529 quam
273 2482 349 2517 nactus
361 2481 417 2516 esset
437 2467 604 2517 redundantiam
616 2482 637 2517 et
650 2467 717 2517 malae
729 2466 892 2519 consuetudinis

106 2544 158 2591 vitia
170 2555 304 2601 expurgaret,
317 2542 372 2591 urbe
383 2540 494 2599 proiectus
506 2541 614 2599 navigavit
625 2541 729 2591 Athenas.
742 2540 785 2590 Hic
796 2540 893 2600 philoso-

107 2616 189 2673 phiam,
211 2616 273 2665 cuius
285 2614 383 2664 studium
394 2614 473 2663 coleret
484 2627 506 2662 et
517 2614 544 2662 ab
556 2614 644 2663 ineunte
655 2613 798 2662 adolescentia
809 2613 832 2663 in
843 2635 894 2665 eum

70 2726 212 2734 κ...-

105 2788 133 2824 22,
146 2788 181 2825 Cic.
194 2789 224 2826 Or.
240 2787 272 2825 146
329 2786 357 2824 23.
371 2785 465 2825 Ciessrut.
478 2786 513 2823 3l4
526 2801 563 2831 sqq.

71 2885 212 2893 —S-—fl

82 2969 85 2974 .
110 2941 148 2987 20:
157 2945 260 3000 sper(avit)
276 2951 289 2988 ι’.
304 2963 326 2995 r.;
341 2953 383 2988 erat
397 2943 480 2997 putavit.
535 2942 567 2986 22.
582 2952 604 2987 ut
618 2948 685 2986 stetim
699 2960 722 2987 ex
737 2940 773 2986 sed
785 2960 835 2987 corr.
