2093 3253
136 121 173 166 184
434 132 525 164 sicconis
539 132 656 163 euasurour

177 246 270 306 ligneam
283 248 306 297 in
319 266 413 306 capsam,
427 258 452 296 ut
465 246 601 296 commodius
615 256 758 306 portarentur,
773 244 865 304 reposita
879 258 900 295 et
915 268 959 298 ma·

177 321 236 370 ximo
244 341 296 370 cum
305 321 381 380 plausu
391 340 416 369 ac
425 319 547 368 celebritate
557 321 631 378 populi
641 321 669 368 ad
679 320 770 368 domum
779 339 849 377 usque
858 319 958 378 praelecti

177 393 278 452 praesidii
292 405 343 442 sunt
356 413 369 440 a
383 392 446 440 nobis
460 405 481 440 et
495 392 541 440 aliis
556 413 593 440 sex
606 393 657 440 viris
672 392 840 450 egregiisatque
851 392 960 449 primariis

178 466 268 515 civitatis
283 466 359 515 delata.
378 464 483 522 Pompam
497 465 556 514 enim
570 465 700 522 sequebatur
715 464 850 522 magistratus
865 464 959 530 primum
1024 455 1036 519 ¹,

152 539 164 588 5
180 538 240 587 omni
258 559 308 588 cum
326 537 437 588 nobilitate
455 558 479 587 ac
498 538 573 587 ordine
590 550 719 596 togatorum,
738 538 868 597 sequebatur
885 539 959 596 populi
1025 565 1038 580 ·

130 617 132 621 ’
178 625 236 661 tanta
259 610 379 671 frequentia
401 625 426 660 ut
447 612 485 669 qui
508 611 605 660 viderent
620 613 747 660 remansisse
769 611 829 659 domi
852 613 961 661 neminem

179 685 278 733 omnium
294 684 421 732 iudicarent.
439 683 540 731 Praesidii
557 684 630 731 autern
647 682 766 741 praelectus
784 696 828 731 erat
850 682 961 734 Zacharias

132 767 134 771 ’
180 757 313 812 Trivisanus,
328 757 365 815 qui
379 769 435 805 esset
448 757 500 805 iuris
514 769 535 806 et
548 756 653 815 pontificii
666 769 688 805 et
700 756 769 805 civilis
782 756 962 807 doctoreximius
1024 757 1040 817 ’ξ

133 834 135 838 ⁴
180 830 285 889 milesque
299 843 399 878 strenuus
413 850 437 878 ac
451 829 534 878 Veneto
548 851 560 878 e
574 842 650 878 senatu
664 831 773 887 patricius.
789 829 869 883 Huius¹
874 847 962 887 persua-
1034 850 1040 888 32

141 904 167 951 lO
182 903 242 951 sione
257 902 302 952 lieri
318 902 451 952 mausoleum
467 903 512 953 viro
528 902 619 961 dignum
633 903 693 961 apud
707 902 775 952 sancti
791 901 909 951 Clementis
924 902 961 952 ba·
1032 897 1042 949 ᾸῘ

180 976 262 1025 silicam
276 976 346 1025 aulico
360 976 383 1024 in
398 975 446 1024 loro
461 977 557 1034 primum
572 976 712 1025 haeccivitas
727 977 808 1030 statuit,
824 988 897 1034 postea
912 996 962 1025 vero
1027 986 1042 1028 t:

181 1047 291 1096 voluntate
305 1060 386 1097 mutata
400 1048 554 1096 occidentalem
567 1049 595 1096 ad
608 1047 686 1096 laciem
699 1048 799 1106 praetorii
813 1068 860 1096 ossa
873 1047 909 1095 illa
922 1048 962 1097 alta
1028 1043 1045 1100 :Js

181 1121 203 1170 in
217 1120 298 1181 pariete
313 1121 397 1177 locavit;
411 1122 508 1171 eminens
522 1121 611 1181 quidem
625 1121 685 1171 locus
699 1134 738 1171 est.
752 1121 855 1170 Plumbea
869 1122 927 1169 enim
941 1123 962 1170 in
1039 1153 1047 1184 ι]

181 1195 252 1243 arcula
262 1208 327 1254 atque
337 1195 359 1242 in
370 1195 469 1254 praetorii
480 1196 560 1253 pariete
570 1195 652 1244 inclusa
661 1208 719 1250 sunt;
730 1195 823 1253 desuper
832 1212 883 1243 vero
892 1195 963 1252 imago
1029 1200 1047 1256 ᾗ

143 1267 167 1316 15
183 1268 230 1316 eius
244 1288 268 1316 ac
285 1267 366 1316 litterae
382 1286 458 1316 aureae
474 1287 514 1326 pro
530 1268 654 1316 testimonio
669 1280 778 1316 aeternam
794 1268 822 1316 ad
838 1268 964 1315 memoriam

182 1340 285 1399 sculptae,
297 1339 349 1390 Non
361 1340 410 1389 dico
422 1340 483 1398 plura
495 1340 556 1398 quod
567 1341 669 1398 epistolae
681 1353 766 1388 nostrae
777 1340 833 1388 duae
844 1339 920 1399 plenae
932 1340 964 1388 bis

182 1412 247 1461 rebus
261 1426 341 1462 extent.

225 1486 269 1534 Sed
284 1486 310 1534 L.
325 1486 427 1534 Anneum
443 1481 539 1539 Florum,
549 1486 721 1533 abbreviatorem
731 1505 803 1539 suum,
814 1485 845 1533 uti
857 1484 910 1532 ordo
921 1486 964 1533 exi·

183 1559 220 1616 git,
230 1558 349 1606 videamus.
358 1557 434 1605 Annos
444 1557 533 1616 quidem
548 1558 576 1606 ad
591 1571 679 1606 centum
695 1557 770 1606 Florus
787 1557 821 1606 hic
831 1571 880 1617 post
889 1557 917 1607 T.
928 1558 965 1607 Li·
1040 1555 1047 1579 ³²

141 1633 170 1681 20
185 1632 245 1681 vium
259 1630 338 1680 floruit.
353 1630 412 1679 Vixit
426 1631 484 1679 enim
498 1630 539 1679 sub
554 1630 649 1680 Adriano
663 1632 792 1690 imperatore
805 1644 871 1690 atque
882 1631 965 1694 Romae

118 1750 120 1753 Α
184 1706 282 1754 habitans
298 1705 335 1754 illo
351 1725 403 1752 cum
419 1705 561 1767 familiaritate
578 1725 629 1752 usus
647 1717 678 1752 est
695 1717 753 1753 tanta
770 1705 829 1763 qnod
845 1705 965 1753 ludibunde

184 1778 286 1826 scriberet
301 1778 328 1825 ad
342 1796 399 1824 eum:
416 1797 424 1821 a
435 1775 493 1825 Nolo
504 1776 582 1825 Caesar
592 1797 646 1831 esse,
656 1777 767 1826 ambulare
777 1795 816 1836 per
826 1776 965 1830 Britanniam,

169 1858 170 1861 ’
185 1850 295 1910 Scythicas
314 1851 358 1910 pati
377 1850 456 1899 ruinas.
467 1867 476 1891 1)
491 1849 598 1899 Adrianus
617 1871 712 1909 quoque,
732 1851 792 1909 quod
810 1871 861 1900 eum
878 1864 966 1904 amaret,

184 1925 212 1973 ad
223 1926 295 1983 ipsum
307 1924 439 1983 respondens
451 1924 480 1973 ita
491 1923 606 1983 rescripsit:
618 1941 627 1964 <t
636 1922 694 1973 Nolo
706 1923 784 1973 Florus
793 1944 846 1978 esse,
857 1924 967 1973 ambulare
1042 1934 1047 1982 l:

143 1998 171 2046 25
187 2016 225 2055 per
237 1997 344 2051 tabernas,
357 1996 439 2045 latitare
452 2015 490 2055 per
503 1998 600 2055 popinas,
614 1997 692 2046 culices
705 1997 749 2055 pati
762 1996 894 2059 rotundos.»
908 1996 967 2044 Haec

185 2071 269 2129 aliaque
284 2070 361 2119 similia
375 2090 484 2119 summam
498 2070 527 2133 ob
541 2069 708 2119 familiaritatem
722 2070 790 2118 facete
804 2091 829 2118 ac
843 2090 882 2128 per
896 2071 968 2118 iocum
1037 2092 1041 2120 t

186 2143 288 2203 utrinque
305 2144 391 2201 scripta.
409 2142 433 2191 ln
451 2143 570 2192 scribendis
587 2156 660 2192 autem
678 2143 771 2204 historiis
789 2161 854 2202 opere
872 2144 968 2201 precium
1043 2146 1047 2165 ³

186 2236 208 2265 se
224 2216 333 2264 facturum
347 2228 405 2263 ratus
420 2216 445 2270 si,
461 2236 603 2274 quaecunque
618 2215 783 2273 amplecteretur
798 2228 863 2275 atque
879 2216 968 2275 perscri-
1044 2265 1046 2268 ,

186 2288 247 2338 beret
261 2309 316 2348 quae
332 2288 426 2348 populus
443 2289 553 2338 Romanus
569 2287 720 2338 labricandum
735 2289 763 2338 ad
778 2289 895 2348 imperium
910 2287 968 2337 orbis
1039 2311 1045 2361 s

144 2362 173 2411 30
188 2374 294 2411 terrarum
308 2361 455 2421 septingentos
467 2381 505 2420 per
515 2383 583 2411 annos
594 2383 647 2420 pace
657 2383 682 2411 ac
693 2362 749 2411 bello
761 2363 866 2420 gessisset,
878 2363 969 2421 pictores

186 2436 282 2484 imitatus
297 2448 336 2489 est,
355 2435 392 2492 qui
407 2453 472 2492 parva
489 2434 567 2483 tabella
584 2435 637 2483 situs
654 2448 760 2483 terrarum
778 2454 853 2500 omnes
870 2435 970 2493 pingunt.
1044 2469 1046 2500 J

174 2558 175 2562 ,
188 2506 276 2556 Livium
287 2506 378 2568 quidem
389 2506 501 2567 amplexus
513 2520 545 2557 est
558 2507 634 2569 Florus
646 2520 720 2557 noster
731 2520 753 2557 et
765 2508 802 2566 qui
815 2508 924 2566 praecipui
937 2526 970 2553 es·
1044 2515 1046 2567 Q

187 2594 235 2629 sent
246 2581 268 2630 in
280 2602 306 2646 eo
316 2580 379 2630 flores
390 2580 449 2640 legit,
463 2581 538 2640 Ipsum
549 2582 608 2630 enim
619 2582 647 2631 ita
659 2582 784 2649 perstrinxit
794 2593 819 2630 ut
828 2600 885 2641 quae
895 2580 923 2630 ab
934 2579 970 2627 illo

187 2666 259 2702 essent
275 2654 384 2712 copiosius
401 2653 512 2711 explicata,
530 2673 554 2702 ea
571 2654 617 2711 ipse
634 2654 730 2702 oratione
748 2653 842 2712 quadam
858 2671 930 2711 pressa
947 2669 971 2699 ac

146 2726 174 2776 35
190 2725 249 2776 brevi
262 2726 392 2785 compendio
404 2738 539 2781 memoraret,
551 2738 576 2775 ut
588 2746 642 2784 quos
655 2744 727 2774 rerum
739 2738 848 2783 gestarum
859 2746 885 2774 ex
897 2723 972 2773 ordine

185 2916 211 2953 16.
219 2917 269 2960 Epist.
279 2916 291 2959 l,
300 2916 331 2953 Vll
340 2916 440 2962 (Segarizzi),
473 2915 502 2954 22.
511 2915 681 2955 adalradum.
715 2911 972 2958 28.Flor.l,prooemium.lu3.
