2093 3253
256 164 388 196 scarrronuu
404 164 531 195 rtrusrmum
546 177 559 180 -
574 164 630 194 crura
646 165 672 194 ιν.
842 153 873 196 nt

93 279 163 326 omnis
179 277 301 324 monarchia
319 297 388 323 unum
406 277 434 323 ad
452 278 578 334 principem,
591 277 725 338 devenisset,
738 297 785 324 mos
803 291 876 324 tamen

49 390 51 393 ,
93 349 192 399 consules
202 348 288 396 creandi
299 349 385 403 mansit,
395 362 419 396 ut
429 349 481 403 dixi,
491 349 619 407 perdimut,
629 370 685 407 quae
694 369 744 397 vere
753 348 812 397 nulla
821 363 877 397 esset

90 422 135 472 sub
150 421 284 488 Caesaribus,
300 421 406 480 quaedam
420 443 467 470 esse
481 423 584 481 pristinae
598 422 702 471 libertatis
717 422 794 471 umbra
808 443 832 470 ac
846 423 876 470 rei

93 494 192 555 publicae
205 493 270 542 facies
284 494 401 543 videretur.
415 493 542 543 Censetuit
556 494 643 544 Tuscus
657 495 755 544 Persius.¹
763 494 877 553 Oppidum

55 573 67 621 5
96 587 146 618 vero
156 568 179 615 in
189 588 233 627 quo
244 580 307 615 natus
317 581 349 614 est
359 567 412 615 olim
421 567 563 622 Veliternum,
573 589 633 617 nunc
643 568 751 616 Volterras
761 567 877 627 appellant.

94 642 189 691 Nomine
199 653 259 699 pater
270 639 366 695 Flaccus,
378 654 445 689 mater
456 640 531 690 Fulvia
542 642 611 692 vocati
622 654 680 689 sunt.
692 641 781 689 Familia
791 641 878 700 utrique

95 716 183 769 honesta
193 726 221 768 et,
233 726 339 772 quantum
349 734 395 762 esse
406 714 442 762 illo
453 716 475 763 in
486 716 567 773 oppido
578 718 656 774 potuit,
667 715 767 763 notabilis
778 728 799 763 et
810 716 877 763 dives.

94 789 183 837 Ordinis
193 789 298 847 equestris
310 801 369 846 pater
380 788 428 837 luit.
442 789 517 847 Ipsum
528 791 618 849 quidem
628 791 700 837 amisit
710 789 788 837 infans.
800 789 877 836 Annus

47 899 49 902 -
93 875 145 909 tunc
155 861 196 908 sibi
206 861 264 908 haud
274 862 324 908 satis
333 863 416 920 integer
425 874 497 909 sextus
507 875 559 914 erat.
570 862 679 910 Educatus
688 875 721 909 est
731 863 809 910 deinde
818 862 878 920 apud

56 938 81 986 ll}
96 947 192 988 matrem,
208 953 263 991 quae
282 933 362 982 femina
380 947 436 983 esset
454 955 505 983 cum
523 935 601 993 opibus
620 948 668 983 tum
686 935 811 983 castimonia
822 935 878 983 vitae

55 1054 56 1057 ,
94 1007 200 1065 primaria.
216 1006 267 1054 Viro
280 1026 305 1054 ea
317 1007 413 1055 secundo
426 1007 515 1065 (nomen
529 1008 579 1056 huic
593 1007 659 1056 Furio
671 1007 725 1065 erat)
738 1008 819 1065 nupsit.
833 1007 876 1061 Ro-

94 1098 170 1126 manus
186 1079 220 1125 hic
235 1079 302 1136 patria
316 1098 341 1125 ac
356 1080 437 1126 ordinis
452 1081 556 1138 equestris
571 1079 621 1128 luit.v
636 1080 691 1127 Puer
705 1084 778 1136 autem
792 1080 876 1135 Persius

93 1172 161 1200 annos
173 1151 215 1200 iam
227 1151 281 1200 duos
292 1172 317 1209 ac
329 1151 404 1204 decem
415 1166 478 1201 natus
490 1153 583 1207 Romam
594 1153 623 1202 ad
634 1154 797 1203 vitricumcum
808 1166 875 1201 matre

93 1227 198 1273 concessit
208 1245 248 1272 nec
258 1226 317 1282 apud
326 1246 378 1273 eum
388 1246 449 1274 secus
459 1247 526 1284 quam
535 1227 593 1275 filius
603 1228 728 1276 observatus
739 1228 877 1284 nutritusque

57 1298 81 1346 15
95 1317 120 1345 ac
133 1297 209 1345 doctus
224 1310 263 1345 est.
279 1298 370 1346 Litteras
384 1299 456 1356 itaque
470 1299 573 1348 Volterris
587 1301 674 1358 primas,
689 1300 771 1347 Romae
784 1299 876 1357 reliquas

96 1382 167 1418 noster
181 1370 265 1418 Persius
280 1370 363 1426 didicit.
378 1371 527 1430 Praeceptores
547 1372 623 1421 habuit
642 1373 664 1420 in
679 1372 822 1429 grammaticis
837 1372 876 1420 Pa·

94 1441 201 1488 lemonem
218 1441 379 1502 Vincentinum,
398 1444 524 1500 magistrum
541 1445 580 1493 illo,
595 1446 617 1491 in
635 1463 712 1501 genere
729 1444 875 1491 excellentem.

96 1513 120 1560 ln
135 1513 246 1561 rhetoricis
259 1514 381 1572 Virginium
394 1515 484 1564 Flavum
495 1516 585 1564 audivit.
599 1516 680 1564 Romae
692 1530 740 1564 tum
752 1517 792 1564 iste
804 1516 877 1565 locum

94 1586 262 1644 docendiartem
272 1587 357 1636 dicendi
367 1589 496 1647 precipuum
504 1610 529 1637 ac
538 1590 670 1648 singularem
680 1589 780 1638 habebat.
792 1590 817 1638 ln
826 1589 875 1648 phi-

54 1659 82 1705 20
96 1658 193 1717 losophia
207 1660 292 1707 auditor
301 1673 323 1708 et
333 1660 424 1709 Cornuti
434 1675 455 1709 et
464 1662 524 1709 Bassi
533 1661 582 1728 luit.
593 1663 659 1711 Erant
669 1663 691 1710 hi
701 1682 765 1722 supra
774 1663 827 1711 alios
836 1664 876 1711 viri

51 1771 52 1774 ,
94 1732 196 1778 memoria
214 1732 249 1779 illa
267 1753 310 1780 non
329 1733 478 1791 philosophiae
497 1735 562 1789 modo
581 1736 619 1783 sed
637 1736 708 1793 poesis
726 1736 791 1783 etiam
809 1737 876 1793 gratia

82 1803 215 1851 vvenerandi¹

135 1874 166 1923 Ex
176 1870 282 1925 'studiosis
291 1890 363 1926 autem
373 1879 410 1936 qui
419 1892 490 1928 essent
498 1879 598 1938 aequales
607 1893 673 1939 atque
682 1881 759 1929 eodem
768 1881 790 1929 in
799 1899 876 1938 genere
913 1941 915 1943 ,

94 1961 234 2002 versarentur,
258 1950 371 1998 Lucanum
394 1952 495 2008 singulari
518 1952 662 2000 familiaritate
685 1972 709 2000 ac
732 1954 876 2001 benivolentia

54 2017 80 2075 25
96 2018 168 2071 coluit.
184 2019 275 2069 Cornuti
287 2021 373 2070 auditor
385 2036 429 2071 erat
441 2036 532 2083 uterque
543 2045 568 2072 ac
580 2045 655 2084 saepe„
663 2038 688 2073 ut
699 2026 787 2075 iuvenes
799 2025 876 2080 solent,

93 2092 188 2149 epistolis
205 2115 230 2142 ac
246 2095 429 2153 disputationibus
446 2097 606 2146 concertabant.
624 2097 702 2147 Extant
720 2119 773 2157 quas
790 2099 834 2147 vidi
851 2120 876 2147 ac

93 2162 182 2211 fortasse
197 2166 250 2213 aliae
266 2168 372 2224 quaedam
388 2169 490 2225 epistolae
506 2170 620 2227 utriusque
631 2171 699 2218 amice
709 2191 734 2218 ac
744 2170 876 2218 familiariter

93 2236 194 2294 utrinque
206 2240 304 2296 scriptae.
317 2239 419 2288 Ethicum
431 2260 482 2289 vero
495 2242 607 2296 Senecam,
621 2242 703 2290 Lucani
716 2256 825 2301 patruum,
838 2245 875 2301 qui

87 2307 136 2357 ¹iam
150 2324 205 2359 esset
217 2313 249 2360 vir
259 2313 377 2361 consularis
388 2335 413 2362 ac
424 2335 495 2369 senex,
508 2317 562 2364 vidit
573 2318 711 2375 eundemque
722 2337 786 2375 opera
797 2319 875 2366 sodalis

55 2379 82 2427 30
96 2382 128 2430 sui
144 2382 225 2432 Lucani
241 2386 346 2434 allocutus
361 2401 393 2435 est
408 2388 500 2437 Persius.
518 2390 593 2447 lpsum
608 2410 696 2449 quoque
711 2391 792 2439 Seneca
807 2391 876 2439 libens
912 2431 914 2433 .

93 2467 114 2501 et
123 2457 206 2506 audivit
213 2471 237 2505 et
247 2459 301 2506 vidit
311 2481 363 2507 cum
373 2463 458 2519 nepotis
469 2464 501 2510 sui
513 2463 603 2516 Lucani,
614 2465 651 2522 qui
662 2485 713 2511 eum
723 2465 875 2518 introduceret,

94 2529 159 2584 gratia
167 2543 189 2578 et
197 2551 276 2585 amore,
285 2545 333 2580 tum
342 2534 402 2592 quod
410 2535 451 2581 isto
460 2536 482 2583 in
491 2536 569 2584 iuvene
583 2536 691 2595 optimum
706 2558 752 2584 esse
765 2537 877 2594 ingenium

93 2619 118 2647 ac
132 2621 197 2661 supra
205 2616 297 2652 aetatem
305 2606 412 2664 quaedam
421 2609 511 2665 gravitas
520 2609 635 2657 videretur.

136 2673 267 2723 Erudirionis
278 2695 329 2724 vero
340 2680 557 2736 experimenta-dedit
568 2681 692 2729 adolescens
704 2682 816 2740 complura
826 2682 877 2729 Per-

53 2740 81 2790 '35
96 2744 140 2794 sius
150 2759 229 2797 noster.
241 2748 285 2797 Sed
295 2751 333 2809 qui
343 2746 415 2800 essent
425 2745 484 2810 digni
495 2752 559 2802 laude
569 2773 643 2803 versus
653 2755 738 2814 scripsit
749 2755 847 2814 primum
854 2756 877 2804 in

94 2837 141 2866 eam
152 2840 251 2869 sororum
262 2843 317 2881 quae
328 2837 377 2871 ante
388 2826 460 2873 virum
470 2827 542 2873 nescio
554 2847 599 2885 quo
610 2829 666 2876 tristi
678 2829 742 2878 dueta
753 2829 878 2891 consiliose

95 2906 197 2941 necasset.
209 2894 295 2943 Deinde
305 2908 356 2943 sunt
366 2897 394 2945 ab
405 2918 431 2945 eo
442 2911 540 2967 poemata
551 2900 596 2948 duo
607 2901 693 2959 scripta.
704 2901 804 2949 Alterum
814 2901 878 2950 Prae·
