2093 3253
241 188 370 219 scaurorum
384 188 507 220 nnusrnrun
516 198 530 204 -
543 188 601 218 ursan
614 187 651 219 xn.
820 172 860 228 323

75 317 210 355 memoraret.
224 304 300 362 Magni
313 303 378 357 enim,
391 304 423 351 uti
435 316 486 358 erat,
499 302 550 352 lecit
562 321 647 371 semper
656 302 749 351 iudicari
761 322 773 359 a
785 314 861 350 senatu

75 391 96 428 et
111 377 193 437 populo
208 377 306 426 Romano
321 396 344 425 se
358 375 421 425 illum
434 374 481 425 esse
495 376 533 436 qui
548 375 645 431 consilio,
661 373 699 435 qui
713 372 808 434 ingenio,
823 375 861 435 qui

75 454 155 501 virtute
166 471 204 499 sua
216 470 263 499 rem
274 442 391 508 publicam,
400 451 468 504 cives,
479 451 558 498 urbem
568 463 628 498 tanta
639 470 651 497 e
663 461 723 507 peste
734 452 837 506 tantaque
849 468 861 495 e

76 524 170 584 pernicie
185 522 290 577 liberavit;
304 535 370 581 atque
385 523 467 580 ingenti
481 541 522 580 pro
536 522 604 580 gloria
618 535 651 571 est
665 521 776 571 interdum
791 521 862 570 dicere

50 599 62 649 5
78 596 164 645 auditus
176 595 291 644 custodem
302 614 325 642 se
336 595 386 646 urbi
397 607 419 643 et
426 595 514 650 civibus
526 595 571 644 suis
582 595 738 643 immortalium
750 595 861 643 edeorum

76 668 167 718 concilio
178 669 276 717 missum.
288 667 347 716 Facti
357 688 446 727 quoque
455 667 483 716 ab
493 688 519 716 eo
528 687 554 716 ac
563 668 645 734 recitati
655 687 729 716 versus
739 685 861 728 memoran-

76 757 118 792 tur:
134 758 143 782 n
151 740 172 791 Ο
187 740 319 796 fortunatam
334 754 407 790 natam
421 760 456 789 me
470 740 558 789 consule
578 740 679 790 Romam!
699 741 784 806 Cedant
803 760 862 789 arma
913 787 915 791 ,

76 830 145 873 togae,
158 814 262 861 concedat
274 814 345 861 laurea
359 814 452 871 linguae.
462 829 471 852 ³>
485 814 561 871 lpsum
572 833 660 872 quoque
672 814 754 877 bonore
767 814 861 861 maximo

35 937 37 943 .
77 888 168 948 dignum
178 907 225 936 esse
234 886 352 936 censebant
362 898 384 936 et
394 886 494 936 laudibus
503 885 633 951 extollebant
641 886 715 936 multis
722 887 793 948 bonus
801 886 861 947 quis·

40 964 64 1014 10
79 982 122 1020 que
136 960 189 1009 civis
200 972 265 1019 atque
277 980 352 1008 omnes
363 960 458 1018 denique
469 979 524 1017 quos
535 978 586 1008 vero
597 979 609 1007 a
621 960 701 1017 iudicio
717 973 754 1008 aut
773 960 862 1008 malivo-

77 1032 142 1081 lentia
156 1046 194 1079 aut
208 1031 289 1080 invidia
303 1052 348 1079 non
362 1044 465 1079 moveret.
480 1030 657 1090 Civicananque
671 1032 798 1080 donandum
812 1052 863 1080 eum

36 1155 38 1157 ,
77 1124 164 1158 corona,
172 1104 233 1163 quod
239 1104 305 1152 caede
312 1103 423 1152 liberasset
431 1103 495 1158 cives,
504 1103 530 1151 L.
539 1102 631 1158 Gellius,
639 1097 784 1161 amplissimae
792 1103 862 1161 digni-

77 1178 127 1226 tatis
134 1177 181 1232 .vir‚
192 1190 239 1224 toto
250 1189 326 1235 senatu
337 1176 438 1238 audiente
450 1176 510 1231 dixin
522 1189 634 1234 parentem
645 1177 722 1237 ipsum!
729 1177 810 1234 patriae
820 1176 863 1225 lre-

78 1250 221 1309 quentissimo
238 1262 313 1298 senatu
330 1249 368 1307 qui
385 1262 429 1297 erat
446 1248 530 1298 consilii
546 1247 628 1307 publici
644 1262 719 1298 auctor
735 1270 760 1297 ac
777 1263 863 1298 senatus

41 1324 64 1373 15
80 1324 188 1382 princeps,
204 1322 232 1380 Q.
248 1322 347 1376 Catulus,
363 1322 486 1381 appellavit.

120 1395 172 1444 Non
187 1414 237 1443 sum
251 1395 366 1443 immemor
376 1414 423 1443 esse
433 1395 471 1455 qui
486 1394 565 1442 scribat
575 1394 599 1442 id
609 1393 643 1460 M.
654 1392 743 1442 Catonis
759 1393 864 1442 iudicium
902 1396 906 1403 ’

79 1469 181 1529 extitisse.
196 1468 243 1517 Nec
256 1468 333 1517 dubito
344 1466 391 1518 lore
402 1467 440 1528 qui
452 1467 617 1517 admirabuntur
628 1466 864 1527 atque'reprehendent

79 1563 114 1591 me
128 1542 151 1590 id
160 1542 194 1599 Q.
210 1541 288 1591 Catulo
295 1542 398 1591 tribuisse
405 1541 465 1599 quod
473 1541 580 1590 doctiores
588 1540 711 1601 profectum
718 1561 730 1589 a
738 1538 772 1602 Μ
781 1535 864 1589 Catone

79 1614 159 1662 dicant.
171 1614 280 1673 Equidem
292 1614 365 1662 nescio
376 1633 443 1672 quem
454 1614 498 1661 sint
510 1614 551 1672 ipsi
562 1625 673 1662 auctorem
685 1614 760 1667 secuti,
773 1613 812 1661 sed
823 1613 865 1662 hoc

39 1688 66 1736 20
81 1686 135 1742 loco,
150 1687 183 1735 uti
200 1687 265 1735 etiam
280 1685 331 1735 alibi
348 1707 372 1735 ac
389 1706 480 1745 semper,
498 1686 570 1745 ipsum
587 1685 715 1745 Ciceronem
731 1704 817 1744 sequor.
834 1685 865 1734 Ea

79 1780 166 1818 nanque
180 1760 204 1808 in
219 1760 315 1808 oratione
330 1779 397 1817 quam
412 1759 435 1806 in
450 1758 551 1816 Pisonem
567 1772 616 1817 post
631 1757 720 1807 exilium
735 1758 811 1807 habuit
826 1779 865 1817 pa·

65 1887 67 1890 >
79 1826 163 1880 rentem
177 1852 201 1879 se
215 1832 296 1889 patriae
310 1830 443 1890 appellatum
451 1851 463 1879 a
471 1830 499 1887 Q
508 1830 594 1886 Catulo,
603 1843 627 1879 ut
636 1831 687 1886 dixi,
697 1830 776 1880 Cicero
783 1836 865 1880 memo·
893 1831 895 1833 ’

79 1916 112 1953 rat
126 1904 180 1963 ipse.
195 1903 284 1962 Quippe
298 1903 367 1952 honos
381 1903 478 1952 hictum
492 1903 573 1951 Romae
587 1902 704 1962 putabatur
717 1924 743 1952 ac
756 1916 801 1953 erat
814 1923 865 1953 cum

79 1976 263 2039 populi'Romani
274 1984 322 2027 tum
332 1990 419 2030 senatus
433 1977 535 2035 opinione
549 1978 604 2036 tanti
619 1989 644 2025 ut
659 1996 682 2043 re
697 1976 784 2038 publica
799 1976 866 2026 libera

40 2052 66 2099 25
79 2071 153 2109 neque
167 2051 270 2109 cuiquam
281 2052 436 2108 imperatorum
447 2062 496 2107 post
508 2049 632 2103 Camillum,
644 2050 682 2108 qui
693 2062 778 2108 captam
789 2070 801 2099 a
813 2050 866 2099 Gal:

40 2165 41 2168 ,
79 2122 105 2170 lis
120 2123 198 2171 urbem
213 2142 251 2171 sua
266 2122 345 2172 virtute
360 2121 460 2179 restituit,
477 2143 517 2171 nec
531 2134 654 2182 togatorum
669 2120 707 2172 ulli
722 2135 772 2182 post
787 2121 865 2173 urbem

80 2197 191 2247 conditam
201 2197 333 2255 contigisset.
346 2190 477 2245 Octavianus
489 2215 540 2245 vero
551 2196 670 2255 Augustus,
682 2217 733 2245 cum
744 2216 768 2246 re
779 2197 865 2256 publica

81 2289 183 2329 oppressa
197 2270 330 2334 imperitaret
339 2270 394 2324 orbi,
404 2269 477 2317 idsibi
486 2282 536 2317 ante
545 2269 618 2317 omnia
627 2288 667 2327 pro
675 2269 739 2317 titulo
748 2282 770 2318 et
784 2269 865 2318 honore

80 2341 214 2403 amplissimo
229 2342 348 2402 usurpavit.

41 2415 68 2463 30
125 2415 172 2464 Nec
187 2422 264 2474 parum
279 2415 356 2463 Cicero
371 2414 470 2463 laudatus
484 2426 516 2461 est
530 2414 613 2472 Magno
626 2434 638 2462 a
651 2413 763 2472 Pompeio.
779 2413 799 2462 ls
813 2434 867 2462 nan-

81 2508 124 2546 que
138 2487 176 2536 ubi
187 2508 230 2546 que
241 2487 318 2536 Cicero
329 2500 401 2545 egerat
412 2487 435 2535 in
446 2487 568 2535 coniuratos
580 2487 662 2535 audivit
673 2486 765 2545 (bellum
776 2486 834 2535 enim
845 2487 868 2551 in

81 2560 308 2618 Mitridatemgerens
323 2573 371 2608 tum
386 2559 448 2618 Syria
464 2559 597 2618 decedebat),
609 2558 728 2618 plurimum
743 2559 802 2618 apud
817 2579 868 2608 suos

81 2632 245 2691 congratulatus,
252 2644 284 2681 est
293 2644 359 2692 atque
369 2631 457 2681 laudem
467 2631 522 2682 hanc
533 2631 634 2682 Ciceroni
644 2631 783 2687 audientibus
794 2631 867 2682 multis

81 2705 141 2754 dedit
156 2718 180 2754 ut
195 2706 287 2764 patriam
301 2705 407 2754 beneficio
416 2725 456 2754 suo
465 2704 558 2766 Catilina
567 2704 631 2764 pulso
641 2704 721 2753 diceret
730 2725 753 2753 se
762 2705 867 2754 visurum.

44 2779 185 2788 -—-—-.-..

75 2810 90 2846 7.
104 2809 161 2853 Quint.
173 2810 212 2849 m.
225 2783 261 2847 xi(
272 2810 285 2846 ι.
299 2809 327 2846 24.
376 2809 401 2846 n.
414 2808 450 2846 ca.
463 2809 550 2847 aaa
578 2808 603 2846 ra.
616 2808 659 2846 na.
672 2808 706 2846 ca.
720 2808 749 2847 23.
795 2790 868 2847 rica.

40 2869 71 2907 Pis.
85 2870 101 2908 6,
151 2871 179 2909 25.
192 2870 229 2910 Liv.
241 2870 262 2909 V.
275 2871 304 2909 49.
318 2872 334 2909 7.
384 2870 412 2908 27.
425 2869 471 2908 Suet.
484 2870 527 2916 Aug.
540 2869 569 2908 58.

43 2932 181 2942 ὴ...-

83 2960 114 3006 l9.
128 2949 206 3017 (qu)em
221 2962 260 3006 sint
275 2961 313 3015 ipsi
327 2968 340 3007 ἰ.
355 2980 378 3013 r.;
392 2971 435 3006 crat
449 2979 512 3015 quem
526 2962 579 3007 sint?
