<?xml version="1.0" encoding="UTF-8"?>
<!DOCTYPE html PUBLIC "-//W3C//DTD XHTML 1.0 Transitional//EN"
    "http://www.w3.org/TR/xhtml1/DTD/xhtml1-transitional.dtd">
<html xmlns="http://www.w3.org/1999/xhtml" xml:lang="en" lang="en">
 <head>
  <title>
</title>
<meta http-equiv="Content-Type" content="text/html;charset=utf-8" />
  <meta name='ocr-system' content='tesseract 3.04.00' />
  <meta name='ocr-capabilities' content='ocr_page ocr_carea ocr_par ocr_line ocrx_word'/>
</head>
<body>
  <div class='ocr_page' id='page_1' title='image "MN40033ucmf_2_0216.png"; bbox 0 0 2093 3253; ppageno 0'>
   <div class='ocr_carea' id='block_1_1' title="bbox 141 157 664 204">
    <p class='ocr_par' dir='ltr' id='par_1_1' title="bbox 141 157 664 204">
     <span class='ocr_line' id='line_1_1' title="bbox 141 157 664 204; baseline 0.002 -3"><span class='ocrx_word' id='word_1_1' title='bbox 141 157 178 202; x_wconf 70' lang='lat'>142</span> <span class='ocrx_word' id='word_1_2' title='bbox 433 172 527 204; x_wconf 84' lang='lat' dir='ltr'>siccours</span> <span class='ocrx_word' id='word_1_3' title='bbox 543 172 664 204; x_wconf 74' lang='lat' dir='ltr'>ronruronr</span> 
     </span>
    </p>
   </div>
   <div class='ocr_carea' id='block_1_2' title="bbox 125 287 1037 1445">
    <p class='ocr_par' dir='ltr' id='par_1_2' title="bbox 180 281 1032 575">
     <span class='ocr_line' id='line_1_2' title="bbox 180 287 963 348; baseline 0.006 -13"><span class='ocrx_word' id='word_1_4' title='bbox 180 300 202 336; x_wconf 88' lang='lat' dir='ltr'>et</span> <span class='ocrx_word' id='word_1_5' title='bbox 216 287 353 348; x_wconf 82' lang='lat' dir='ltr'>investigatas</span> <span class='ocrx_word' id='word_1_6' title='bbox 364 288 475 343; x_wconf 80' lang='lat' dir='ltr'>haberene</span> <span class='ocrx_word' id='word_1_7' title='bbox 486 287 561 337; x_wconf 86' lang='lat' dir='ltr'>adesse</span> <span class='ocrx_word' id='word_1_8' title='bbox 572 287 625 337; x_wconf 89' lang='lat' dir='ltr'>alios</span> <span class='ocrx_word' id='word_1_9' title='bbox 636 287 674 347; x_wconf 89' lang='lat' dir='ltr'>qui</span> <span class='ocrx_word' id='word_1_10' title='bbox 686 287 740 336; x_wconf 91' lang='lat' dir='ltr'>vitas</span> <span class='ocrx_word' id='word_1_11' title='bbox 751 287 866 336; x_wconf 90' lang='lat' dir='ltr'>hominum</span> <span class='ocrx_word' id='word_1_12' title='bbox 877 288 963 340; x_wconf 83' lang='lat' dir='ltr'>urbanis</span> 
     </span>
     <span class='ocr_line' id='line_1_3' title="bbox 181 360 963 422; baseline 0 -11"><span class='ocrx_word' id='word_1_13' title='bbox 181 362 278 412; x_wconf 84' lang='lat' dir='ltr'>moribus</span> <span class='ocrx_word' id='word_1_14' title='bbox 292 384 317 412; x_wconf 91' lang='lat' dir='ltr'>ac</span> <span class='ocrx_word' id='word_1_15' title='bbox 332 362 451 421; x_wconf 77' lang='lat' dir='ltr'><strong>praeceptis</strong></span> <span class='ocrx_word' id='word_1_16' title='bbox 465 361 494 411; x_wconf 87' lang='lat' dir='ltr'>ad</span> <span class='ocrx_word' id='word_1_17' title='bbox 507 360 563 410; x_wconf 86' lang='lat' dir='ltr'>bene</span> <span class='ocrx_word' id='word_1_18' title='bbox 576 360 694 411; x_wconf 89' lang='lat' dir='ltr'>vivendum</span> <span class='ocrx_word' id='word_1_19' title='bbox 708 361 846 415; x_wconf 76' lang='lat' dir='ltr'>instruerent:</span> <span class='ocrx_word' id='word_1_20' title='bbox 860 361 913 410; x_wconf 90' lang='lat' dir='ltr'>alios</span> <span class='ocrx_word' id='word_1_21' title='bbox 927 367 963 422; x_wconf 84' lang='lat' dir='ltr'>qui</span> 
     </span>
     <span class='ocr_line' id='line_1_4' title="bbox 181 432 1032 492; baseline 0.002 -11"><span class='ocrx_word' id='word_1_22' title='bbox 181 447 279 482; x_wconf 85' lang='lat' dir='ltr'>veterum</span> <span class='ocrx_word' id='word_1_23' title='bbox 293 445 352 492; x_wconf 79' lang='lat' dir='ltr'>gesta</span> <span class='ocrx_word' id='word_1_24' title='bbox 364 445 475 481; x_wconf 80' lang='lat' dir='ltr'>narrarent</span> <span class='ocrx_word' id='word_1_25' title='bbox 487 445 509 480; x_wconf 89' lang='lat' dir='ltr'>et</span> <span class='ocrx_word' id='word_1_26' title='bbox 527 433 601 492; x_wconf 86' lang='lat' dir='ltr'>quales</span> <span class='ocrx_word' id='word_1_27' title='bbox 614 432 703 481; x_wconf 83' lang='lat' dir='ltr'>luerunt</span> <span class='ocrx_word' id='word_1_28' title='bbox 717 433 807 481; x_wconf 91' lang='lat' dir='ltr'>maiores</span> <span class='ocrx_word' id='word_1_29' title='bbox 820 432 895 487; x_wconf 80' lang='lat' dir='ltr'>nostri,</span> <span class='ocrx_word' id='word_1_30' title='bbox 913 435 964 485; x_wconf 88' lang='lat' dir='ltr'>tales</span> <span class='ocrx_word' id='word_1_31' title='bbox 1030 465 1032 483; x_wconf 79' lang='grc'>;</span> 
     </span>
     <span class='ocr_line' id='line_1_5' title="bbox 182 505 964 566; baseline 0.001 -10"><span class='ocrx_word' id='word_1_32' title='bbox 182 527 229 555; x_wconf 89' lang='lat' dir='ltr'>esse</span> <span class='ocrx_word' id='word_1_33' title='bbox 244 507 361 556; x_wconf 86' lang='lat' dir='ltr'>debeamus</span> <span class='ocrx_word' id='word_1_34' title='bbox 377 506 522 561; x_wconf 89' lang='lat' dir='ltr'>ostenderent;</span> <span class='ocrx_word' id='word_1_35' title='bbox 538 506 613 555; x_wconf 78' lang='lat' dir='ltr'>adesse</span> <span class='ocrx_word' id='word_1_36' title='bbox 623 506 661 565; x_wconf 87' lang='lat' dir='ltr'>qui</span> <span class='ocrx_word' id='word_1_37' title='bbox 672 506 749 565; x_wconf 90' lang='lat' dir='ltr'>optimi</span> <span class='ocrx_word' id='word_1_38' title='bbox 763 505 827 555; x_wconf 88' lang='lat' dir='ltr'>etiam</span> <span class='ocrx_word' id='word_1_39' title='bbox 840 526 865 555; x_wconf 83' lang='lat' dir='ltr'>ac</span> <span class='ocrx_word' id='word_1_40' title='bbox 878 510 964 566; x_wconf 84' lang='lat' dir='ltr'>superni</span> 
     </span>
    </p>

    <p class='ocr_par' dir='ltr' id='par_1_3' title="bbox 155 578 1038 941">
     <span class='ocr_line' id='line_1_6' title="bbox 155 578 965 639; baseline 0 -10"><span class='ocrx_word' id='word_1_41' title='bbox 155 582 167 629; x_wconf 89' lang='grc'>5</span> <span class='ocrx_word' id='word_1_42' title='bbox 183 580 217 629; x_wconf 88' lang='lat' dir='ltr'>dei</span> <span class='ocrx_word' id='word_1_43' title='bbox 232 579 397 629; x_wconf 77' lang='lat' dir='ltr'>sacratissimam</span> <span class='ocrx_word' id='word_1_44' title='bbox 412 592 508 628; x_wconf 80' lang='lat' dir='ltr'>mentem</span> <span class='ocrx_word' id='word_1_45' title='bbox 522 580 637 637; x_wconf 81' lang='lat' dir='ltr'>sapienter,</span> <span class='ocrx_word' id='word_1_46' title='bbox 652 591 733 633; x_wconf 87' lang='lat' dir='ltr'>sancte,</span> <span class='ocrx_word' id='word_1_47' title='bbox 748 578 847 636; x_wconf 82' lang='lat' dir='ltr'>religiose</span> <span class='ocrx_word' id='word_1_48' title='bbox 860 580 965 639; x_wconf 85' lang='lat' dir='ltr'>interpre-</span> 
     </span>
     <span class='ocr_line' id='line_1_7' title="bbox 182 652 965 711; baseline -0.001 -10"><span class='ocrx_word' id='word_1_49' title='bbox 182 665 278 701; x_wconf 89' lang='lat' dir='ltr'>tarentur</span> <span class='ocrx_word' id='word_1_50' title='bbox 289 666 311 701; x_wconf 91' lang='lat' dir='ltr'>et</span> <span class='ocrx_word' id='word_1_51' title='bbox 322 652 398 701; x_wconf 86' lang='lat' dir='ltr'>darent</span> <span class='ocrx_word' id='word_1_52' title='bbox 410 672 454 710; x_wconf 84' lang='lat' dir='ltr'>quo</span> <span class='ocrx_word' id='word_1_53' title='bbox 466 652 520 700; x_wconf 88' lang='lat' dir='ltr'>deus</span> <span class='ocrx_word' id='word_1_54' title='bbox 532 652 582 706; x_wconf 90' lang='lat' dir='ltr'>ritu,</span> <span class='ocrx_word' id='word_1_55' title='bbox 594 652 675 711; x_wconf 85' lang='lat' dir='ltr'>quibus</span> <span class='ocrx_word' id='word_1_56' title='bbox 687 652 789 700; x_wconf 82' lang='lat' dir='ltr'>sacrisac</span> <span class='ocrx_word' id='word_1_57' title='bbox 800 653 927 701; x_wconf 86' lang='lat' dir='ltr'>ceremoniis</span> <span class='ocrx_word' id='word_1_58' title='bbox 938 656 965 703; x_wconf 91' lang='lat' dir='ltr'>sit</span> 
     </span>
     <span class='ocr_line' id='line_1_8' title="bbox 182 724 964 785; baseline 0.002 -11"><span class='ocrx_word' id='word_1_59' title='bbox 182 726 293 781; x_wconf 86' lang='lat' dir='ltr'>colendus,</span> <span class='ocrx_word' id='word_1_60' title='bbox 309 745 398 785; x_wconf 89' lang='lat' dir='ltr'>remque</span> <span class='ocrx_word' id='word_1_61' title='bbox 414 745 503 773; x_wconf 92' lang='lat' dir='ltr'>omnem</span> <span class='ocrx_word' id='word_1_62' title='bbox 518 725 615 773; x_wconf 86' lang='lat' dir='ltr'>divinam</span> <span class='ocrx_word' id='word_1_63' title='bbox 631 725 659 773; x_wconf 87' lang='lat' dir='ltr'>ad</span> <span class='ocrx_word' id='word_1_64' title='bbox 674 743 737 774; x_wconf 87' lang='lat' dir='ltr'>verae</span> <span class='ocrx_word' id='word_1_65' title='bbox 752 724 827 774; x_wconf 89' lang='lat' dir='ltr'>salutis</span> <span class='ocrx_word' id='word_1_66' title='bbox 842 726 900 774; x_wconf 87' lang='lat' dir='ltr'>viam</span> <span class='ocrx_word' id='word_1_67' title='bbox 915 726 964 782; x_wconf 82' lang='lat' dir='ltr'>fide,</span> 
     </span>
     <span class='ocr_line' id='line_1_9' title="bbox 182 799 552 858; baseline -0.001 -10"><span class='ocrx_word' id='word_1_68' title='bbox 182 800 316 855; x_wconf 86' lang='lat' dir='ltr'>auctoritate,</span> <span class='ocrx_word' id='word_1_69' title='bbox 332 799 426 858; x_wconf 81' lang='lat' dir='ltr'>vestigiis</span> <span class='ocrx_word' id='word_1_70' title='bbox 441 799 552 848; x_wconf 86' lang='lat' dir='ltr'>ducerent.</span> 
     </span>
     <span class='ocr_line' id='line_1_10' title="bbox 225 871 965 933; baseline 0.001 -12"><span class='ocrx_word' id='word_1_71' title='bbox 225 872 333 933; x_wconf 82' lang='lat' dir='ltr'>Equidem</span> <span class='ocrx_word' id='word_1_72' title='bbox 348 873 403 921; x_wconf 88' lang='lat' dir='ltr'>hanc</span> <span class='ocrx_word' id='word_1_73' title='bbox 426 879 514 921; x_wconf 88' lang='lat' dir='ltr'>tantam</span> <span class='ocrx_word' id='word_1_74' title='bbox 532 871 678 931; x_wconf 73' lang='lat' dir='ltr'>frequentiam</span> <span class='ocrx_word' id='word_1_75' title='bbox 701 886 722 920; x_wconf 88' lang='lat' dir='ltr'>et</span> <span class='ocrx_word' id='word_1_76' title='bbox 745 873 901 931; x_wconf 84' lang='lat' dir='ltr'>amplissimam</span> <span class='ocrx_word' id='word_1_77' title='bbox 923 872 965 922; x_wconf 75' lang='lat' dir='ltr'>fre·</span> 
     </span>
    </p>

    <p class='ocr_par' dir='ltr' id='par_1_4' title="bbox 131 938 1037 1158">
     <span class='ocr_line' id='line_1_11' title="bbox 146 946 966 1008; baseline 0 -13"><span class='ocrx_word' id='word_1_78' title='bbox 146 949 171 996; x_wconf 89' lang='grc'>10</span> <span class='ocrx_word' id='word_1_79' title='bbox 185 947 297 1008; x_wconf 78' lang='lat' dir='ltr'>quantiam</span> <span class='ocrx_word' id='word_1_80' title='bbox 312 946 426 995; x_wconf 82' lang='lat' dir='ltr'>hominum</span> <span class='ocrx_word' id='word_1_81' title='bbox 439 946 565 1004; x_wconf 90' lang='lat' dir='ltr'>peritorum,</span> <span class='ocrx_word' id='word_1_82' title='bbox 580 946 618 1004; x_wconf 89' lang='lat' dir='ltr'>qui</span> <span class='ocrx_word' id='word_1_83' title='bbox 632 958 653 993; x_wconf 90' lang='lat' dir='ltr'>et</span> <span class='ocrx_word' id='word_1_84' title='bbox 663 946 786 993; x_wconf 89' lang='lat' dir='ltr'>doctissimi</span> <span class='ocrx_word' id='word_1_85' title='bbox 800 966 840 994; x_wconf 92' lang='lat' dir='ltr'>suo</span> <span class='ocrx_word' id='word_1_86' title='bbox 853 947 880 995; x_wconf 87' lang='lat' dir='ltr'>in</span> <span class='ocrx_word' id='word_1_87' title='bbox 890 960 966 1004; x_wconf 82' lang='lat' dir='ltr'>genere</span> 
     </span>
     <span class='ocr_line' id='line_1_12' title="bbox 131 1015 1037 1077; baseline 0 -9"><span class='ocrx_word' id='word_1_88' title='bbox 131 1015 133 1017; x_wconf 46' lang='grc'><strong>’</strong></span> <span class='ocrx_word' id='word_1_89' title='bbox 184 1018 303 1068; x_wconf 85' lang='lat' dir='ltr'>floruerunt</span> <span class='ocrx_word' id='word_1_90' title='bbox 318 1030 340 1067; x_wconf 89' lang='lat' dir='ltr'>et</span> <span class='ocrx_word' id='word_1_91' title='bbox 355 1017 447 1066; x_wconf 87' lang='lat' dir='ltr'>mirabili</span> <span class='ocrx_word' id='word_1_92' title='bbox 462 1018 549 1076; x_wconf 80' lang='lat' dir='ltr'>ingenio</span> <span class='ocrx_word' id='word_1_93' title='bbox 563 1017 642 1077; x_wconf 87' lang='lat' dir='ltr'>prediti</span> <span class='ocrx_word' id='word_1_94' title='bbox 658 1036 741 1066; x_wconf 91' lang='lat' dir='ltr'>morem</span> <span class='ocrx_word' id='word_1_95' title='bbox 756 1018 819 1075; x_wconf 84' lang='lat' dir='ltr'>nobis</span> <span class='ocrx_word' id='word_1_96' title='bbox 834 1037 907 1077; x_wconf 82' lang='lat' dir='ltr'>gerere</span> <span class='ocrx_word' id='word_1_97' title='bbox 921 1032 966 1068; x_wconf 84' lang='lat' dir='ltr'>stu·</span> <span class='ocrx_word' id='word_1_98' title='bbox 1022 1029 1037 1077; x_wconf 77' lang='grc' dir='ltr'>ζ</span> 
     </span>
     <span class='ocr_line' id='line_1_13' title="bbox 185 1092 966 1151; baseline -0.001 -10"><span class='ocrx_word' id='word_1_99' title='bbox 185 1093 287 1147; x_wconf 91' lang='lat' dir='ltr'>duerunt,</span> <span class='ocrx_word' id='word_1_100' title='bbox 302 1112 388 1140; x_wconf 84' lang='lat' dir='ltr'>mecum</span> <span class='ocrx_word' id='word_1_101' title='bbox 403 1112 466 1149; x_wconf 89' lang='lat' dir='ltr'>saepe</span> <span class='ocrx_word' id='word_1_102' title='bbox 481 1092 594 1139; x_wconf 90' lang='lat' dir='ltr'>considero</span> <span class='ocrx_word' id='word_1_103' title='bbox 607 1104 628 1138; x_wconf 91' lang='lat' dir='ltr'>et</span> <span class='ocrx_word' id='word_1_104' title='bbox 641 1112 696 1149; x_wconf 87' lang='lat' dir='ltr'>quos</span> <span class='ocrx_word' id='word_1_105' title='bbox 709 1092 782 1139; x_wconf 86' lang='lat' dir='ltr'>videre</span> <span class='ocrx_word' id='word_1_106' title='bbox 794 1093 862 1140; x_wconf 92' lang='lat' dir='ltr'>oculis</span> <span class='ocrx_word' id='word_1_107' title='bbox 875 1112 966 1151; x_wconf 82' lang='lat' dir='ltr'>nequeo,</span> 
     </span>
    </p>

    <p class='ocr_par' dir='ltr' id='par_1_5' title="bbox 125 1156 1041 1457">
     <span class='ocr_line' id='line_1_14' title="bbox 125 1163 967 1224; baseline -0.001 -10"><span class='ocrx_word' id='word_1_108' title='bbox 125 1177 126 1181; x_wconf 78' lang='grc'>’</span> <span class='ocrx_word' id='word_1_109' title='bbox 185 1185 222 1214; x_wconf 91' lang='lat' dir='ltr'>eos</span> <span class='ocrx_word' id='word_1_110' title='bbox 232 1185 275 1223; x_wconf 87' lang='lat' dir='ltr'>qua</span> <span class='ocrx_word' id='word_1_111' title='bbox 285 1185 375 1224; x_wconf 89' lang='lat' dir='ltr'>possum</span> <span class='ocrx_word' id='word_1_112' title='bbox 386 1177 458 1212; x_wconf 91' lang='lat' dir='ltr'>mente</span> <span class='ocrx_word' id='word_1_113' title='bbox 468 1184 493 1212; x_wconf 87' lang='lat' dir='ltr'>ac</span> <span class='ocrx_word' id='word_1_114' title='bbox 504 1164 597 1213; x_wconf 89' lang='lat' dir='ltr'>nominis</span> <span class='ocrx_word' id='word_1_115' title='bbox 609 1165 756 1212; x_wconf 88' lang='lat' dir='ltr'>recordatione</span> <span class='ocrx_word' id='word_1_116' title='bbox 766 1165 908 1224; x_wconf 89' lang='lat' dir='ltr'>contemplor.</span> <span class='ocrx_word' id='word_1_117' title='bbox 920 1163 967 1214; x_wconf 86' lang='lat' dir='ltr'>Hoc</span> 
     </span>
     <span class='ocr_line' id='line_1_15' title="bbox 132 1237 967 1299; baseline -0.001 -11"><span class='ocrx_word' id='word_1_118' title='bbox 132 1247 134 1249; x_wconf 80' lang='grc'><strong>’</strong></span> <span class='ocrx_word' id='word_1_119' title='bbox 185 1240 243 1288; x_wconf 88' lang='lat' dir='ltr'>enim</span> <span class='ocrx_word' id='word_1_120' title='bbox 258 1239 362 1289; x_wconf 88' lang='lat' dir='ltr'>debemus</span> <span class='ocrx_word' id='word_1_121' title='bbox 380 1238 479 1297; x_wconf 85' lang='lat' dir='ltr'>quisque,</span> <span class='ocrx_word' id='word_1_122' title='bbox 498 1257 538 1286; x_wconf 94' lang='lat' dir='ltr'>nec</span> <span class='ocrx_word' id='word_1_123' title='bbox 555 1239 631 1296; x_wconf 82' lang='lat' dir='ltr'>ingrati</span> <span class='ocrx_word' id='word_1_124' title='bbox 649 1257 729 1287; x_wconf 91' lang='lat' dir='ltr'>nomen</span> <span class='ocrx_word' id='word_1_125' title='bbox 744 1237 851 1297; x_wconf 80' lang='lat' dir='ltr'>effugiunt</span> <span class='ocrx_word' id='word_1_126' title='bbox 867 1239 912 1299; x_wconf 86' lang='lat' dir='ltr'>qui,</span> <span class='ocrx_word' id='word_1_127' title='bbox 927 1238 967 1288; x_wconf 90' lang='lat' dir='ltr'>etsi</span> 
     </span>
     <span class='ocr_line' id='line_1_16' title="bbox 146 1311 967 1370; baseline -0.003 -10"><span class='ocrx_word' id='word_1_128' title='bbox 146 1314 171 1362; x_wconf 82' lang='lat' dir='ltr'>l5</span> <span class='ocrx_word' id='word_1_129' title='bbox 187 1332 227 1370; x_wconf 92' lang='lat' dir='ltr'>pro</span> <span class='ocrx_word' id='word_1_130' title='bbox 241 1312 374 1370; x_wconf 85' lang='lat' dir='ltr'>amplissimo</span> <span class='ocrx_word' id='word_1_131' title='bbox 388 1311 493 1359; x_wconf 87' lang='lat' dir='ltr'>beneficio</span> <span class='ocrx_word' id='word_1_132' title='bbox 507 1312 557 1359; x_wconf 83' lang='lat' dir='ltr'>satis</span> <span class='ocrx_word' id='word_1_133' title='bbox 571 1311 653 1358; x_wconf 74' lang='lat' dir='ltr'>referrev</span> <span class='ocrx_word' id='word_1_134' title='bbox 663 1331 734 1369; x_wconf 87' lang='lat' dir='ltr'>neque</span> <span class='ocrx_word' id='word_1_135' title='bbox 746 1313 824 1369; x_wconf 90' lang='lat' dir='ltr'>premii</span> <span class='ocrx_word' id='word_1_136' title='bbox 837 1333 877 1360; x_wconf 93' lang='lat' dir='ltr'>nec</span> <span class='ocrx_word' id='word_1_137' title='bbox 890 1314 967 1370; x_wconf 81' lang='lat' dir='ltr'>gratiae</span> 
     </span>
     <span class='ocr_line' id='line_1_17' title="bbox 133 1383 968 1445; baseline -0.001 -10"><span class='ocrx_word' id='word_1_138' title='bbox 133 1390 135 1392; x_wconf 73' lang='grc'><strong>’</strong></span> <span class='ocrx_word' id='word_1_139' title='bbox 186 1386 276 1445; x_wconf 88' lang='lat' dir='ltr'>possint,</span> <span class='ocrx_word' id='word_1_140' title='bbox 292 1385 314 1434; x_wconf 89' lang='lat' dir='ltr'>id</span> <span class='ocrx_word' id='word_1_141' title='bbox 329 1405 373 1434; x_wconf 94' lang='lat' dir='ltr'>non</span> <span class='ocrx_word' id='word_1_142' title='bbox 388 1397 464 1434; x_wconf 89' lang='lat' dir='ltr'>curant</span> <span class='ocrx_word' id='word_1_143' title='bbox 478 1383 560 1439; x_wconf 85' lang='lat' dir='ltr'>saltem,</span> <span class='ocrx_word' id='word_1_144' title='bbox 576 1397 600 1433; x_wconf 88' lang='lat' dir='ltr'>ut</span> <span class='ocrx_word' id='word_1_145' title='bbox 615 1404 659 1433; x_wconf 90' lang='lat' dir='ltr'>non</span> <span class='ocrx_word' id='word_1_146' title='bbox 673 1383 735 1434; x_wconf 87' lang='lat' dir='ltr'>obliti</span> <span class='ocrx_word' id='word_1_147' title='bbox 750 1385 788 1434; x_wconf 88' lang='lat' dir='ltr'>sed</span> <span class='ocrx_word' id='word_1_148' title='bbox 803 1402 908 1445; x_wconf 87' lang='lat' dir='ltr'>memores</span> <span class='ocrx_word' id='word_1_149' title='bbox 922 1405 968 1434; x_wconf 89' lang='lat' dir='ltr'>esse</span> 
     </span>
    </p>
   </div>
   <div class='ocr_carea' id='block_1_3' title="bbox 137 1458 1042 1734">
    <p class='ocr_par' dir='ltr' id='par_1_6' title="bbox 137 1453 1047 1734">
     <span class='ocr_line' id='line_1_18' title="bbox 186 1458 969 1518; baseline -0.004 -9"><span class='ocrx_word' id='word_1_150' title='bbox 186 1480 211 1508; x_wconf 87' lang='lat' dir='ltr'>ae</span> <span class='ocrx_word' id='word_1_151' title='bbox 225 1460 322 1508; x_wconf 88' lang='lat' dir='ltr'>venerari</span> <span class='ocrx_word' id='word_1_152' title='bbox 336 1479 373 1506; x_wconf 89' lang='lat' dir='ltr'>eos</span> <span class='ocrx_word' id='word_1_153' title='bbox 387 1472 469 1518; x_wconf 89' lang='lat' dir='ltr'>quanto</span> <span class='ocrx_word' id='word_1_154' title='bbox 483 1471 574 1518; x_wconf 87' lang='lat' dir='ltr'>possunt</span> <span class='ocrx_word' id='word_1_155' title='bbox 589 1458 708 1507; x_wconf 87' lang='lat' dir='ltr'>honoreac</span> <span class='ocrx_word' id='word_1_156' title='bbox 722 1459 852 1516; x_wconf 87' lang='lat' dir='ltr'>sempiterna</span> <span class='ocrx_word' id='word_1_157' title='bbox 866 1461 969 1508; x_wconf 88' lang='lat' dir='ltr'>memoria</span> 
     </span>
     <span class='ocr_line' id='line_1_19' title="bbox 186 1524 969 1590; baseline -0.001 -10"><span class='ocrx_word' id='word_1_158' title='bbox 186 1532 307 1580; x_wconf 84' lang='lat' dir='ltr'>videantur.</span> <span class='ocrx_word' id='word_1_159' title='bbox 322 1530 383 1587; x_wconf 89' lang='lat' dir='ltr'>Quid</span> <span class='ocrx_word' id='word_1_160' title='bbox 397 1531 456 1578; x_wconf 93' lang='lat' dir='ltr'>enim</span> <span class='ocrx_word' id='word_1_161' title='bbox 470 1531 547 1585; x_wconf 88' lang='lat' dir='ltr'>maius,</span> <span class='ocrx_word' id='word_1_162' title='bbox 563 1530 617 1589; x_wconf 88' lang='lat' dir='ltr'>quid</span> <span class='ocrx_word' id='word_1_163' title='bbox 632 1524 781 1589; x_wconf 81' lang='lat' dir='ltr'>praestantius,</span> <span class='ocrx_word' id='word_1_164' title='bbox 796 1532 850 1590; x_wconf 84' lang='lat' dir='ltr'>quid</span> <span class='ocrx_word' id='word_1_165' title='bbox 865 1531 969 1581; x_wconf 84' lang='lat' dir='ltr'>excellen-</span> 
     </span>
     <span class='ocr_line' id='line_1_20' title="bbox 137 1602 1042 1663; baseline -0.003 -10"><span class='ocrx_word' id='word_1_166' title='bbox 137 1602 139 1605; x_wconf 11' lang='grc' dir='ltr'><em>Α</em></span> <span class='ocrx_word' id='word_1_167' title='bbox 186 1605 230 1653; x_wconf 91' lang='lat' dir='ltr'>tius</span> <span class='ocrx_word' id='word_1_168' title='bbox 244 1617 281 1652; x_wconf 90' lang='lat' dir='ltr'>aut</span> <span class='ocrx_word' id='word_1_169' title='bbox 296 1625 336 1652; x_wconf 88' lang='lat' dir='ltr'>nos</span> <span class='ocrx_word' id='word_1_170' title='bbox 352 1616 425 1661; x_wconf 91' lang='lat' dir='ltr'>petere</span> <span class='ocrx_word' id='word_1_171' title='bbox 440 1616 477 1651; x_wconf 89' lang='lat' dir='ltr'>aut</span> <span class='ocrx_word' id='word_1_172' title='bbox 492 1602 523 1650; x_wconf 91' lang='lat' dir='ltr'>illi</span> <span class='ocrx_word' id='word_1_173' title='bbox 539 1603 590 1651; x_wconf 89' lang='lat' dir='ltr'>dare</span> <span class='ocrx_word' id='word_1_174' title='bbox 605 1616 723 1661; x_wconf 90' lang='lat' dir='ltr'>potuerunt</span> <span class='ocrx_word' id='word_1_175' title='bbox 739 1623 805 1661; x_wconf 87' lang='lat' dir='ltr'>quam</span> <span class='ocrx_word' id='word_1_176' title='bbox 820 1624 860 1653; x_wconf 91' lang='lat' dir='ltr'>suo</span> <span class='ocrx_word' id='word_1_177' title='bbox 875 1605 968 1663; x_wconf 84' lang='lat' dir='ltr'>ingenio,</span> <span class='ocrx_word' id='word_1_178' title='bbox 1026 1609 1042 1655; x_wconf 67' lang='lat'>,</span> 
     </span>
     <span class='ocr_line' id='line_1_21' title="bbox 145 1676 970 1734; baseline 0 -9"><span class='ocrx_word' id='word_1_179' title='bbox 145 1679 174 1726; x_wconf 81' lang='lat'>20</span> <span class='ocrx_word' id='word_1_180' title='bbox 188 1677 268 1731; x_wconf 84' lang='lat' dir='ltr'>labore,</span> <span class='ocrx_word' id='word_1_181' title='bbox 283 1676 355 1725; x_wconf 90' lang='lat' dir='ltr'>studio</span> <span class='ocrx_word' id='word_1_182' title='bbox 369 1676 453 1733; x_wconf 89' lang='lat' dir='ltr'>operari</span> <span class='ocrx_word' id='word_1_183' title='bbox 467 1689 492 1723; x_wconf 89' lang='lat' dir='ltr'>ut</span> <span class='ocrx_word' id='word_1_184' title='bbox 507 1695 562 1734; x_wconf 87' lang='lat' dir='ltr'>quae</span> <span class='ocrx_word' id='word_1_185' title='bbox 577 1676 676 1730; x_wconf 84' lang='lat' dir='ltr'>maximis</span> <span class='ocrx_word' id='word_1_186' title='bbox 690 1676 713 1723; x_wconf 95' lang='lat' dir='ltr'>in</span> <span class='ocrx_word' id='word_1_187' title='bbox 727 1676 792 1723; x_wconf 85' lang='lat' dir='ltr'>rebus</span> <span class='ocrx_word' id='word_1_188' title='bbox 806 1697 831 1724; x_wconf 91' lang='lat' dir='ltr'>ac</span> <span class='ocrx_word' id='word_1_189' title='bbox 845 1678 933 1734; x_wconf 91' lang='lat' dir='ltr'>optimis</span> <span class='ocrx_word' id='word_1_190' title='bbox 947 1678 970 1724; x_wconf 89' lang='lat' dir='ltr'>in</span> 
     </span>
    </p>
   </div>
   <div class='ocr_carea' id='block_1_4' title="bbox 187 1747 970 1882">
    <p class='ocr_par' dir='ltr' id='par_1_7' title="bbox 187 1734 1045 1888">
     <span class='ocr_line' id='line_1_22' title="bbox 187 1747 970 1806; baseline 0 -8"><span class='ocrx_word' id='word_1_191' title='bbox 187 1750 291 1798; x_wconf 85' lang='lat' dir='ltr'>doctrinis</span> <span class='ocrx_word' id='word_1_192' title='bbox 305 1748 396 1802; x_wconf 86' lang='lat' dir='ltr'>occulta,</span> <span class='ocrx_word' id='word_1_193' title='bbox 413 1748 487 1802; x_wconf 86' lang='lat' dir='ltr'>dubia,</span> <span class='ocrx_word' id='word_1_194' title='bbox 504 1749 613 1806; x_wconf 84' lang='lat' dir='ltr'>incognita</span> <span class='ocrx_word' id='word_1_195' title='bbox 629 1747 692 1796; x_wconf 87' lang='lat' dir='ltr'>nobis</span> <span class='ocrx_word' id='word_1_196' title='bbox 709 1762 787 1804; x_wconf 88' lang='lat' dir='ltr'>essent,</span> <span class='ocrx_word' id='word_1_197' title='bbox 804 1769 829 1797; x_wconf 88' lang='lat' dir='ltr'>ea</span> <span class='ocrx_word' id='word_1_198' title='bbox 845 1750 887 1798; x_wconf 85' lang='lat' dir='ltr'>sul&gt;</span> <span class='ocrx_word' id='word_1_199' title='bbox 903 1750 970 1798; x_wconf 87' lang='lat' dir='ltr'>oeulis</span> 
     </span>
     <span class='ocr_line' id='line_1_23' title="bbox 188 1819 970 1882; baseline 0.002 -12"><span class='ocrx_word' id='word_1_200' title='bbox 188 1824 257 1881; x_wconf 84' lang='lat' dir='ltr'>posita</span> <span class='ocrx_word' id='word_1_201' title='bbox 269 1835 291 1870; x_wconf 88' lang='lat' dir='ltr'>et</span> <span class='ocrx_word' id='word_1_202' title='bbox 303 1821 397 1880; x_wconf 90' lang='lat' dir='ltr'>patentia</span> <span class='ocrx_word' id='word_1_203' title='bbox 409 1820 542 1882; x_wconf 65' lang='lat' dir='ltr'>habeamus?</span> <span class='ocrx_word' id='word_1_204' title='bbox 555 1819 626 1869; x_wconf 88' lang='lat' dir='ltr'>Nobis</span> <span class='ocrx_word' id='word_1_205' title='bbox 638 1834 718 1876; x_wconf 89' lang='lat' dir='ltr'>autem,</span> <span class='ocrx_word' id='word_1_206' title='bbox 732 1822 835 1879; x_wconf 86' lang='lat' dir='ltr'>quoniam</span> <span class='ocrx_word' id='word_1_207' title='bbox 847 1822 970 1881; x_wconf 78' lang='lat' dir='ltr'>singulatim</span> 
     </span>
    </p>
   </div>
   <div class='ocr_carea' id='block_1_5' title="bbox 187 1894 971 1953">
    <p class='ocr_par' dir='ltr' id='par_1_8' title="bbox 187 1893 1047 1954">
     <span class='ocr_line' id='line_1_24' title="bbox 187 1894 971 1953; baseline 0 -8"><span class='ocrx_word' id='word_1_208' title='bbox 187 1896 246 1946; x_wconf 88' lang='lat' dir='ltr'>adire</span> <span class='ocrx_word' id='word_1_209' title='bbox 263 1916 338 1944; x_wconf 87' lang='lat' dir='ltr'>omnes</span> <span class='ocrx_word' id='word_1_210' title='bbox 355 1908 376 1944; x_wconf 88' lang='lat' dir='ltr'>et</span> <span class='ocrx_word' id='word_1_211' title='bbox 392 1895 460 1943; x_wconf 89' lang='lat' dir='ltr'>vitam</span> <span class='ocrx_word' id='word_1_212' title='bbox 476 1914 545 1949; x_wconf 87' lang='lat' dir='ltr'>suam,</span> <span class='ocrx_word' id='word_1_213' title='bbox 562 1907 587 1943; x_wconf 91' lang='lat' dir='ltr'>ut</span> <span class='ocrx_word' id='word_1_214' title='bbox 598 1894 669 1953; x_wconf 70' lang='lat' dir='ltr'>&#39;exigit</span> <span class='ocrx_word' id='word_1_215' title='bbox 686 1894 786 1953; x_wconf 83' lang='lat' dir='ltr'>dignitas,</span> <span class='ocrx_word' id='word_1_216' title='bbox 803 1908 824 1944; x_wconf 92' lang='lat' dir='ltr'>et</span> <span class='ocrx_word' id='word_1_217' title='bbox 840 1896 934 1945; x_wconf 89' lang='lat' dir='ltr'>arduum</span> <span class='ocrx_word' id='word_1_218' title='bbox 949 1908 971 1945; x_wconf 88' lang='lat' dir='ltr'>et</span> 
     </span>
    </p>
   </div>
   <div class='ocr_carea' id='block_1_6' title="bbox 188 1967 1046 2028">
    <p class='ocr_par' dir='ltr' id='par_1_9' title="bbox 188 1965 1046 2033">
     <span class='ocr_line' id='line_1_25' title="bbox 188 1967 1046 2028; baseline -0.005 -10"><span class='ocrx_word' id='word_1_219' title='bbox 188 1969 298 2019; x_wconf 87' lang='lat' dir='ltr'>infinitum</span> <span class='ocrx_word' id='word_1_220' title='bbox 312 1981 375 2023; x_wconf 88' lang='lat' dir='ltr'>esset,</span> <span class='ocrx_word' id='word_1_221' title='bbox 383 1968 468 2016; x_wconf 89' lang='lat' dir='ltr'>animus</span> <span class='ocrx_word' id='word_1_222' title='bbox 476 1967 582 2025; x_wconf 88' lang='lat' dir='ltr'>persuasit</span> <span class='ocrx_word' id='word_1_223' title='bbox 589 1980 614 2016; x_wconf 91' lang='lat' dir='ltr'>ut</span> <span class='ocrx_word' id='word_1_224' title='bbox 622 1969 696 2026; x_wconf 87' lang='lat' dir='ltr'>paucis</span> <span class='ocrx_word' id='word_1_225' title='bbox 704 1969 800 2017; x_wconf 90' lang='lat' dir='ltr'>contenti</span> <span class='ocrx_word' id='word_1_226' title='bbox 808 1969 883 2024; x_wconf 86' lang='lat' dir='ltr'>simus,</span> <span class='ocrx_word' id='word_1_227' title='bbox 890 1989 971 2028; x_wconf 84' lang='lat' dir='ltr'>eosque</span> <span class='ocrx_word' id='word_1_228' title='bbox 1043 2005 1046 2014; x_wconf 79' lang='grc'>.,</span> 
     </span>
    </p>
   </div>
   <div class='ocr_carea' id='block_1_7' title="bbox 147 2039 971 2099">
    <p class='ocr_par' dir='ltr' id='par_1_10' title="bbox 147 2034 1046 2099">
     <span class='ocr_line' id='line_1_26' title="bbox 147 2039 971 2099; baseline -0.004 -7"><span class='ocrx_word' id='word_1_229' title='bbox 147 2045 175 2092; x_wconf 81' lang='grc'>25</span> <span class='ocrx_word' id='word_1_230' title='bbox 191 2042 257 2090; x_wconf 91' lang='lat' dir='ltr'>modo</span> <span class='ocrx_word' id='word_1_231' title='bbox 271 2041 358 2089; x_wconf 90' lang='lat' dir='ltr'>illorum</span> <span class='ocrx_word' id='word_1_232' title='bbox 372 2060 384 2087; x_wconf 92' lang='lat' dir='ltr'>e</span> <span class='ocrx_word' id='word_1_233' title='bbox 399 2059 490 2088; x_wconf 90' lang='lat' dir='ltr'>numero</span> <span class='ocrx_word' id='word_1_234' title='bbox 504 2039 622 2097; x_wconf 83' lang='lat' dir='ltr'>deligamus</span> <span class='ocrx_word' id='word_1_235' title='bbox 636 2041 674 2099; x_wconf 86' lang='lat' dir='ltr'>qui</span> <span class='ocrx_word' id='word_1_236' title='bbox 690 2060 734 2088; x_wconf 94' lang='lat' dir='ltr'>non</span> <span class='ocrx_word' id='word_1_237' title='bbox 748 2041 840 2098; x_wconf 84' lang='lat' dir='ltr'>graviter</span> <span class='ocrx_word' id='word_1_238' title='bbox 858 2041 929 2091; x_wconf 90' lang='lat' dir='ltr'>solum</span> <span class='ocrx_word' id='word_1_239' title='bbox 947 2062 971 2091; x_wconf 93' lang='lat' dir='ltr'>ac</span> 
     </span>
    </p>
   </div>
   <div class='ocr_carea' id='block_1_8' title="bbox 137 2112 1034 2541">
    <p class='ocr_par' dir='ltr' id='par_1_11' title="bbox 137 2106 1047 2546">
     <span class='ocr_line' id='line_1_27' title="bbox 189 2112 971 2179; baseline 0.005 -15"><span class='ocrx_word' id='word_1_240' title='bbox 189 2114 256 2174; x_wconf 89' lang='lat' dir='ltr'>perite</span> <span class='ocrx_word' id='word_1_241' title='bbox 271 2134 313 2174; x_wconf 88' lang='lat' dir='ltr'>qua</span> <span class='ocrx_word' id='word_1_242' title='bbox 327 2113 354 2162; x_wconf 91' lang='lat' dir='ltr'>de</span> <span class='ocrx_word' id='word_1_243' title='bbox 368 2131 391 2161; x_wconf 91' lang='lat' dir='ltr'>re</span> <span class='ocrx_word' id='word_1_244' title='bbox 405 2112 519 2172; x_wconf 89' lang='lat' dir='ltr'>voluerunt</span> <span class='ocrx_word' id='word_1_245' title='bbox 532 2113 571 2161; x_wconf 87' lang='lat' dir='ltr'>sed</span> <span class='ocrx_word' id='word_1_246' title='bbox 585 2113 680 2172; x_wconf 89' lang='lat' dir='ltr'>quodam</span> <span class='ocrx_word' id='word_1_247' title='bbox 694 2114 759 2173; x_wconf 88' lang='lat' dir='ltr'>etiam</span> <span class='ocrx_word' id='word_1_248' title='bbox 772 2134 823 2163; x_wconf 90' lang='lat' dir='ltr'>cum</span> <span class='ocrx_word' id='word_1_249' title='bbox 834 2128 917 2176; x_wconf 80' lang='lat' dir='ltr'>ornatu,</span> <span class='ocrx_word' id='word_1_250' title='bbox 929 2115 971 2179; x_wconf 85' lang='lat' dir='ltr'>ele·</span> 
     </span>
     <span class='ocr_line' id='line_1_28' title="bbox 137 2180 969 2248; baseline -0.001 -12"><span class='ocrx_word' id='word_1_251' title='bbox 137 2184 139 2187; x_wconf 33' lang='lat'>⁵</span> <span class='ocrx_word' id='word_1_252' title='bbox 189 2191 267 2246; x_wconf 74' lang='lat' dir='ltr'>gantis,</span> <span class='ocrx_word' id='word_1_253' title='bbox 283 2180 387 2245; x_wconf 80' lang='lat' dir='ltr'>dignitate</span> <span class='ocrx_word' id='word_1_254' title='bbox 402 2186 542 2244; x_wconf 90' lang='lat' dir='ltr'>scripserunt.</span> <span class='ocrx_word' id='word_1_255' title='bbox 560 2185 600 2233; x_wconf 90' lang='lat' dir='ltr'>His</span> <span class='ocrx_word' id='word_1_256' title='bbox 616 2186 675 2233; x_wconf 91' lang='lat' dir='ltr'>enim</span> <span class='ocrx_word' id='word_1_257' title='bbox 691 2200 782 2235; x_wconf 88' lang='lat' dir='ltr'>utuntur</span> <span class='ocrx_word' id='word_1_258' title='bbox 798 2187 917 2245; x_wconf 90' lang='lat' dir='ltr'>plurimum</span> <span class='ocrx_word' id='word_1_259' title='bbox 933 2189 969 2248; x_wconf 90' lang='lat' dir='ltr'>qui</span> 
     </span>
     <span class='ocr_line' id='line_1_29' title="bbox 189 2251 857 2318; baseline 0 -8"><span class='ocrx_word' id='word_1_260' title='bbox 189 2274 240 2310; x_wconf 90' lang='lat' dir='ltr'>sunt</span> <span class='ocrx_word' id='word_1_261' title='bbox 254 2260 389 2318; x_wconf 88' lang='lat' dir='ltr'>eloquentiae</span> <span class='ocrx_word' id='word_1_262' title='bbox 399 2259 498 2306; x_wconf 83' lang='lat' dir='ltr'>studiosi.</span> <span class='ocrx_word' id='word_1_263' title='bbox 855 2251 857 2255; x_wconf 72' lang='lat'>‚</span> 
     </span>
     <span class='ocr_line' id='line_1_30' title="bbox 137 2330 1034 2392; baseline 0.002 -10"><span class='ocrx_word' id='word_1_264' title='bbox 137 2330 139 2333; x_wconf 34' lang='lat'><strong><em>¹</em></strong></span> <span class='ocrx_word' id='word_1_265' title='bbox 231 2334 320 2383; x_wconf 90' lang='lat' dir='ltr'>Ordinis</span> <span class='ocrx_word' id='word_1_266' title='bbox 335 2351 385 2381; x_wconf 84' lang='lat' dir='ltr'>vero</span> <span class='ocrx_word' id='word_1_267' title='bbox 400 2332 472 2386; x_wconf 86' lang='lat' dir='ltr'>huius,</span> <span class='ocrx_word' id='word_1_268' title='bbox 487 2332 591 2391; x_wconf 88' lang='lat' dir='ltr'>quoniam</span> <span class='ocrx_word' id='word_1_269' title='bbox 615 2343 688 2391; x_wconf 88' lang='lat' dir='ltr'>poetas</span> <span class='ocrx_word' id='word_1_270' title='bbox 712 2333 829 2392; x_wconf 81' lang='lat' dir='ltr'>exegimus,</span> <span class='ocrx_word' id='word_1_271' title='bbox 854 2354 973 2384; x_wconf 87' lang='lat' dir='ltr'>memorare</span> <span class='ocrx_word' id='word_1_272' title='bbox 1018 2333 1034 2383; x_wconf 58' lang='lat' dir='ltr'>J</span> 
     </span>
     <span class='ocr_line' id='line_1_31' title="bbox 148 2406 972 2468; baseline 0.001 -11"><span class='ocrx_word' id='word_1_273' title='bbox 148 2410 177 2457; x_wconf 80' lang='lat'>30</span> <span class='ocrx_word' id='word_1_274' title='bbox 192 2410 261 2467; x_wconf 87' lang='lat' dir='ltr'>placet</span> <span class='ocrx_word' id='word_1_275' title='bbox 271 2408 318 2456; x_wconf 87' lang='lat' dir='ltr'>illos</span> <span class='ocrx_word' id='word_1_276' title='bbox 328 2407 424 2466; x_wconf 94' lang='lat' dir='ltr'>primum</span> <span class='ocrx_word' id='word_1_277' title='bbox 433 2406 471 2464; x_wconf 87' lang='lat' dir='ltr'>qui</span> <span class='ocrx_word' id='word_1_278' title='bbox 481 2418 539 2464; x_wconf 81' lang='lat' dir='ltr'>gesta</span> <span class='ocrx_word' id='word_1_279' title='bbox 548 2417 646 2454; x_wconf 87' lang='lat' dir='ltr'>veterum</span> <span class='ocrx_word' id='word_1_280' title='bbox 655 2406 684 2454; x_wconf 89' lang='lat' dir='ltr'>ita</span> <span class='ocrx_word' id='word_1_281' title='bbox 694 2406 794 2455; x_wconf 87' lang='lat' dir='ltr'>dixerunt</span> <span class='ocrx_word' id='word_1_282' title='bbox 803 2409 828 2455; x_wconf 84' lang='lat' dir='ltr'>ut</span> <span class='ocrx_word' id='word_1_283' title='bbox 838 2427 893 2468; x_wconf 82' lang='lat' dir='ltr'>quae</span> <span class='ocrx_word' id='word_1_284' title='bbox 901 2408 972 2462; x_wconf 89' lang='lat' dir='ltr'>urbes,</span> 
     </span>
     <span class='ocr_line' id='line_1_32' title="bbox 190 2480 972 2541; baseline 0.002 -11"><span class='ocrx_word' id='word_1_285' title='bbox 190 2503 245 2541; x_wconf 89' lang='lat' dir='ltr'>quae</span> <span class='ocrx_word' id='word_1_286' title='bbox 256 2481 339 2539; x_wconf 92' lang='lat' dir='ltr'>populi,</span> <span class='ocrx_word' id='word_1_287' title='bbox 353 2500 408 2538; x_wconf 88' lang='lat' dir='ltr'>quae</span> <span class='ocrx_word' id='word_1_288' title='bbox 420 2499 487 2537; x_wconf 84' lang='lat' dir='ltr'>reges,</span> <span class='ocrx_word' id='word_1_289' title='bbox 500 2499 556 2537; x_wconf 81' lang='lat' dir='ltr'>quae</span> <span class='ocrx_word' id='word_1_290' title='bbox 567 2480 676 2537; x_wconf 89' lang='lat' dir='ltr'>principes</span> <span class='ocrx_word' id='word_1_291' title='bbox 689 2481 776 2528; x_wconf 88' lang='lat' dir='ltr'>maximi</span> <span class='ocrx_word' id='word_1_292' title='bbox 788 2492 809 2529; x_wconf 89' lang='lat' dir='ltr'>et</span> <span class='ocrx_word' id='word_1_293' title='bbox 821 2481 972 2539; x_wconf 89' lang='lat' dir='ltr'>sapientissimi</span> 
     </span>
    </p>
   </div>
   <div class='ocr_carea' id='block_1_9' title="bbox 189 2551 972 2612">
    <p class='ocr_par' dir='ltr' id='par_1_12' title="bbox 189 2547 1047 2613">
     <span class='ocr_line' id='line_1_33' title="bbox 189 2551 972 2612; baseline -0.001 -9"><span class='ocrx_word' id='word_1_294' title='bbox 189 2554 229 2603; x_wconf 88' lang='lat' dir='ltr'>viri</span> <span class='ocrx_word' id='word_1_295' title='bbox 240 2566 262 2602; x_wconf 89' lang='lat' dir='ltr'>et</span> <span class='ocrx_word' id='word_1_296' title='bbox 271 2573 324 2612; x_wconf 87' lang='lat' dir='ltr'>pace</span> <span class='ocrx_word' id='word_1_297' title='bbox 335 2564 356 2601; x_wconf 92' lang='lat' dir='ltr'>et</span> <span class='ocrx_word' id='word_1_298' title='bbox 367 2551 424 2601; x_wconf 88' lang='lat' dir='ltr'>bello</span> <span class='ocrx_word' id='word_1_299' title='bbox 434 2564 553 2610; x_wconf 85' lang='lat' dir='ltr'>gesserunt,</span> <span class='ocrx_word' id='word_1_300' title='bbox 564 2571 595 2606; x_wconf 86' lang='lat' dir='ltr'>ea,</span> <span class='ocrx_word' id='word_1_301' title='bbox 607 2552 638 2600; x_wconf 92' lang='lat' dir='ltr'>uti</span> <span class='ocrx_word' id='word_1_302' title='bbox 649 2557 710 2600; x_wconf 89' lang='lat' dir='ltr'>erant</span> <span class='ocrx_word' id='word_1_303' title='bbox 720 2551 792 2610; x_wconf 81' lang='lat' dir='ltr'>digna,</span> <span class='ocrx_word' id='word_1_304' title='bbox 804 2554 920 2603; x_wconf 85' lang='lat' dir='ltr'>memoriae</span> <span class='ocrx_word' id='word_1_305' title='bbox 930 2566 972 2602; x_wconf 81' lang='lat' dir='ltr'>tra·</span> 
     </span>
    </p>
   </div>
   <div class='ocr_carea' id='block_1_10' title="bbox 148 2618 974 2822">
    <p class='ocr_par' dir='ltr' id='par_1_13' title="bbox 148 2618 1047 2822">
     <span class='ocr_line' id='line_1_34' title="bbox 190 2618 974 2685; baseline -0.001 -9"><span class='ocrx_word' id='word_1_306' title='bbox 190 2628 234 2677; x_wconf 86' lang='lat' dir='ltr'>dita</span> <span class='ocrx_word' id='word_1_307' title='bbox 249 2627 373 2676; x_wconf 82' lang='lat' dir='ltr'>habeamus.</span> <span class='ocrx_word' id='word_1_308' title='bbox 389 2625 459 2674; x_wconf 88' lang='lat' dir='ltr'>Poetis</span> <span class='ocrx_word' id='word_1_309' title='bbox 474 2645 560 2685; x_wconf 84' lang='lat' dir='ltr'>nanque</span> <span class='ocrx_word' id='word_1_310' title='bbox 574 2618 670 2673; x_wconf 88' lang='lat' dir='ltr'>historici</span> <span class='ocrx_word' id='word_1_311' title='bbox 684 2626 749 2674; x_wconf 85' lang='lat' dir='ltr'>vicini</span> <span class='ocrx_word' id='word_1_312' title='bbox 760 2638 811 2675; x_wconf 89' lang='lat' dir='ltr'>sunt</span> <span class='ocrx_word' id='word_1_313' title='bbox 821 2639 843 2675; x_wconf 94' lang='lat' dir='ltr'>et</span> <span class='ocrx_word' id='word_1_314' title='bbox 852 2639 912 2677; x_wconf 84' lang='lat' dir='ltr'>tanta</span> <span class='ocrx_word' id='word_1_315' title='bbox 921 2647 974 2676; x_wconf 88' lang='lat' dir='ltr'>con·</span> 
     </span>
     <span class='ocr_line' id='line_1_35' title="bbox 191 2698 973 2759; baseline -0.004 -11"><span class='ocrx_word' id='word_1_316' title='bbox 191 2701 257 2749; x_wconf 89' lang='lat' dir='ltr'>iuncti</span> <span class='ocrx_word' id='word_1_317' title='bbox 273 2698 376 2747; x_wconf 84' lang='lat' dir='ltr'>affinitate</span> <span class='ocrx_word' id='word_1_318' title='bbox 390 2699 452 2756; x_wconf 86' lang='lat' dir='ltr'>quod</span> <span class='ocrx_word' id='word_1_319' title='bbox 466 2711 540 2756; x_wconf 88' lang='lat' dir='ltr'>poetas</span> <span class='ocrx_word' id='word_1_320' title='bbox 550 2698 619 2755; x_wconf 88' lang='lat' dir='ltr'>sequi,</span> <span class='ocrx_word' id='word_1_321' title='bbox 630 2717 677 2745; x_wconf 87' lang='lat' dir='ltr'>mea</span> <span class='ocrx_word' id='word_1_322' title='bbox 687 2699 800 2754; x_wconf 83' lang='lat' dir='ltr'>sententia,</span> <span class='ocrx_word' id='word_1_323' title='bbox 810 2720 875 2747; x_wconf 93' lang='lat' dir='ltr'>nemo</span> <span class='ocrx_word' id='word_1_324' title='bbox 884 2701 973 2759; x_wconf 87' lang='lat' dir='ltr'>aequius</span> 
     </span>
     <span class='ocr_line' id='line_1_36' title="bbox 148 2772 296 2822; baseline -0.014 -1"><span class='ocrx_word' id='word_1_325' title='bbox 148 2774 176 2822; x_wconf 78' lang='lat'>35</span> <span class='ocrx_word' id='word_1_326' title='bbox 192 2772 296 2820; x_wconf 86' lang='lat' dir='ltr'>videatur.</span> 
     </span>
    </p>
   </div>
   <div class='ocr_carea' id='block_1_11' title="bbox 191 2947 389 3003">
    <p class='ocr_par' dir='ltr' id='par_1_14' title="bbox 191 2947 389 3003">
     <span class='ocr_line' id='line_1_37' title="bbox 191 2947 389 3003; baseline -0.005 -12"><span class='ocrx_word' id='word_1_327' title='bbox 191 2948 221 2991; x_wconf 79' lang='grc'>16.</span> <span class='ocrx_word' id='word_1_328' title='bbox 236 2947 330 3003; x_wconf 71' lang='lat' dir='ltr'>possinlt)</span> <span class='ocrx_word' id='word_1_329' title='bbox 345 2953 358 2991; x_wconf 77' lang='grc' dir='ltr'>ι’.</span> <span class='ocrx_word' id='word_1_330' title='bbox 373 2964 389 2990; x_wconf 86' lang='lat' dir='ltr'>r.</span> 
     </span>
    </p>
   </div>
   <div class='ocr_carea' id='block_1_12' title="bbox 0 0 1065 3253">
    <p class='ocr_par' dir='ltr' id='par_1_15' title="bbox 0 0 1065 3253">
     <span class='ocr_line' id='line_1_38' title="bbox 0 0 1065 3253; baseline 0 0"><span class='ocrx_word' id='word_1_331' title='bbox 0 0 1065 3253; x_wconf 95' lang='lat' dir='ltr'> </span> 
     </span>
    </p>
   </div>
  </div>
 </body>
</html>
