2093 3253
264 182 396 214 scaurorum
410 182 538 214 utusmruu
550 183 637 215 --usur
651 185 665 216 1.
755 158 758 168 ’
856 171 875 217 ll

82 318 84 322 ’
133 295 223 353 Quippe
231 294 327 359 multum
334 294 376 343 illis
385 307 407 343 et
416 295 504 344 honoris
512 308 534 344 et
542 297 675 345 reverentiae
683 297 882 354 posteritasdebet,

89 368 139 427 ,Qui
151 369 209 418 enirn
220 368 304 418 semina
314 368 403 425 iaciunt,
415 366 437 418 bi
448 389 498 418 meo
508 367 591 419 iudicio
601 369 737 419 nascentium
747 389 812 420 causa
822 383 882 420 sunt.

94 441 197 491 ¹Graviter
208 441 299 502 quidem
309 462 335 490 ac
345 441 445 500 religiose
455 442 497 491 ista
508 443 536 491 de
546 461 570 491 re
580 443 612 492 illi
623 444 704 492 sentire
716 443 769 493 milri
781 435 883 493 videntur

95 516 133 573 qui
148 535 237 563 omnem
250 514 302 563 lacti
317 515 382 563 buius
396 517 503 563 rationem
517 516 545 562 ad
559 530 672 564 summum
685 509 844 575 aeternumque
857 538 883 565 ac

69 591 216 641 Screatorem
237 588 337 636 omnium
358 587 425 636 deum
446 588 569 638 attribuunt
589 588 773 648 arbitramurque,
796 590 828 639 uti
849 607 884 638 res

96 662 142 720 ipsa
154 674 236 715 monet,
245 661 318 721 ipsum
330 660 393 709 illurn
404 681 474 710 unum
485 681 532 710 esse
539 662 606 711 cuius
617 682 630 710 e
641 661 710 717 lonte,
719 664 794 721 gratia,
802 664 885 712 virtute

96 748 117 782 et
134 734 218 782 litterae
234 747 255 782 et
273 734 538 783 doctrinaruminstituta
554 737 635 789 omnia,
653 737 685 784 uti
702 756 759 793 quae
776 737 885 785 habentur

97 807 154 856 bona
166 820 257 861 caetera,
270 806 413 855 etheusta'et
425 806 523 865 prolecta
534 820 593 857 sunt.
606 807 662 864 Quis
673 820 747 857 autem
760 808 900 857 mortalium·

97 882 115 929 is
125 879 191 929 luerit
201 880 239 939 qui
250 893 300 929 ante
309 879 363 929 alios
373 880 450 929 datum
459 879 501 929 sibi
512 901 538 929 ex
547 879 591 929 alto
601 880 676 930 lumen
687 880 778 934 habuit?
794 880 885 942 Perqui-

59 955 85 1002 ll)
99 954 165 1001 situm
179 954 247 1011 magis
261 973 273 1001 a
286 953 386 1012 pluribus
400 953 527 1011 eisdemque
540 955 636 1012 antiquis
649 975 674 1002 ac
688 955 885 1003 doctissimisviris

98 1046 165 1085 quam
171 1025 216 1074 ullo
223 1038 283 1073 certo
289 1025 317 1073 ab
325 1025 414 1073 bomine
421 1025 480 1074 lrunc
486 1026 509 1074 in
516 1025 576 1075 diem
583 1026 652 1076 solide
658 1047 684 1076 ac
690 1046 740 1076 vere
747 1039 885 1085 compertum

98 1100 193 1148 invenio.
208 1097 296 1157 Nempe
311 1099 402 1147 maiores
420 1099 496 1153 nostri,
515 1100 553 1158 qui
571 1092 654 1148 veteles
672 1099 762 1149 luerunt
779 1120 804 1148 ac
822 1100 886 1158 periti

98 1173 139 1222 viri
154 1185 175 1221 et
188 1172 253 1221 huius
266 1173 297 1220 rei
310 1172 472 1231 investigandae
484 1173 616 1231 singularem
625 1191 704 1224 ,curam
717 1186 738 1222 et
752 1172 887 1231 diligentiam

98 1259 271 1304 assumpserunt,
284 1246 339 1294 adeo
352 1259 403 1295 sunt
416 1247 557 1304 opinionibus
570 1247 624 1295 varii
636 1247 735 1305 adeoque
746 1247 886 1299 dissentiunt,

61 1322 85 1371 l5
100 1319 248 1373 adversantur,
262 1331 361 1378 pugnant
374 1331 399 1368 ut
411 1319 466 1379 quid
479 1338 555 1368 verum
568 1319 596 1368 sit
609 1319 733 1368 coniectura
747 1319 815 1378 magis
828 1319 892 1368 credi

100 1414 166 1452 quam
181 1406 239 1441 certa
253 1392 343 1442 scientia
354 1406 376 1441 et
387 1391 456 1442 solida
467 1394 550 1442 ratione
561 1393 655 1442 discerni
663 1394 740 1452 possit.
748 1392 821 1443 Tanta
829 1393 888 1443 enirn

100 1466 123 1514 in
138 1478 244 1514 vetustate
259 1484 333 1514 rerum
347 1478 450 1530 tantaque
465 1466 488 1514 in
503 1465 605 1515 varietate
620 1466 749 1525 opinionum
764 1466 887 1520 hominum,

101 1539 166 1588 etiam
181 1537 358 1588 doctissimorum
379 1559 404 1587 ac
425 1537 585 1593 excellentium,
612 1538 667 1597 quid
688 1557 764 1588 verum
785 1539 813 1588 sit
829 1537 889 1588 haud

86 1612 164 1661 =lacile
181 1613 298 1661 invenitur.
316 1612 366 1660 Hoc
383 1631 470 1670 nanque
487 1633 567 1661 munus
585 1633 632 1660 esse
648 1633 673 1660 ae
690 1614 790 1661 divinum
807 1629 888 1661 munus

61 1685 89 1732 20
99 1683 200 1733 latentur
216 1703 299 1738 omnes,
317 1685 356 1732 sed
372 1703 421 1742 pars
438 1685 486 1741 ipso
502 1705 515 1732 a
530 1685 609 1732 mundi
626 1685 741 1742 principio,
758 1703 808 1743 pars
825 1685 889 1741 longe

102 1771 151 1815 post
166 1756 250 1806 lactum
265 1756 373 1806 mundum
388 1758 461 1805 omnia
476 1757 529 1805 haec
543 1757 640 1816 primum
654 1758 747 1816 cogitata
761 1778 787 1806 ac
798 1758 889 1806 inventa

62 1870 64 1876 ,
103 1844 187 1888 putant.
203 1830 268 1878 Adde
285 1830 345 1889 quod
363 1829 385 1877 lri
403 1831 468 1879 etiam
486 1830 522 1878 isti
539 1830 594 1878 adeo
611 1830 725 1879 sententiis
743 1829 848 1880 differunt
865 1842 891 1878 ut

60 1961 62 1964 Α
103 1902 192 1952 lionoris
208 1903 263 1952 hanc
278 1902 374 1961 palmam
389 1902 479 1961 quidam
495 1901 608 1957 Hebraeis,
624 1902 691 1962 aliqui
701 1902 827 1962 Aegyptiis,
834 1923 890 1952 non·

104 1975 158 2023 nulli
178 1975 246 2032 Syris,
267 1975 330 2023 multi
350 1974 440 2022 Graecis
460 1973 601 2038 deferendam
621 1975 723 2023 scribant.
744 1975 792 2022 Nec
811 1975 891 2022 desunt

15 2054 17 2058 ’
63 2046 90 2097 25
106 2047 144 2105 qui
151 2046 318 2105 eademegente
325 2065 398 2096 rerum
405 2058 515 2096 tantarum
522 2046 584 2095 initia
590 2046 626 2094 alii
633 2047 687 2095 alios
698 2046 798 2095 docuisse
810 2047 891 2095 dicant.

105 2120 176 2171 Facile
187 2121 254 2178 igitur
265 2120 318 2169 mihi
330 2120 488 2179 ignoscendum
499 2120 607 2174 existimo,
619 2120 637 2168 si
648 2140 691 2179 qua
702 2119 730 2169 de
741 2139 764 2169 re
774 2119 815 2169 viri
826 2120 892 2169 etiam

105 2193 225 2240 doctissimi
239 2212 264 2240 ac
278 2192 419 2240 vetustissimi
434 2192 570 2246 dubitarunt,
585 2192 612 2239 de
626 2213 651 2240 ea
666 2192 743 2250 loquar
756 2192 837 2241 dubius
852 2213 892 2240 nec

104 2278 162 2314 certe
174 2265 222 2324 quis
235 2283 285 2314 vere
296 2265 324 2313 sit
335 2277 411 2313 auctor
421 2263 535 2314 affirmem.
547 2264 642 2313 Proinde
652 2277 674 2313 et
686 2265 728 2313 isto
739 2265 761 2313 in
779 2264 833 2319 loco,
846 2265 892 2324 qui,

77 2377 78 2380 ,
105 2352 129 2388 ut
145 2338 197 2392 dixi,
214 2338 273 2396 apud
289 2351 372 2387 veteres
387 2358 412 2386 ac
428 2338 509 2396 peritos
525 2350 558 2386 est
574 2338 663 2392 dubius,
679 2350 701 2387 et
716 2338 767 2387 alibi
784 2357 848 2396 saepe
868 2356 894 2386 ac

64 2411 94 2459 30
108 2412 208 2470 quotiens
219 2410 339 2469 intelligam
349 2423 450 2469 oportere
459 2413 508 2459 utar
518 2411 643 2458 testimonio
654 2411 774 2468 peritorum
784 2410 894 2469 verbaque

106 2484 199 2533 inseram
212 2483 330 2543 aliquando
343 2505 389 2538 sua,
403 2496 428 2531 ut
441 2483 480 2541 qui
493 2480 577 2531 fabulas
591 2503 626 2530 me
639 2481 731 2531 fabulari
745 2481 836 2531 tortasse
852 2503 894 2542 pu·

98 2570 177 2606 tarent
188 2570 226 2606 aut
238 2557 327 2605 recitare
339 2557 424 2605 somnia
436 2556 556 2620 crederent,
569 2556 591 2605 hi
603 2556 668 2615 plane
679 2556 801 2614 intelligant
813 2556 894 2616 quibus

106 2652 119 2679 e
131 2630 229 2681 lontibus
242 2630 360 2687 hauriqet
373 2632 470 2680 contenti
479 2631 586 2680 maiorum
595 2631 709 2686 sententia,
722 2630 811 2687 iudicio,
820 2644 895 2680 aucto·
913 2663 915 2666 v

107 2706 169 2752 ritate
185 2705 304 2760 quiescant.
315 2704 373 2751 lllud
380 2716 453 2751 autem
462 2723 509 2751 mea
517 2704 625 2751 sententia
632 2703 719 2751 videtur
727 2717 818 2757 certum,
827 2703 895 2760 quod,

66 2774 94 2825 35
109 2776 209 2835 quisquis
224 2773 297 2829 luerit,
308 2775 326 2823 si
338 2773 462 2823 mortalium
474 2774 541 2824 modo
550 2774 668 2833 quisquam
679 2773 721 2824 luit
732 2775 770 2833 qui
781 2793 815 2831 res
825 2787 896 2824 tantas

107 2960 140 3004 23.
155 2961 184 3004 Ex
197 2960 295 3012 aegiptiis
304 2978 360 3008 corr„
369 2968 390 3002 ut
400 2974 461 3011 saepe.
518 2959 550 3003 24.
565 2958 623 3002 multi
634 2964 646 3003 i.
656 2977 684 3010 τῃ·
692 2958 734 3002 erat
743 2956 843 3010 plurique.
