2093 3253
423 163 518 210 SIQCONIS
532 164 650 197 POLENTONI
676 203 678 206 Ι

207 280 331 348 Auctoritas
340 299 393 346 uero
401 282 596 338 poetarummagni
606 281 667 339 apud,
673 302 749 336 omnes
758 281 813 329 lacta
822 296 855 330 est
859 301 952 341 semper.
1004 276 1027 345 ij

165 352 248 402 Eorum
262 372 349 411 nanque
364 352 477 408 sententiis
493 353 530 411 qui
545 353 608 411 periti
624 353 762 404 suntdubiis
777 354 800 403 in
815 354 964 414 locisquasi,

114 487 117 491 A
166 425 238 476 valido
247 426 372 475 testimonio
383 426 479 484 quodam
489 445 514 474 ac
523 426 647 475 firmissimo
657 440 791 486 argumento,
801 428 835 476 usi
845 441 903 478 sunt.
914 428 953 479 Ci-
1006 418 1029 490 {i

115 551 117 554 ,
166 519 215 555 cero
224 499 321 559 quidem,
331 499 467 556 eloquentiae
477 498 642 558 Latinaepater,
651 521 676 547 ac
684 501 770 548 moralis
779 501 835 549 vitae
843 501 952 559 magister,

115 633 117 635 Ι
140 572 153 621 5
169 572 257 637 Seneca,
268 590 371 630 persaepe
382 570 439 618 dicta
450 590 489 619 sua
499 583 613 634 poetarum
623 573 749 635 auctoritate
760 572 896 624 confirmant.
907 572 952 624 Sed

119 696 121 700 ,
167 645 215 704 quis
230 644 315 703 saepius
332 664 399 703 quarn
412 644 542 699 Priscianus,
556 665 623 703 quam
636 643 870 695 Noniulearcellus?
883 645 953 696 Nem·

117 766 122 775 ,,
167 739 194 776 pe
204 718 263 776 apud
274 738 310 766 eos
321 717 379 766 dicta
387 716 422 765 illa
430 717 500 766 valida
510 737 589 766 esseae
597 718 660 766 firmo
670 718 777 777 praesidio
786 719 869 767 munita
876 719 953 768 viden«
1010 718 1032 772 {sz

167 804 203 857 tur
218 811 274 858 quae
288 790 441 849 autrlllaronis
456 790 610 849 autcelebrati
626 792 720 840 nominis
735 805 811 850 poetae
824 793 953 852 cuiusquam

141 909 143 911 .
167 864 294 914 auctoritate
312 863 440 922 probentur.
457 863 521 922 Adde
539 863 705 929 Hieronymum,
723 865 761 923 qui
771 864 897 924 presbyter,
914 867 953 926 qui
1011 879 1035 924 335

129 939 155 987 111
170 938 254 992 doctus,
270 938 308 996 qui
323 948 409 985 sanctus
424 935 473 991 luit;
488 936 545 984 dicta
560 936 618 984 enim
633 937 825 995 poetarumetiam
840 929 953 995 gentilium

168 1029 233 1057 suum
247 1009 275 1056 ad
289 1009 414 1056 institutum
424 1021 446 1056 et
456 1009 523 1056 sumit
533 1027 597 1066 saepe
607 1021 628 1056 et
638 1009 702 1056 licere
712 1027 797 1056 sumere
807 1009 903 1063 scribens
913 1030 953 1058 no·

120 1129 125 1137 ,
168 1081 267 1129 minatim
277 1101 382 1144 magnum
391 1079 420 1128 ad
430 1093 536 1139 oratorem
547 1080 617 1129 docet.
628 1080 707 1139 Neque
717 1099 767 1129 vero
777 1082 887 1139 apostolus
897 1082 952 1131 Pau·
1014 1073 1036 1141 Ji

168 1154 207 1209 lus,
223 1153 324 1202 ecclesiae
338 1152 474 1202 Christianae
487 1152 561 1201 lumen
575 1174 600 1201 ac
613 1153 713 1202 divinum
726 1154 793 1209 sidus,
808 1155 865 1203 dicta
878 1167 953 1213 poeta-
1018 1160 1040 1218 {s

120 1248 121 1251 ¹
168 1247 217 1274 rum
230 1240 356 1284 aspernatus
369 1238 409 1274 est.
423 1224 508 1272 Graeco
522 1227 580 1272 enim
592 1246 618 1272 ac
631 1226 714 1273 comico
728 1239 816 1283 epoeta
829 1226 953 1275 Menandro

130 1299 154 1350 15
170 1298 197 1348 ad
212 1297 346 1348 Corinthios
361 1296 442 1348 scribit:
457 1313 476 1343 1«
484 1296 634 1356 Corrumpunt
643 1314 648 1329 ³
658 1297 727 1347 bonos
751 1317 822 1347 mores
846 1298 953 1360 colloquia
1016 1299 1039 1362 'fj

119 1427 120 1430 Ἴ
168 1379 240 1437 prava.
250 1389 260 1414 t
268 1372 304 1421 Ad
313 1370 391 1421 Titum
400 1390 489 1429 quoque
498 1371 601 1420 scribens:
612 1389 621 1413 r
629 1371 743 1420 Cretenses
753 1372 875 1427 mendaces,
885 1372 953 1421 malae

169 1446 256 1500 bestiae,
269 1445 350 1494 ventris
362 1444 425 1503 pigri,
436 1460 445 1484 >r
457 1463 483 1491 ex
497 1456 561 1501 poeta
573 1443 724 1502 Epaminonda
736 1446 836 1502 sumpsit.
845 1444 953 1503 ‚Loquens

168 1531 241 1567 autern
256 1517 283 1565 tle
298 1516 339 1565 deo
356 1536 407 1565 curn
423 1516 478 1563 dixit
494 1516 584 1573 «ipsius,
596 1528 617 1564 et
634 1536 702 1574 genus
718 1537 801 1571 sumus,
811 1533 820 1557 ³>
836 1537 863 1565 ex
878 1516 953 1571 Arato,
1023 1508 1047 1582 ¹

128 1645 131 1649 ,
169 1604 232 1649 poeta
244 1589 324 1644 Greco,
337 1590 415 1638 hausit.
430 1588 457 1636 ld
468 1606 520 1637 vero
532 1588 615 1637 domini
628 1589 744 1643 monitum,
757 1588 817 1648 quod
829 1588 913 1653 dictum
925 1589 953 1638 ad

128 1665 156 1713 20
171 1663 262 1712 Paulum
277 1663 347 1711 Lucas
358 1661 487 1720 evangelista
501 1661 524 1709 in
539 1660 631 1717 Actibus
640 1661 797 1720 Apostolorum
812 1661 884 1717 relert,
895 1679 904 1704 1(
912 1662 954 1712 du·

169 1757 219 1785 rum
233 1749 266 1784 est
280 1736 320 1783 tibi
332 1748 406 1782 contra
418 1735 535 1782 stimulum·
542 1734 657 1789 calcitrare,
668 1751 677 1774 >³
688 1734 785 1783 Terentii
797 1736 903 1788 sententia
914 1747 954 1783 est.
1025 1782 1026 1785 ,

211 1807 271 1870 Haec
286 1807 314 1855 de
329 1806 411 1855 honore
426 1818 447 1854 et
461 1805 588 1870 auctoritate
603 1820 716 1866 poetarum
731 1804 954 1864 placuitmemorare.

151 1874 153 1877 .
170 1883 214 1932 Sed
225 1882 269 1930 iam
279 1881 368 1929 tandem
380 1898 455 1937 eorum
466 1879 495 1927 ad
505 1878 560 1928 vitas
572 1873 691 1928 veniamus.
704 1879 796 1928 Fabulas
808 1881 874 1943 igitur
885 1893 954 1928 metro

169 1968 219 2004 ante
228 1974 304 2003 omnes
314 1947 391 2017 Latine
400 1953 503 2001 cecinisse
512 1951 580 2001 fertur
590 1952 616 2001 L.
627 1952 709 2001 Livius.
720 1952 769 2000 Hoc
778 1953 837 2000 enim
847 1966 873 2008 et⁴
878 1951 955 2002 Cicero

125 2028 157 2095 *25
172 2048 223 2076 cum
237 2025 334 2084 prelatur
342 2026 364 2073 in
373 2023 508 2080 Tusculanas
517 2038 538 2073 et
547 2024 633 2083 quirhac
642 2025 670 2072 de
678 2044 701 2074 re
710 2026 827 2083 quicquam
836 2025 956 2084 loquuntur
983 2055 985 2059 ν
1028 2027 1047 2069 ’ἓῖ

170 2121 264 2158 usquam
278 2099 336 2148 docti
358 2117 432 2147 omnes
454 2096 560 2146 scribunt.
576 2097 645 2146 Versu
661 2111 733 2146 tamen
753 2118 778 2146 ac
798 2098 876 2147 Latino
891 2117 955 2147 versu

170 2193 221 2222 usos
236 2172 296 2232 prius
310 2172 333 2220 in
348 2171 413 2221 sacris
425 2169 523 2232 Numam
531 2170 673 2235 Pompilium,
685 2173 723 2230 qui
736 2192 748 2220 e
759 2172 855 2220 Curibus
868 2171 955 2220 Sabinis

125 2305 133 2312 Ι,
170 2247 203 2294 vir
212 2245 385 2293 consultissimus
394 2243 437 2300 luit
445 2255 511 2300 atque
521 2243 603 2291 Rornae
612 2255 662 2301 post
672 2242 791 2291 Romulum
800 2262 838 2291 rex
846 2242 955 2293 secundus

125 2378 127 2381 Α
170 2318 273 2382 regnavit,
284 2317 366 2377 quique
375 2328 425 2365 ante
435 2315 533 2365 Numam
542 2315 635 2372 fuerant,
645 2317 728 2376 priscos
739 2316 827 2366 Latinos
838 2328 859 2365 et
869 2315 955 2366 Faunos
1032 2315 1047 2379 sj

128 2394 158 2441 30
172 2405 262 2453 constat.
280 2391 394 2449 Ingenium
409 2390 483 2447 Livius
498 2391 538 2450 iste
552 2390 581 2438 ad
594 2390 684 2438 virtutes
699 2403 720 2438 et
735 2390 815 2438 litteras
830 2390 903 2438 nobile
916 2390 956 2438 sed

170 2465 281 2515 fortunam
296 2464 401 2513 humilem
415 2476 437 2512 et
450 2463 548 2512 infimam
556 2462 639 2512 habuit.
647 2462 735 2522 Quippe
743 2461 784 2511 luit
792 2482 866 2519 servus
874 2462 908 2512 M.
917 2462 956 2534 Li-

168 2618 194 2654 15.
206 2617 245 2655 Cor.
260 2617 275 2654 1.
290 2618 316 2653 15.
330 2617 352 2653 33
365 2616 418 2662 (apud
429 2615 496 2653 Hieron,
508 2616 559 2658 Epist.
573 2615 600 2652 111.
614 2616 638 2661 2).
690 2615 716 2651 16.
725 2614 759 2652 Tit.
771 2614 785 2651 l.
797 2614 817 2652 l2
826 2614 878 2660 (apud
885 2614 953 2652 Hieron.

129 2679 179 2721 Epist.
192 2679 221 2715 711.
234 2677 257 2723 2)
311 2678 337 2716 18,
346 2677 414 2716 Hieron.
426 2675 476 2720 Epist.
486 2674 514 2713 70.
527 2676 543 2713 2.
584 2676 613 2713 211.
621 2676 659 2713 Ace
669 2678 684 2714 9.
695 2678 711 2719 5ς
720 2676 749 2713 26.
761 2676 782 2713 14
791 2675 838 2722 (Ter.
847 2677 877 2715 Plr.
887 2676 957 2722 77178).

130 2740 159 2777 24.
171 2739 206 2777 Cic.
219 2739 264 2777 Tasc.
276 2739 289 2775 l.
303 2738 319 2775 3.

166 2868 189 2930 ΔΖ.
199 2868 270 2924 dubiis
284 2868 300 2913 i,
309 2881 327 2912 r.
381 2859 401 2911 6.
415 2865 446 2911 Ex
461 2866 533 2912 Nonus
547 2883 597 2911 corr.
653 2863 685 2910 20.
705 2864 735 2912 Er
754 2863 889 2919 euuangelista
906 2885 957 2913 corr.

130 2936 198 2990 (etiam
211 2941 231 2980 in
246 2934 317 2988 indice)
331 2934 351 2977 Ο
365 2932 484 2987 evangelista
497 2932 522 2977 R.
577 2931 610 2978 26.
624 2949 693 2977 omnes
708 2938 721 2977 i.
736 2950 759 2984 r,;
773 2940 816 2977 erat
830 2929 930 2989 plurique.
952 2969 953 2972 η
