2093 3253
196 237 237 282 392
498 250 591 281 sicconis
604 245 720 281 eotsuronr

239 366 257 413 si
271 364 328 413 lilius
342 364 425 417 unicus,
440 364 458 411 si
473 364 557 419 domus,
573 365 590 411 si
605 384 653 422 spes
667 377 717 413 tuae
731 364 826 422 reliquae
839 364 879 412 tibi
893 382 953 412 carae
966 379 1024 421 sunt

240 438 258 485 si
265 436 348 495 aliquid
354 436 414 495 apud
420 449 442 484 te
450 456 495 490 nos,
504 436 522 483 si
530 436 562 484 vir
570 436 672 494 optimus,
681 453 746 493 gener
753 449 811 489 tuus,
819 435 922 490 valemus,
931 457 1024 495 quorum

223 500 337 559 'fortunas
353 528 397 557 non
413 507 479 556 debes
495 507 557 557 velle
566 508 702 563 conturbare,
719 519 743 557 ut
759 527 807 557 earn
822 527 909 558 causam
925 509 953 558 in¹
963 509 1024 560 cuius

240 582 329 632 victoria
341 581 399 630 salus
412 594 485 631 nostra
497 593 537 636 est,
551 580 622 631 odisse
635 594 672 631 aut
685 580 806 641 relinquere
819 601 921 640 cogamur
933 595 971 632 aut
984 583 1025 632 im-

215 657 227 705 5
244 656 303 714 piam
313 654 454 713 cupiditatem
463 653 644 710 'contraqsillutem
654 667 716 716 tuarn
726 654 849 710 habeamus
862 653 957 720 denique
972 654 1026 704 illud

242 728 323 786 cogita,v
332 738 385 786 quot
390 725 493 774 ”offensae
502 725 586 774 luerint
597 726 622 784 jin
635 726 675 775 ista
688 726 812 774 cantatione
821 739 846 774 te
859 727 950 775 subesse·
960 748 1025 782 nunc,

241 814 267 863 te
277 805 352 848 contra
366 798 470 847 victorem
479 795 554 846 'facere
568 818 624 857 quae
639 798 710 847 dubiis
725 799 790 848 rebus
804 798 888 848 laedere
903 798 990 849 noluisti
1005 814 1026 849 et

242 873 270 921 ad
279 891 315 921 eos
325 871 410 930 fugatos
419 869 521 920 accedere
531 889 585 929 quos
595 883 688 920 armatos
698 884 719 920 et
729 871 851 920 resistentes
861 872 922 930 sequi
932 872 1026 922 nolueris

243 963 340 993 summae
351 942 508 992 stulticiaeest.
520 943 577 991 Vide
588 963 622 998 ne,
635 943 688 992 dum
700 943 767 1001 pudet
778 956 800 992 te
811 963 889 1002 pamm
900 945 1027 1002 optimatem

205 1018 230 1067 10
245 1036 298 1071 esse,
310 1034 388 1075 parurn
399 1013 512 1074 diligenter
523 1015 584 1074 quod
595 1016 704 1074 optimum
715 1015 742 1063 sit
754 1014 841 1074 deligas.
853 1014 919 1072 Quod
930 1017 948 1064 si
956 1029 1027 1066 toturn

243 1088 431 1148 tibipersuadere
450 1109 494 1138 non
513 1108 609 1147 possum,
629 1088 705 1137 saltem
724 1089 778 1138 durn
796 1089 851 1148 quid
870 1090 897 1138 de
916 1089 1027 1149 Hispaniis

243 1181 332 1226 agamus
346 1162 413 1211 scitur
427 1174 522 1219 expecta.
537 1160 597 1218 Quas
611 1161 651 1209 tibi
666 1162 746 1211 nuncio
760 1163 855 1211 adventu
870 1162 967 1211 Caesaris
981 1162 1028 1211 lore

245 1247 335 1285 nostras.
350 1234 423 1291 Quam
433 1234 468 1283 isti
479 1253 541 1293 spem
552 1234 644 1282 habeant
654 1235 739 1282 arnissis
750 1233 951 1292 Hispaniisnescio.
962 1235 1028 1293 Quod

244 1327 310 1367 porro
325 1321 389 1356 tuum
405 1307 520 1356 consilium
537 1307 564 1356 sit
580 1307 608 1356 ad
625 1307 748 1365 desperatos
764 1307 866 1356 accedere
882 1329 927 1357 non
944 1308 1027 1358 medius

206 1381 231 1430 15
246 1381 311 1430 lidius
322 1379 413 1437 reperio.
425 1379 474 1427 Hoc
486 1380 546 1438 quod
556 1392 581 1427 tu
593 1379 741 1427 nondicendo
753 1379 806 1426 mihi
817 1380 941 1437 significasti
950 1380 1028 1428 Caesar

244 1451 347 1502 audierat.
363 1452 396 1500 Ac
411 1451 475 1500 simul
490 1463 556 1510 atque
571 1452 647 1500 habuit
662 1451 715 1499 mihi
731 1451 804 1500 statim
819 1451 880 1506 dixit,
896 1452 951 1510 quid
965 1453 993 1500 de
1007 1466 1029 1500 te

236 1525 340 1575 audisset
354 1524 460 1583 exposuit;
473 1524 548 1583 negavi
561 1545 596 1573 me
608 1524 668 1573 scire.
682 1523 726 1572 Sed
738 1536 810 1573 tamen
823 1523 851 1573 ab
863 1544 889 1573 eo
901 1524 953 1584 petii
965 1537 989 1573 ut
1001 1525 1029 1574 ad

203 1630 204 1633 =
245 1613 266 1648 te
281 1598 361 1647 litteras
370 1598 469 1647 :mitteret
483 1596 564 1657 quibus
579 1598 671 1648 maxime
684 1597 713 1646 ad
727 1597 882 1647 remanendum
897 1599 1028 1646 commoveri

246 1692 327 1731 posses.
343 1672 382 1720 Me
394 1692 468 1720 seeum
481 1672 503 1719 in
517 1671 632 1729 Hispanias
645 1671 712 1724 ducit:
725 1691 776 1718 narn
788 1670 828 1718 nisi
842 1672 871 1718 ita
883 1670 968 1725 laceret,
981 1691 1028 1728 ego,

205 1746 233 1794 20
248 1745 381 1804 priusquam
390 1743 419 1791 ad
434 1743 512 1791 urbem
528 1743 659 1797 accederem,
676 1743 802 1801 ubicunque
818 1763 882 1798 esses,
899 1744 927 1792 ad
942 1756 965 1792 te
981 1762 1029 1801 pern

246 1817 361 1867 currissem
375 1828 396 1866 et
411 1816 453 1865 hoc
466 1836 479 1865 a
493 1829 515 1865 te
529 1835 629 1875 praesens
644 1815 804 1883 contendissem
818 1829 884 1875 atque
898 1815 958 1866 omni
972 1815 994 1866 vi
1008 1829 1030 1865 te

246 1889 390 1940 retinuissem.
407 1889 479 1938 Etiam
494 1902 560 1948 atque
576 1890 649 1944 etiarn,
667 1889 752 1944 Cicero·
768 1891 838 1948 cogita
855 1910 882 1937 ne
898 1902 920 1938 te
936 1903 1030 1948 tuosque

248 1982 323 2012 omnes
335 1961 439 2011 lunditus
455 1974 537 2010 evertas
553 1982 593 2010 nec
608 1975 630 2010 te
647 1962 716 2011 sciens
732 1963 872 2020 prudensque
888 1982 914 2009 eo
930 1963 1030 2011 demittas

245 2035 305 2087 unde
315 2035 398 2086 exitum
408 2035 468 2085 vides
480 2033 564 2085 nullum
575 2056 628 2085 esse.
640 2035 707 2094 Quod
717 2035 735 2085 si
746 2048 768 2085 te
778 2048 815 2086 aut
826 2055 889 2085 voces
901 2035 1031 2095 optimatum

174 2171 175 2174 Ἴ
206 2112 233 2160 25
248 2122 386 2159 commovent
393 2123 430 2158 aut
438 2109 593 2158 nonnullorum
601 2110 715 2159 hominurn
723 2108 859 2158 insolentiam
867 2123 888 2158 et
895 2104 1031 2159 iactationem

197 2225 198 2228 ,
247 2183 303 2233 lerre
315 2202 359 2231 non
371 2195 439 2241 potes,
453 2182 517 2242 eligas
529 2202 607 2231 censeo
619 2182 708 2242 aliquod
719 2183 826 2241 oppidum
838 2203 931 2231 vacuum
942 2202 955 2229 a
966 2181 1030 2235 bello,

248 2256 302 2304 dum
314 2255 367 2304 haec
379 2255 525 2304 decernuntur
538 2268 597 2313 quae
606 2255 649 2304 iarn
659 2267 723 2304 erunt
733 2254 838 2303 conlecta.
852 2255 877 2303 ld
887 2254 999 2309 sileceris.
1010 2266 1031 2303 et

248 2349 288 2389 ego
297 2328 404 2388 sapienter
412 2340 434 2378 te
442 2325 518 2379 lesisse
526 2327 627 2378 iudicabo
635 2340 656 2377 et
666 2327 780 2377 Caesarem
788 2348 832 2377 non
842 2326 947 2377 offendes.
955 2326 1014 2378 Vale.
1022 2342 1031 2367 t

290 2402 350 2451 Haec
365 2422 378 2451 a
394 2402 467 2451 Caelio
483 2423 534 2451 cum
550 2414 605 2451 esset
622 2401 700 2451 Caesar
716 2402 739 2450 in
753 2401 871 2461 Hispanias
887 2400 1031 2460 prolecturus.

207 2476 240 2522 302
251 2475 343 2522 Litteras
353 2493 441 2532 quoque
452 2474 531 2521 Caesar
540 2492 567 2521 ex
577 2475 660 2527 itinere,
671 2493 722 2521 curn
731 2474 755 2521 in
765 2473 893 2531 Hispaniam
901 2488 1031 2532 properaret,

248 2549 276 2596 ad
293 2547 421 2596 Ciceronem
439 2546 476 2595 has
495 2545 560 2611 misit:
576 2563 585 2587 t
593 2544 619 2595 C.
639 2544 707 2595 lulius
725 2544 804 2606 Caesar
820 2545 937 2605 imperator
954 2544 992 2596 sal.
1010 2545 1031 2594 d.

249 2621 282 2669 Μ.
298 2619 372 2668 Tullio
387 2618 487 2675 Ciceroni
503 2614 633 2677 imperatori.
650 2617 696 2668 Etsi
711 2632 734 2668 te
749 2617 802 2667 nihil
817 2631 905 2673 temere,
921 2618 976 2668 nibil
991 2619 1032 2668 irn-

261 2753 288 2791 3l.
301 2753 337 2791 Cic.
350 2754 386 2792 Aa.
399 2753 421 2791 X.
435 2754 445 2789 8
457 2754 477 2790 Β.

261 2879 280 2925 4.
295 2879 395 2933 (imlpiam
408 2884 421 2924 i.
437 2898 451 2923 r.
507 2876 526 2923 5.
541 2878 644 2945 salutatem
663 2878 690 2933 (ta
709 2865 761 2936 exp)
817 2878 835 2923 6.
856 2872 1034 2933 Interpunctionem

207 2947 294 2993 Sicconr's
308 2964 381 2999 sequor,
395 2945 446 2999 quod
458 2946 511 2991 locus
525 2955 626 2999 corruptus
640 2955 675 2990 est.
730 2945 763 2992 29.
773 2965 838 2992 curn...
849 2944 922 2993 litteras
933 2954 948 2994 ἱ.
958 2966 981 3000 n:
991 2955 1033 2994 erat

208 3032 231 3059 ex
246 3016 315 3058 itinere
329 3032 375 3057 curn
388 3013 486 3066 proficisci
501 3013 510 3067 (
536 3015 552 3067 ).
