2093 3253
253 149 383 182 scnnronun
392 150 525 192 ¹nnusrnrnn
538 164 552 168 —
566 150 625 183 iram
639 150 674 181 xn.
842 134 881 180 343

153 265 201 315 Nec
212 285 279 320 mora,
290 265 389 314 consules
402 266 464 326 quasi
476 266 523 325 lege
535 267 651 332 tribunicia
661 278 785 315 tenerentur
796 286 821 314 ac
831 265 883 314 iussi

98 352 177 394 essent,
196 340 254 387 bona
272 338 384 387 Ciceronis
403 339 475 387 omnia
493 340 611 398 publicant,
630 337 794 397 suppelectilem
812 338 884 387 hastae

99 412 225 474 subiiciunt,
244 412 341 467 domum,
361 431 417 471 quae
435 411 458 460 in
476 411 566 468 Palaci'q
585 411 732 471 pulcherrimo
749 410 810 466 urbis
828 410 883 465 loco,
925 447 926 452 ,

98 499 149 539 erat,
160 485 250 533 diruunt
259 505 291 538 ac,
302 505 329 533 ne
339 485 393 545 quid
402 484 486 542 vestigii
496 498 623 544 superesset,
634 485 735 533 incendio
745 484 826 551 iniecto
833 482 883 532 lun-

73 562 85 609 5
103 559 161 607 ditus
176 558 204 605 ad
218 558 290 605 solum
309 578 379 615 usque
399 557 545 615 complanant.
566 557 691 611 Columnas,
708 577 764 615 quae
781 556 884 615 pulchrae

100 644 171 680 essent
185 644 251 690 atque
265 649 404 689 marmoreae,
420 630 470 678 Piso
485 631 560 680 consul
576 632 604 679 ad
620 632 687 680 soceri
703 632 795 679 domum
811 630 884 678 mittit.

100 705 202 754 Terentia
218 724 269 754 vero
286 704 359 753 subito
374 705 403 753 ad
418 705 514 763 primum
530 705 664 754 venientium
680 705 797 754 clamorem
812 717 834 753 et
849 717 884 752 tu-

100 778 194 825 multum
209 790 269 839 metu
283 796 385 834 percussa
398 798 442 836 quo
456 790 501 838 erat
514 778 589 825 habitu
603 798 628 824 ac
641 777 700 825 nulla
713 796 736 824 re
750 779 837 834 sumpta
849 777 885 823 vix

100 871 151 899 curn
165 842 210 898 lilio
225 862 246 898 et
261 861 340 909 nepote
349 843 427 899 manus
436 848 551 905 satelitum
561 849 599 909 qui
609 868 687 909 pueros
696 849 725 899 ad
734 868 810 904 necem
818 848 885 909 impie

54 928 87 984 ,le
102 923 241 984 quaerebant,
257 922 340 983 effugit.
353 923 464 973 Ciceronis
476 936 549 983 autem
561 943 665 983 generum
677 923 835 983 Crassipedem,
847 922 888 982 qui

101 1016 141 1056 pro
156 997 224 1045 salute
247 997 314 1045 soceri
338 1011 477 1055 quaesturam
500 997 578 1045 Ponthi
602 1010 623 1044 et
646 997 886 1055 Bythyniaeposuisset,

101 1088 235 1129 uxoremque
249 1089 311 1119 suam
326 1068 451 1125 Tulliolam,
468 1069 579 1120 Ciceronis
594 1069 667 1125 filiam,
683 1069 819 1129 propinquus
834 1088 886 1118 suus

101 1145 126 1205 L.
142 1143 192 1191 Piso
206 1142 289 1197 consul,
311 1156 335 1191 ut
356 1164 408 1192 eum
420 1143 449 1191 ad
462 1143 632 1192 misericordiam
644 1143 755 1210 flecterent
772 1162 797 1190 ac
816 1141 886 1200 placa-

102 1229 157 1270 rent,
172 1215 201 1263 ad
215 1236 285 1274 genua
295 1215 422 1274 provolutos
432 1216 524 1274 turpiter
535 1230 601 1274 atque
612 1215 755 1274 ignominiose
765 1216 845 1264 reiecit.

28 1340 29 1343 ,
63 1290 87 1339 15
146 1287 205 1336 Haec
228 1288 309 1337 Romae
327 1288 349 1337 in
368 1287 479 1338 Ciceronis
501 1286 612 1343 familiam¹
632 1288 729 1343 domum,
747 1286 845 1337 fortunas
863 1299 887 1335 ut

62 1415 64 1418 y
102 1362 200 1410 discessit
215 1361 324 1420 extemplo
338 1360 401 1411 lacta
417 1361 495 1422 Neque
510 1382 561 1411 vero
576 1361 622 1410 eius
637 1362 659 1410 in
674 1361 734 1411 villas
749 1361 842 1410 sevitum
856 1373 888 1409 est

103 1435 182 1490 minus;
198 1436 276 1494 domus
290 1455 377 1494 nanque
391 1436 556 1494 incensaeagr‘i
570 1435 653 1492 vastati,
667 1435 754 1483 arbores
768 1427 853 1486 euulsae
867 1447 888 1481 et

102 1508 226 1565 proximum
241 1509 263 1555 in
279 1507 368 1565 Gabinii
380 1507 477 1556 'fundum
495 1507 540 1555 non
553 1508 633 1565 praede
654 1508 772 1565 cupiditate
786 1507 825 1554 sed
838 1508 889 1554 odio

103 1580 200 1637 quodam
214 1593 235 1628 et
250 1579 376 1628 crudelitate
392 1578 481 1628 delatae.
498 1579 575 1628 Solum
590 1586 663 1627 autem
679 1580 758 1628 domus
773 1599 829 1637 quae
845 1579 889 1626 Ro-

61 1653 89 1701 20
105 1673 152 1699 mae
167 1666 211 1700 erat
226 1672 299 1701 eversa
311 1651 390 1701 dicavit
402 1652 527 1708 Clodiusin
540 1653 648 1710 porticum
660 1651 735 1710 templi
748 1652 800 1700 deae
813 1651 889 1700 Liber-

102 1725 158 1779 tatis,
174 1738 198 1773 ut
213 1725 344 1784 ignominiae
358 1726 419 1774 testis
434 1738 561 1784 perpetuam
581 1726 707 1774 memoriam
721 1745 746 1772 ac
761 1746 889 1774 monumen·

103 1812 151 1847 turn
166 1798 286 1856 posteritati
302 1798 368 1853 daret,
393 1819 433 1848 nec
457 1799 540 1848 restitui
564 1798 624 1847 locus
648 1798 750 1856 religione
774 1796 890 1847 obstrictus

103 1889 201 1927 unquam
213 1869 313 1935 Ciceroni
325 1883 405 1928 posset.
417 1869 587 1928 Suppelectilem
599 1888 650 1917 vero
661 1882 785 1928 quaestores
797 1869 891 1917 vendere
936 1914 937 1930 3

105 1941 157 1989 iussi
173 1955 230 1991 sunt.
242 1943 291 1991 Hoc
299 1956 373 1991 autem
383 1941 522 1991 memorabile
531 1962 556 1991 ac
566 1940 663 1990 mirabile
673 1963 717 2007 non
726 1943 890 2005 pretermittam.

63 2015 91 2062 25
106 2015 177 2063 Tanta
192 2016 251 2064 enim
266 2016 288 2063 in
303 2016 396 2070 civitate,
410 2028 471 2064 tanto
484 2017 507 2064 in
520 2015 609 2074 populo,
623 2028 682 2063 tanta
691 2017 718 2074 vin
736 2015 800 2063 turba
818 2015 891 2063 inimi=

105 2106 181 2135 corum
197 2109 261 2136 nemo
276 2088 325 2149 taml
332 2107 411 2147 pravus
423 2101 444 2136 et
456 2089 526 2136 audax
538 2090 638 2137 inventus
651 2101 683 2136 est
695 2088 733 2147 qui
745 2106 818 2136 rerum
829 2087 892 2136 Cice-

106 2160 165 2209 ronis
176 2180 247 2210 emere
259 2160 377 2220 quicquam
389 2158 433 2210 ullo
445 2161 518 2220 precio
529 2173 650 2216 attentaret,
662 2161 775 2219 presertim
786 2159 827 2208 hoc
837 2173 892 2209 tem-

106 2253 158 2292 pore
171 2255 222 2283 cum
236 2236 277 2284 sibi
290 2235 397 2284 adversari
412 2235 484 2283 omnia
497 2235 622 2283 viderentur
636 2247 657 2282 et
670 2252 746 2293 praeco
759 2234 836 2282 diebus
849 2234 892 2282 sin-

105 2306 160 2365 gulis
176 2328 211 2356 eas
226 2307 380 2367 proclamando
400 2309 472 2356 hastae
491 2308 607 2356 subiiceret
621 2310 732 2367 manuque
748 2308 813 2356 modo
830 2307 892 2361 lianc,

64 2380 93 2426 30
108 2381 174 2428 modo
188 2380 247 2429 illam
262 2394 371 2429 ostentans
385 2381 474 2429 vocibus
488 2381 569 2429 crebris
583 2394 676 2428 astantes
690 2393 714 2428 ut
728 2392 824 2427 emerent
838 2400 892 2437 quo·

106 2452 138 2499 vis
154 2454 227 2510 precio
242 2453 347 2501 incitaret,

149 2525 209 2585 Opes
222 2526 322 2576 Ciceroni
334 2526 503 2586 haudquaquam
514 2525 598 2586 amplae
610 2526 648 2574 sed
656 2524 770 2575 familiares
778 2538 800 2574 et
808 2525 894 2575 modes-

107 2611 141 2646 tos
156 2599 184 2648 ad
199 2612 299 2659 sumptus
317 2612 458 2659 suppetentes
476 2613 544 2654 erant;
562 2612 674 2658 paternam
697 2599 786 2659 quidem
809 2598 894 2648 heredi-

106 2684 175 2719 tatem
190 2673 292 2727 honestos
307 2674 379 2730 potius
392 2693 417 2720 ac
430 2674 560 2721 necessarios
574 2673 722 2737 quam'la'rg'os
735 2671 894 2740 etfs'plendidos

66 2742 95 2790 35
109 2743 137 2791 ad
152 2748 252 2804 sumptus
267 2744 368 2794 idoneam
383 2744 467 2800 babuit;
482 2766 521 2794 nec
535 2743 616 2794 lorensi
631 2763 671 2803 pro
685 2763 708 2793 re
723 2743 845 2794 mercedem
858 2755 895 2793 aut

68 2861 208 2873 ἡ------ι-

110 2925 141 2970 10,
155 2926 187 2973 Ex
200 2927 347 2982 quaerebantur
361 2946 409 2972 corr.
468 2928 497 2972 ll.
512 2927 543 2973 Ex
557 2926 655 2971 Bithiniae
669 2945 717 2971 corr,
