2093 3253
143 204 181 250 150
381 194 382 198 ¹
441 220 534 252 sicconis
549 220 666 251 roranrour

137 365 140 371 ·
181 333 332 390 gubernarent.
348 332 408 385 Haec
420 332 484 391 vulgo
496 333 524 381 ab
536 333 566 381 eis
579 333 636 381 dicta
648 334 731 381 animos
744 333 888 381 inflammasse
899 348 963 394 atque

148 420 150 423 ’
181 418 206 454 ut
220 420 321 465 caperent
327 425 387 455 arma
394 418 415 454 et
424 404 522 455 Romano
530 407 621 466 imperio
628 406 755 455 rebellarent
764 407 869 455 Iudaeum
877 427 963 459 omnem

182 479 289 537 populum
303 478 413 528 induxisse
434 479 539 537 Iosephus
552 493 670 528 memorat.
690 479 747 527 Mihi
766 492 840 528 autem
858 479 900 527 illis
919 500 963 530 cre·

182 552 232 598 dere
245 552 315 610 placet
329 552 396 609 magis
409 552 447 610 qui
461 563 538 610 putant
554 552 644 600 ludaeos
658 550 750 600 descisse
763 572 775 600 a
789 552 892 599 Romanis
906 556 964 620 quod
1029 561 1033 568 ²

156 625 168 673 5
184 624 301 673 vindictam
315 624 350 673 dei
364 624 448 673 iusticia
462 624 587 683 postularet,
602 639 627 674 ut
642 625 727 673 meritas
742 624 818 673 darent
832 646 912 684 poenas
927 629 963 686 qui
1031 628 1036 638 ”

139 733 141 736 >
183 698 296 745 dominum
308 711 407 745 nostrum
421 699 493 746 lesum
506 698 626 752 Christum,
638 699 676 756 qui
688 699 754 746 homo
766 698 822 746 esset
833 699 963 748 innocentis·

182 769 249 817 simus
265 769 344 827 deique
357 769 413 816 filius
426 789 451 816 ac
464 788 514 817 vere
527 770 588 824 deus,
602 770 660 817 cruci
673 788 712 827 per
724 770 828 817 invidiam
841 768 963 822 affixissent.

183 842 284 901 Denique
298 844 380 902 paucis,
394 855 418 891 ut
430 843 476 911 lieri
489 844 550 906 solet,
563 844 687 891 auctoribus
700 864 752 901 gens
765 844 836 891 omnis
851 844 930 892 Iudaea
942 846 963 895 in

139 931 140 953 1
182 936 230 964 eam
243 917 356 965 audaciam
372 936 397 964 ac
414 918 557 965 temeritatem
574 916 674 976 prolapsa
691 929 723 964 est
740 929 764 965 ut
782 913 883 975 caperent
899 936 964 974 arma,

144 990 171 1036 10
185 988 267 1046 aquilas
283 1001 409 1043 everterent,
427 989 562 1046 magistratus
578 988 689 1043 violarent,
706 989 811 1046 praesidia
827 988 964 1046 expellerent,

183 1061 281 1109 Romano
293 1062 384 1121 imperio
397 1061 532 1111 rebellarent.
547 1061 607 1110 Tum
619 1062 708 1120 quidem
720 1062 780 1121 quod
792 1062 842 1110 hinc
854 1064 964 1120 provocari

139 1168 142 1177 =
184 1135 293 1183 Romanos
306 1136 335 1183 ad
349 1135 455 1183 ultionem
468 1155 493 1183 ac
507 1135 589 1184 bellum
603 1134 717 1184 manifesto
731 1136 824 1193 quisque
838 1136 964 1193 perciperet,

139 1240 141 1247 2
183 1206 231 1254 lecti
247 1219 297 1254 sunt
313 1207 387 1260 duces,
402 1207 438 1254 alii
449 1208 486 1264 qui
497 1207 546 1254 urbi
555 1227 580 1254 ac
590 1226 663 1254 rerum
677 1227 774 1255 summae
787 1220 916 1274 praeessent,
930 1208 964 1255 alii

140 1312 143 1315 ι
183 1280 220 1337 qui
227 1292 330 1337 'pararent
339 1279 419 1337 copias,
428 1279 464 1327 alii
474 1279 512 1337 qui
521 1280 641 1337 provincias
651 1279 802 1337 gubernarent.

139 1353 169 1401 ’15
227 1352 314 1410 Quippe
329 1353 397 1410 gentis
411 1352 509 1400 Hebraea
522 1372 611 1410 magnae
624 1352 746 1410 complures
758 1372 784 1400 ac
796 1352 877 1411 populo
890 1352 964 1410 plenae

183 1426 312 1482 provinciae,
323 1424 362 1472 sed
372 1425 474 1472 omnium
482 1425 587 1472 maximae
596 1437 662 1483 atque
672 1424 766 1473 famosae
779 1425 864 1479 Iudaea,
876 1425 964 1480 Galssea,

139 1533 141 1536 v
183 1497 279 1546 Samaria
293 1496 418 1557 appellatae.
436 1497 460 1546 ln
478 1497 563 1552 Iudaea,
580 1518 634 1556 quae
650 1497 718 1555 gentis
734 1511 799 1556 caput
814 1511 876 1553 esset,
892 1498 964 1547 civitas

184 1569 333 1629 Hierosolyma
348 1583 369 1618 et
385 1570 407 1618 in
423 1591 448 1618 ea
463 1569 570 1629 templum
586 1569 707 1619 Salomonis
723 1591 748 1618 ac
763 1570 820 1628 regia
836 1568 897 1619 sedes
913 1583 964 1619 erat.

184 1643 242 1691 Huic
250 1643 475 1706 Samariacoherebat,
486 1644 564 1691 deinde
570 1643 652 1691 Galilea
660 1663 683 1691 se
691 1644 719 1691 ad
726 1644 780 1691 fines
786 1644 883 1701 gentium
891 1657 964 1692 exten·

142 1716 171 1763 20
185 1714 257 1763 debat.
274 1715 366 1774 losepho
381 1728 461 1769 autem,
476 1716 541 1773 quod
551 1736 577 1763 ex
593 1716 699 1773 primariis
714 1716 809 1763 civitatis,
820 1728 875 1763 esset
890 1716 965 1774 virque

183 1789 278 1846 prudens
293 1809 318 1837 ac
333 1789 378 1837 dux
393 1789 512 1846 gerendum
529 1789 557 1836 ad
576 1788 658 1836 bellum
676 1808 722 1836 esse
740 1789 831 1836 idoneus
850 1789 964 1842 videretur,

140 1883 142 1885 ’
184 1860 310 1917 gubernatio
321 1861 434 1918 utriusque
446 1860 541 1908 Galilaee
553 1862 609 1909 data.
621 1860 672 1909 Erat
683 1862 773 1918 quidem
784 1861 864 1918 duplex
876 1860 964 1914 Galilea,

140 1950 142 1953 ’
183 1933 248 1981 altera
265 1934 369 1991 superior,
386 1933 452 1982 altera
468 1932 557 1982 inlerior
573 1933 686 1991 appellata.
702 1933 795 1991 Utrique
809 1933 884 1983 hostes
901 1932 964 1982 vicini

184 2006 300 2055 Phoenices
312 2028 337 2055 ac
349 2006 397 2064 Syri
409 2019 477 2055 erant.
894 2004 895 2007 Ἴ

143 2080 171 2128 25
228 2079 339 2129 Proiectus
353 2080 418 2136 igitur
438 2078 498 2128 datas
518 2081 541 2127 in
561 2079 681 2137 provincias
704 2079 808 2137 Iosephus
828 2079 851 2127 id
871 2079 965 2137 primurn

141 2172 143 2183 =
185 2152 262 2207 verbis,
277 2153 345 2207 vultu,
361 2151 418 2200 lacto
433 2152 515 2200 curavit
530 2165 555 2200 ut
569 2152 734 2210 provincialium
748 2152 832 2199 animos
847 2150 964 2203 benivolos.

184 2224 265 2282 fideles,
280 2238 401 2276 constantes
412 2225 507 2274 haberet.
523 2224 604 2274 Rerum
613 2238 686 2275 autem
696 2224 838 2283 gerendarum
853 2230 927 2273 curam
937 2223 965 2271 ita
1022 2220 1037 2276 ᾗ

185 2300 294 2348 distribuit
308 2313 332 2348 ut
346 2299 464 2357 primatum
477 2298 524 2347 aliis
539 2299 666 2347 muniendas
680 2299 708 2347 ad
722 2299 818 2347 civitates
833 2298 900 2353 daret,
914 2297 969 2346 alios,

140 2387 143 2395 ‘
184 2371 308 2430 praeficeret
325 2370 445 2429 legionibus
464 2370 590 2425 scribendis,
608 2370 660 2418 alios
677 2371 817 2419 constitueret
834 2371 872 2430 qui
890 2370 966 2419 rudem
1025 2398 1037 2430 χ

141 2443 172 2491 ’30
187 2443 349 2492 multitudinem
361 2456 416 2491 artes
425 2442 480 2490 ¹belli
494 2442 582 2500 gerendi
596 2442 692 2491 Romana
705 2463 717 2490 e
730 2442 844 2501 disciplina
857 2442 964 2494 docerent.
1023 2434 1025 2451 l

184 2515 236 2565 alios
249 2517 286 2576 qui
299 2516 408 2566 machinas
420 2537 471 2565 cum
483 2513 620 2565 defendenda
631 2516 659 2565 ad
672 2516 756 2565 moenia
767 2529 816 2565 tum
828 2514 965 2575 depellendos
991 2530 992 2535 ¹

184 2590 212 2638 ad
222 2590 293 2639 hostes
303 2592 441 2645 instruerent,
451 2590 503 2639 alios
514 2591 551 2650 qui
561 2611 587 2638 ex
596 2590 652 2648 agris
662 2589 753 2639 convehi
763 2591 785 2639 in
795 2590 860 2639 urbes
869 2589 965 2639 frumen·
1024 2598 1040 2660 ξς

142 2675 145 2698 ἱ
184 2667 234 2709 turn
244 2682 364 2722 pecoraque
376 2663 495 2718 studerent,
508 2664 555 2721 ipse
567 2681 618 2710 vero
630 2663 731 2720 princeps
744 2662 790 2709 loca
802 2662 871 2710 obiret
884 2660 966 2720 singula

185 2749 206 2783 et
216 2757 270 2795 quae
280 2749 387 2795 oportuna
394 2736 527 2790 itiderentur,
537 2757 562 2784 ea
572 2735 653 2784 solicite
663 2735 732 2794 parari
742 2735 824 2795 ubique
834 2735 925 2785 iuberet.

184 2989 203 3031 9.
217 2988 248 3033 Ex
262 2988 338 3042 prolasa
352 3007 401 3031 corr.
456 2989 491 3032 28.v
502 2987 528 3031 ad
541 3006 585 3030 sscr.
