2093 3253
182 235 210 279 04
472 246 565 278 srccours
579 246 697 278 roiaurour

240 362 270 411 At
278 361 339 420 quies
346 361 387 408 ista
395 360 480 409 duravit
488 379 573 419 parum,
582 361 643 420 quod
650 361 714 409 ferire
722 361 795 419 ipsum
803 359 890 408 fortuna
898 381 1002 420 saepenu-

216 453 275 482 mero
290 444 375 499 assueta
391 452 442 480 eum
457 434 530 490 quiete
545 432 597 480 frui
606 434 776 491 haudquaquam
785 434 878 480 nimium
887 445 1002 491 pateretur.

215 507 280 557 Partu
295 526 381 565 nanque
397 504 451 555 obiit
461 505 520 555 diem
530 524 568 565 per
580 505 621 555 boc
630 517 718 565 tempus
727 504 772 554 filia
781 503 862 554 Tullia.
873 504 945 555 Huius
955 506 1003 566 qui-

216 581 266 629 dem
277 597 335 629 mors
345 578 419 627 audita
430 580 546 637 interrupit
558 580 654 637 quietem
666 599 728 628 suam
739 597 855 637 rerumque
866 579 1003 630 adversarum

189 651 317 699 §omnium
336 649 429 709 sopitam
449 651 576 709 memoriam
594 671 619 698 ac
640 650 774 699 moesticiam
793 649 899 699 excitavit.
916 650 1004 710 Nempe

215 745 289 773 casum
304 723 363 772 hunc
380 722 430 772 tulit
449 724 592 772 moestissimo
611 722 696 772 Cicero.
715 723 763 772 Nec
781 723 862 771 iactura
880 722 922 772 luit
940 743 1004 782 parva

217 797 300 846 homini
315 796 429 855 presertim
442 797 488 845 seni
502 809 523 845 et
537 796 560 845 in
574 816 598 844 ea
613 796 761 856 expectatione
775 796 858 845 sedenti
873 796 928 846 hanc
942 797 1004 847 istam

216 870 315 918 amittere
325 868 393 917 filiam
404 889 460 928 quae
471 881 492 917 et
504 881 589 928 patrem
601 882 682 918 amaret
693 869 757 917 unice
769 881 790 917 et
803 869 906 917 maritum
918 869 1004 921 baberet

218 940 362 995 Dolobellam,
378 941 416 999 qui
433 953 506 988 tantus
524 941 584 999 apud
603 940 717 989 Caesarem
734 953 790 988 esset
807 952 832 988 ut
849 941 872 988 in
890 961 914 988 ea
932 959 1004 990 rerum

179 1014 205 1063 10
220 1013 339 1063 mutatione
352 1012 403 1061 dare
416 1031 516 1071 magnam
528 1031 590 1072 spem
603 1031 677 1061 socero
690 1025 712 1060 et
725 1012 843 1061 maximum
854 1012 1003 1063 adiumentum

218 1099 297 1146 posset.
309 1085 369 1135 Tum
380 1084 434 1134 liber
445 1098 478 1134 est
488 1106 546 1135 unus
557 1106 570 1134 a
583 1085 688 1135 Cicerone
696 1085 892 1135 ,deconsolnione
901 1087 1003 1146 scriptus.

218 1160 281 1207 Hanc
291 1159 350 1207 enim
361 1158 402 1206 sibi
413 1158 494 1216 placuit
506 1159 580 1206 subito
591 1172 680 1207 naturae
687 1160 732 1207 vim
740 1158 816 1207 afferre
823 1171 849 1206 ut
857 1159 937 1207 doloris
946 1179 1004 1217 marg¹

220 1230 342 1281 nitudinem
358 1230 410 1280 haec
425 1229 550 1286 consolatio.
570 1230 634 1290 quasi
646 1230 745 1295 {salubris
755 1230 873 1293 {medicina
891 1231 1004 1291 quaedam,

221 1304 369 1364 magnitudine
383 1324 422 1353 sua
435 1304 519 1353 leniret
535 1304 630 1353 Litterae
644 1325 733 1364 quoque
746 1305 775 1354 ad
788 1325 839 1353 eum
852 1305 1005 1354 consolatoriae

181 1380 207 1427 15
222 1390 273 1426 sunt
290 1396 303 1424 a
321 1376 453 1436 quibusdam
471 1377 597 1435 eisdemque
615 1378 690 1425 amicis
710 1377 803 1425 leviandi
823 1378 926 1426 moeroris
945 1397 1006 1426 causa

220 1452 318 1510 scriptae.
327 1450 363 1497 Ad
372 1470 423 1497 eum
432 1450 522 1508 quidem
531 1461 553 1497 et
563 1448 589 1498 C.
600 1448 710 1507 Sulpicius
720 1462 742 1497 et
750 1450 831 1497 Brutus
840 1469 866 1498 ex
875 1449 930 1498 urbe
939 1443 1011 1507 scrip·-

219 1525 254 1573 sit.
269 1521 348 1572 Caesar
362 1542 450 1581 quoque
464 1543 490 1570 ex
505 1520 598 1580 Hispali,
613 1521 698 1570 civitate
713 1520 837 1580 Hispaniae,
852 1521 944 1581 scripsit:
958 1535 1005 1570 turn

220 1594 375 1645 enimzbellum
389 1595 412 1643 in
426 1594 482 1644 filios
503 1595 601 1654 Pompeii
620 1594 708 1653 gerebat
727 1594 813 1644 Caesar.
833 1594 929 1644 Publicia
948 1614 1004 1649 vero,

220 1689 287 1728 quam
300 1686 391 1716 uxorem
405 1688 484 1716 novam
500 1666 628 1721 adduxerat,
646 1667 707 1726 quod
724 1666 813 1715 minime
829 1666 923 1725 amplius
940 1687 1005 1726 quarn

178 1742 208 1789 20
222 1758 326 1790 novercae
341 1738 410 1788 solent
426 1739 455 1788 ad
472 1739 570 1788 dolorem
586 1751 608 1787 et
624 1738 722 1789 lacrimas
739 1739 768 1788 ob
785 1751 894 1789 mortuam
910 1737 1005 1788 Tulliam

222 1826 350 1867 moveretur,
362 1833 375 1860 a
386 1812 492 1861 Cicerone
503 1812 616 1880 repudiata
628 1825 667 1861 est.
681 1813 731 1871 lpse
741 1825 815 1861 autem
826 1812 904 1861 Cicero
915 1812 1005 1861 contulit

221 1906 244 1934 se
253 1886 356 1934 Asturam
367 1884 483 1941 (oppidum
493 1895 526 1932 est
535 1884 564 1931 ad
574 1883 643 1940 mare)
650 1896 681 1938 ut,
690 1885 708 1931 si
720 1896 799 1941 posset.
813 1886 904 1932 mutatio
915 1884 956 1932 loci
968 1884 1005 1931 ali·

221 1957 275 2017 quid
289 1956 330 2004 sibi
345 1967 367 2004 et
381 1955 462 2005 doloris
476 1968 498 2004 et
513 1955 635 2004 moesticiae
650 1956 764 2005 minueret.
817 2022 819 2024 -

183 2075 323 2083 -.---—-—·

238 2133 254 2177 1.
268 2133 342 2187 (quie)s
356 2131 409 2186 i(sta)
424 2138 438 2176 i.
452 2151 468 2176 r.
527 2129 555 2175 15.
571 2130 674 2186 (tentandi
688 2139 702 2176 ι’.
717 2150 774 2183 r.;ex
788 2131 866 2177 levandi
879 2140 946 2178 statim
958 2150 1020 2179 corr..

180 2200 213 2244 21.
228 2206 266 2244 ai.
281 2217 297 2242 r.
