2093 3253
256 131 387 163 SCRIPTORUM
402 130 528 163 ILLUS'I'RIUM
541 142 555 147 -·
569 130 627 160 LIBER
641 130 690 160 IIVII.
847 115 888 161 499

104 263 177 299 tamen
193 249 366 299 Ciceronisnon
382 248 480 308 implevit
496 267 589 307 semper,
606 246 735 296 Ciceronem
751 265 801 295 vero
818 248 888 301 metri,

104 320 220 381 Virgilium
240 321 322 371 solutae
341 322 442 370 dictionis
461 322 528 380 gratia
548 321 652 369 destituit.
672 320 812 379 Quamquam
831 320 889 368 enim

104 395 195 444 alterius·
204 396 272 443 oratio
284 395 360 450 soluta,
373 396 460 443 alterius
471 416 549 454 poema
561 395 669 443 Romanas
681 394 770 442 virtutes
783 401 804 445 et‘
815 393 889 441 laudes

105 467 204 522 illustret,
215 481 291 517 neuter
301 482 374 516 tamen
385 481 478 525 utroque
488 469 511 515 in
522 487 599 525 genere
610 466 679 515 clarus
690 465 739 515 luit.
750 466 829 525 Neque
839 483 890 514 vero

78 542 92 592 5
107 540 203 590 Sallustii
217 540 289 600 Crispi
302 540 424 600 eloquentia
437 554 496 594 tanta
509 540 557 595 luit,
572 541 632 599 quod
645 540 686 588 rari
699 539 759 588 aliter
772 559 838 597 quam
851 556 891 597 pro

106 614 244 662 historiarum
262 614 343 673 honore
361 634 410 663 suas
427 615 534 663 orationes
551 614 630 671 legant.
648 612 775 661 Orationem
791 630 832 671 pro
849 610 895 660 So-,

106 700 163 735 crate
180 686 266 745 scripsit
282 685 349 741 Plato,
367 707 407 735 nec
423 699 503 741 tamen,
520 705 654 745 quamquam
670 685 703 733 vir
719 685 788 743 gravis
805 704 830 733 ac
846 683 890 732 elo-

106 759 261 819 quentissimus
272 772 335 815 esset,
346 772 431 809 tantum
442 760 522 821 ingenii
533 773 555 809 et
565 760 617 808 artis
628 759 727 807 adhibuit
738 758 798 818 quod
808 760 890 825 censeri

105 833 166 882 omni
176 852 228 881 cum
238 834 359 891 integritate
369 835 434 892 digna
444 834 481 882 tali
491 846 513 881 et
522 847 615 891 patrono
625 847 646 882 et
656 852 693 880 reo
703 835 778 891 possit.
851 824 853 827 ¹

67 908 93 956 10
150 905 266 955 Caeterum
280 919 305 955 ut
318 907 385 956 finem
399 907 516 966 aliquando
529 908 614 961 demus,
629 908 711 956 Seneca
730 919 802 954 noster
821 906 891 954 idest

106 978 187 1026 iudicio
199 979 375 1036 gravissimorum
387 980 501 1041 hominum
512 992 630 1034 assecutus,
643 979 703 1037 quod
714 979 777 1036 longe
789 979 889 1026 omnium

86 1100 88 1103 ,
107 1051 233 1108 quicunque
247 1052 275 1098 de
290 1051 387 1099 moribus
401 1064 439 1099 aut
453 1052 585 1109 scripserunt
601 1064 637 1098 aut
652 1051 718 1098 locuti
734 1063 784 1098 sunt
799 1069 891 1107 usquam

106 1124 208 1180 princeps
226 1124 273 1181 ipse
292 1144 343 1170 cum
362 1123 464 1180 gravitate
484 1142 570 1171 morum
588 1122 810 1173 tumisententiarum
829 1120 891 1179 copia

106 1194 226 1255 appelletur
241 1209 307 1254 atque
322 1216 430 1246 summam
446 1196 474 1245 ob
490 1195 637 1245 excellentiam
653 1194 739 1244 moralis
749 1193 892 1254 philosophus

68 1269 93 1319 l5
107 1281 252 1327 cognomento
268 1282 367 1318 vocetur.
388 1268 504 1319 Enimvero
523 1268 605 1318 Aurelii
623 1269 747 1327 Augustini,
763 1267 891 1317 sanctissimi

108 1342 174 1397 patris
190 1342 332 1398 eiusdemque
347 1341 462 1389 doctorum
477 1343 571 1389 doctoris
587 1341 713 1395 doctissimi,
730 1341 810 1388 iudicio
825 1341 890 1388 etiam

108 1412 206 1467 Varroni,
219 1435 286 1472 quem
296 1435 366 1462 unum
379 1414 527 1463 Romanorum
539 1414 596 1462 docti
609 1413 759 1462 doctissimum
771 1412 891 1467 nominant,

108 1487 272 1543 anteponendus
285 1499 325 1535 est.
341 1486 466 1534 Lactantius
478 1498 551 1534 autem
564 1487 693 1540 Firmianus,
707 1480 773 1533 homo
785 1486 892 1544 imprimis

108 1557 244 1605 Christianus
256 1560 337 1615 peritus
349 1571 369 1605 et
380 1560 445 1605 sacris
456 1560 478 1606 in
489 1559 564 1606 litteris
576 1558 643 1607 multa
654 1579 704 1606 cum
715 1559 779 1606 laude
789 1571 892 1612 versatus,

66 1630 95 1678 20
109 1648 160 1678 cum
178 1629 273 1677 scribens
291 1630 318 1678 de
335 1631 439 1679 institutis
456 1629 560 1688 religiosis
577 1631 600 1678 in
617 1629 758 1689 philosophos
775 1630 851 1679 crebro
868 1650 893 1678 ac

108 1702 246 1750 vehementer
259 1703 402 1757 inveheretur,
416 1702 445 1751 ita
458 1716 556 1751 nostrum
569 1703 674 1751 Senecam
687 1703 762 1752 extulit
775 1703 835 1761 quod
847 1722 893 1750 esse

108 1794 173 1834 supra
190 1788 288 1822 caeteros
303 1775 362 1822 omni
380 1776 478 1823 doctrina
495 1789 516 1823 et
534 1776 637 1833 sapientia
655 1775 760 1823 videatur.
778 1774 893 1823 Plutarcho

85 1904 87 1910 Α
108 1866 166 1902 vero,
184 1846 269 1895 Graeco
285 1848 367 1896 auctori
384 1868 435 1896 cum
452 1848 574 1907 eloquentia
590 1861 638 1896 tum
655 1846 791 1906 philosophia
807 1846 893 1902 illustri,

108 1939 133 1968 ea
142 1921 247 1968 sententia
257 1933 332 1968 nostro
341 1920 369 1967 de
378 1920 460 1968 Seneca
470 1920 511 1968 luit
521 1921 581 1979 quod
590 1921 613 1968 in
623 1941 649 1969 eo
658 1920 713 1969 libro
723 1921 746 1970 in
756 1941 800 1979 quo
810 1920 893 1969 Latinis

66 1992 95 2039 25
109 1992 144 2039 vel
151 1992 257 2040 anteferre
265 1992 299 2040 vel
306 1993 427 2051 adaequare
434 1992 530 2040 Graecos
538 2006 651 2041 conaretur
658 2007 723 2051 atque
732 1994 834 2047 studeret,
842 2014 894 2041 cum

108 2063 192 2112 Platoni
205 2077 227 2112 et
238 2064 356 2119 Aristoteli,
370 2085 436 2123 quem
449 2065 514 2123 paulo
526 2078 576 2113 ante
589 2067 705 2119 nominavi,
719 2067 753 2114 Nl.
766 2066 892 2120 Varronem,

66 2167 67 2171 =
108 2157 160 2185 cum
175 2136 279 2190 Homero,
300 2151 413 2195 poetarum
433 2137 533 2195 principi,
554 2138 577 2186 P.
593 2137 715 2197 Virgilium,
732 2160 782 2187 curn
799 2138 893 2187 Demos·

108 2210 169 2258 theni
190 2209 224 2258 M.
246 2209 374 2258 Ciceronem
395 2211 439 2258 suis
460 2212 483 2258 in
504 2210 581 2259 studiis
609 2212 755 2269 adaequasset,
782 2211 894 2269 propalam

109 2281 221 2331 conlessus
232 2295 264 2330 est
275 2282 390 2331 Graeciam
401 2303 444 2330 non
456 2283 535 2331 habere
545 2304 612 2341 quem
622 2283 717 2332 Senecae
727 2295 802 2331 nostro
812 2284 835 2330 in
846 2302 893 2331 mo-

67 2353 96 2403 30
111 2353 191 2404 ralibus
205 2354 346 2413 compararet.
361 2354 434 2412 Quam
448 2355 477 2404 oh
491 2373 537 2404 rem
551 2354 605 2404 illud
619 2356 684 2405 etiam
698 2354 761 2404 nobis
775 2367 807 2403 est
821 2354 895 2403 animo

109 2445 244 2484 persuasum,
258 2440 282 2476 ut
295 2429 391 2476 contenti
405 2427 487 2476 Seneca
500 2427 580 2476 librum
594 2429 652 2476 hunc
665 2426 725 2475 nullo
738 2427 779 2475 sibi
793 2428 844 2475 dato
856 2446 893 2475 co-

110 2500 162 2548 mite
178 2501 327 2549 terminemus.
345 2500 448 2559 Reliquos
464 2512 537 2547 autem
554 2501 581 2548 de
598 2501 677 2558 quibus
695 2500 812 2547 dicendum
828 2511 894 2547 restat

109 2570 158 2620 libri
179 2586 293 2633 sequentes
314 2574 432 2622 habebunt.

68 2666 211 2679 ’,ξ--αι

109 2711 135 2772 15.Ὶ
147 2712 190 2755 Aug.
202 2713 239 2751 Cr'o.
252 2715 283 2751 Der'
294 2713 324 2750 VI.
340 2714 360 2750 I0
372 2714 401 2759 (cl.
410 2713 438 2750 VI.
448 2713 472 2758 2).
524 2714 549 2750 18.
562 2713 590 2751 CI.
604 2713 650 2750 Lacr.
662 2714 703 2750 Inst.
717 2713 729 2749 1.
739 2715 755 2753 I;
768 2713 789 2749 II.
798 2714 814 2753 9;
823 2713 852 2749 Vl.
865 2713 894 2750 25.

69 2788 212 2800 ¹--—-—-—-

107 2831 127 2876 9.
141 2831 175 2877 tali
189 2842 208 2877 et
222 2840 236 2878 i.
251 2852 266 2878 r.
328 2832 361 2878 32.
375 2833 466 2879 liniamus
481 2833 503 2885 F;
518 2833 633 2889 Reliquos...
649 2834 752 2879 habebunt
766 2843 784 2877 et
799 2834 893 2888 subscrip-
933 2867 935 2869 -

70 2903 138 2942 nonem
151 2917 201 2942 eras.
217 2900 233 2943 F
247 2899 291 2942 hab.
305 2901 347 2945 cod.
361 2899 420 2944 Bodt
435 2901 483 2953 (oid.
496 2917 517 2952 ρ.
530 2902 571 2955 xx),
