2093 3253
158 267 181 313 l2
451 280 544 311 srccouts
559 273 678 310 POLENTONI
700 271 701 274 ¹

176 408 177 411 ’
194 393 284 451 invenit,
299 397 317 444 is
331 408 389 443 certe
397 391 435 442 ¹vir
449 394 573 443 excellentis
588 395 669 453 ingenii
680 387 701 443 et
712 396 831 460 sapientiae
841 397 922 457 inultae
933 396 983 447 fuit.

195 469 274 529 Neque
288 488 340 517 vero
350 467 427 528 'potest
442 469 475 516 vir
490 487 534 516 non
549 469 635 526 sapiens
650 468 741 517 iudicari
757 468 848 534 quiaut
863 467 983 521 litterarum

196 555 233 591 aut
248 538 397 590 doctrinarum
412 536 519 599 principia
534 553 556 589 et
571 540 650 594 tontes,
666 540 748 606 quibus
763 541 819 589 fiunt
834 541 934 604 homines
948 562 982 592 sa·

195 615 286 672 pientes,
302 614 392 662 invenit.
753 676 754 679 ¹
1004 621 1006 624 ⁴

167 687 180 736 5
222 685 224 689 ’
240 686 284 735 Sed
290 698 314 735 ut
320 685 409 735 tandem
419 685 523 743 incipiam
529 679 719 744 etipsisalitteris,
725 684 798 735 utiert
804 685 897 739 animus,
904 685 983 744 ordiar,

195 762 227 808 vir
244 772 302 808 certe
319 761 405 817 sapiens
421 760 524 816 acutique
541 759 623 815 ingenii
640 778 665 806 ac
682 753 751 807 divini
767 757 810 807 luit
827 760 866 817 qui
883 760 983 808 omnium

164 833 279 890 ‘primus
295 832 354 880 vocis
365 831 480 879 'humanae
498 851 571 884 sonos,
590 831 628 889 qui
646 831 700 878 varii
718 844 777 884 sunt,
795 831 834 889 qui
852 830 984 890 multiplices

196 904 254 956 sunt.
274 905 320 962 qui,
339 917 364 952 ut
382 904 457 962 paucis
476 903 584 960 colligam,
604 903 683 950 infiniti
702 916 760 957 sunt,
780 904 844 951 certis
863 903 985 954 litterarum

197 978 262 1026 notis.
278 997 318 1025 nec
333 976 423 1035 quidem
438 976 513 1024 multis
528 971 567 1023 se²d
578 975 722 1034 paucissimis,
731 976 855 1025 terminavit
864 975 985 1035 integrun-

158 1051 184 1100 10
197 1052 246 1108 quc
257 1050 285 1098 ad
301 1049 436 1098 intellectum
452 1047 525 1097 rerum
540 1050 640 1096 omniurn
661 1042 773 1106 amplexus
794 1062 834 1097 est.
855 1048 951 1107 Quippe,
967 1050 989 1097 si*

199 1122 308 1169 credimus
326 1120 396 1168 lamae
415 1139 470 1177 quae
488 1120 636 1177 vulgatissima
653 1133 686 1167 est
703 1139 728 1167 ac
746 1132 815 1174 vetus,
834 1119 931 1178 Moyses,
950 1120 985 1169 dei

168 1196 169 1200 ’
198 1212 273 1242 servus
284 1214 308 1241 ac
319 1193 395 1252 populi
407 1192 501 1241 Hebraei
513 1189 621 1251 princeps,
632 1204 682 1241 ante
693 1187 769 1241 omnes
780 1192 901 1242 litterarum
911 1192 986 1260 figuris

199 1268 264 1315 simul
279 1270 300 1315 et
314 1267 387 1325 legum
401 1266 481 1316 tabulis
495 1267 543 1325 ipso
552 1264 569 1314 va
583 1266 624 1315 deo
638 1258 931 1315 in'monte'Sinatdonatus
944 1279 985 1316 est.

179 1354 181 1359 '
201 1340 272 1388 Facile
287 1339 329 1387 hoc
343 1338 433 1387 credere
446 1338 561 1386 bominum
576 1338 695 1386 multitudo
709 1339 764 1386 solet
778 1352 907 1395 argumento
921 1339 987 1387 ducta

160 1413 185 1463 15
202 1412 262 1472 quod
270 1413 335 1461 sacris
344 1413 367 1461 in
376 1412 437 1461 libris
446 1431 555 1470 nusquam
564 1423 614 1459 ante
623 1411 725 1469 Moysen
734 1410 815 1459 litteras
832 1410 899 1460 tuisse
907 1411 987 1470 legant.

193 1483 309 1542 'Equidem
325 1484 444 1532 sententiae
464 1482 515 1531 huic
534 1481 683 1540 aquiescerem
703 1482 773 1536 facile,
794 1485 816 1530 ni
837 1496 912 1531 contra
931 1496 988 1531 esset

201 1578 292 1615 magnus
308 1556 409 1614 ecclesiae
436 1555 519 1610 doctor,
545 1556 647 1604 Aurelius
673 1557 817 1612 Augustinus.
846 1557 867 1604 Is
893 1576 987 1615 nanque,

201 1632 252 1676 cum
268 1629 360 1686 graviter
376 1641 397 1676 et
407 1630 515 1681 accurate,
528 1629 559 1676 uti
572 1628 627 1676 solet
639 1641 728 1681 caetera,
742 1623 915 1675 DeiCivitatem
926 1627 988 1676 effin-

202 1694 261 1758 geret
271 1714 292 1749 et
303 1700 371 1749 multa
381 1700 409 1749 ad
419 1701 522 1749 noticiam
532 1701 667 1759 antiquitatis
678 1701 788 1756 insereret,
799 1695 844 1764 non
854 1696 988 1749 credendum

160 1775 189 1824 20
203 1774 278 1822 scribit
289 1774 423 1831 (testimonio
434 1773 481 1822 eius
491 1794 516 1822 ac
526 1774 599 1822 verbis
609 1774 667 1831 utar)
679 1773 788 1822 Hebraeas
799 1774 881 1822 litteras
892 1767 989 1830 coepisse

202 1866 214 1894 a
229 1847 276 1903 lege
291 1865 357 1904 quam
373 1847 462 1903 Moyses
477 1845 545 1900 dedit,
560 1845 600 1893 sed
614 1846 687 1903 potius
702 1864 740 1904 per
755 1844 815 1893 illam
829 1846 989 1894 successionem

202 1933 289 1977 patrum
298 1917 421 1968 Hebraeam
429 1918 526 1977 linguam
535 1920 585 1967 curn
594 1920 639 1967 suis
647 1916 724 1967 litteris
733 1917 872 1967 custoditam.
884 1917 989 1986 Iosepbus

202 1996 298 2051 quoque,
315 1991 457 2050 Mathathyac
474 1991 539 2046 filius,
557 1992 590 2040 vir
607 2011 658 2039 sane
675 1992 752 2040 doctus
770 2004 791 2039 et
811 1988 911 2039 Iudaicae
932 1991 989 2038 anti-

203 2065 292 2121 quitatis
307 2077 453 2120 perscrutator
476 2084 501 2111 ac
524 2065 617 2121 scriptor
641 2063 745 2121 egregius,
771 2075 876 2111 memorat
900 2075 989 2122 nepotes

162 2136 190 2186 25
205 2135 284 2190 Adam,
300 2136 338 2194 qui
354 2135 444 2185 humani
460 2137 544 2194 generis
559 2137 643 2195 primus
658 2136 701 2185 luit
716 2150 773 2185 sator
788 2150 810 2185 et
825 2156 910 2195 parens,
926 2135 990 2194 longe

204 2223 254 2257 ante
273 2222 349 2257 natum
369 2210 470 2267 Moysen
489 2210 543 2257 duas
562 2210 675 2267 reliquisse
693 2210 808 2268 inscriptas
827 2209 946 2263 columnas,
966 2222 990 2258 ut

204 2279 377 2330 commonefacta
392 2282 506 2339 posteritas
522 2281 627 2342 devitaret
642 2301 698 2338 quae
712 2301 765 2329 avus
782 2281 837 2350 mala
852 2279 926 2329 lutura
941 2300 990 2339 pre·

205 2354 295 2402 dixerat.
311 2353 368 2402 Sunt
383 2354 448 2402 etiam
465 2351 502 2413 qui
519 2353 606 2402 laudem
623 2353 678 2403 hanc
694 2354 795 2404 tribuunt
811 2353 895 2412 parenti
911 2355 990 2412 primo,

205 2426 265 2484 quod
280 2427 439 2474 existimatione
453 2445 492 2474 sua
506 2445 558 2475 vero
572 2425 642 2475 simile
656 2426 755 2475 videatur
769 2439 793 2475 ut
808 2427 825 2475 is
840 2427 937 2485 primum
951 2426 991 2475 do-

162 2498 192 2546 30
206 2499 275 2546 cuerit
287 2497 370 2546 litteras
381 2500 420 2556 qui
436 2499 514 2555 optimi
529 2518 554 2546 ac
570 2499 650 2546 summi
666 2499 754 2546 artificis
770 2499 805 2546 dei
821 2497 864 2546 luit
879 2518 946 2546 manu
962 2499 990 2546 ita

204 2569 274 2618 factus
283 2583 307 2618 ut
316 2570 400 2624 litteris,
410 2582 435 2619 ut
444 2570 556 2625 doctrinis,
565 2584 590 2619 ut
598 2571 658 2619 omni
667 2571 762 2630 denique
771 2571 875 2629 sapientia
881 2592 906 2620 ac
911 2571 992 2620 virtute

206 2642 304 2701 preditus
316 2654 372 2691 esset
384 2663 424 2691 nec
437 2661 460 2691 re
472 2655 554 2691 careret
566 2642 610 2691 ulla
622 2663 689 2701 quam
701 2645 787 2702 assequi
799 2656 837 2692 aut
854 2644 951 2701 corporis
963 2643 1004 2692 ad>

207 2715 308 2763 decorem
320 2728 358 2764 aut
366 2715 447 2774 ingenii
455 2715 483 2764 ad
492 2715 612 2764 bonitatem
619 2728 657 2764 aut
668 2717 785 2774 sapientiae
796 2717 824 2764 ad
834 2716 909 2764 lumen
920 2716 991 2764 homi·

197 2851 222 2887 11.
233 2849 260 2887 Cf.
274 2848 313 2887 lsid.
323 2849 376 2894 Etyrn
389 2848 402 2885 1,
413 2848 429 2884 3.
440 2846 456 2885 5.
507 2847 535 2886 18.
544 2847 588 2891 Aug.
598 2847 636 2886 Cio.
647 2849 678 2887 Det
689 2847 754 2884 XVIII.
765 2847 791 2885 39a
841 2848 869 2885 22.
881 2847 946 2891 Ioseph.
957 2848 993 2887 An·

163 2915 192 2955 tq.
202 2909 238 2948 Iud.
249 2909 261 2946 I.
267 2910 283 2946 2.
294 2910 310 2946 3.

165 2990 310 2997 --.—-..---

203 3042 236 3086 20.
250 3040 280 3085 Es
293 3041 371 3096 cepIsse
384 3047 474 3091 comui
486 3055 547 3093 saepe.
