2093 3253
453 207 546 240 srccouls
563 208 681 240 POLENTONl
755 237 757 240 .

196 333 241 369 erat
255 335 362 380 quantum
376 340 415 379 per
430 334 522 370 aetatem
537 335 621 380 poterat
637 322 712 371 litteris
729 324 826 372 eruditus
842 343 981 383 pronumque

116 407 118 410 ’
197 393 309 452 ingenium
323 395 351 444 ad
366 406 459 444 metrum
473 406 495 442 et
508 408 581 453 poetas
595 394 695 445 habebat.
711 395 792 446 Romae
805 397 871 455 igitur
885 396 982 447 adhaesit

198 465 225 513 C.
241 466 357 522 Mecenati‚
372 466 468 514 adhaesit
494 466 604 516 Cornellio
619 467 691 516 Gallo.
714 468 813 517 Multum
837 469 858 516 hi
882 481 982 527 poterant

197 539 256 597 apud
270 540 397 599 principem.
413 537 526 588 Callebant
540 559 628 599 quoque
652 539 728 589 litteris
751 561 792 590 nec
815 540 903 591 difficile
926 562 981 601 quos

171 612 184 661 5
199 613 279 671 peritos
294 613 396 662 videbant
410 624 431 660 et
446 612 539 661 donariis
554 626 576 662 et
591 613 709 662 honoribus
730 613 868 664 adiuvabant.
890 614 983 674 Proper·

151 687 153 691 ⁴
198 686 222 733 tii
244 698 317 734 autern
338 686 420 733 miserti
441 697 492 732 sunt
514 685 615 740 multum,
634 706 674 733 nec
697 685 817 734 dolendum
835 698 881 734 erat
904 704 982 745 parurn

198 755 257 815 quod
271 755 349 807 indolis
364 756 461 815 egregiae
487 756 570 805 iuvenis
597 776 642 805 uno
668 758 714 806 ictu
741 758 854 808 saevientis
882 756 982 809 fortunae

198 843 288 888 patrem,
303 850 362 889 opes,
376 831 468 889 patriam
480 831 593 879 amisisset.
608 830 733 889 Propertius
746 849 804 885 vero,
819 831 858 879 etsi
873 832 936 880 metri
950 831 983 879 la-
1044 829 1047 877 ²,

199 902 271 950 ciendi
285 923 310 951 ac
319 902 421 962 poetandi
432 922 563 961 quocunque
571 903 600 961 in
610 922 688 961 genere
699 904 794 952 multum
804 916 826 952 et
835 905 887 952 artis
902 916 925 952 et
935 923 983 961 gra·

159 975 186 1022 lll
200 974 242 1022 tiae
255 988 366 1023 assecutus
380 987 443 1029 esset,
464 974 529 1032 elegis
549 987 622 1023 tamen
635 975 719 1024 'canere
739 974 779 1032 (sic
800 977 858 1024 enim
879 975 983 1025 iubebant

199 1047 306 1106 tempora)
320 1048 401 1097 statuit.
417 1046 494 1096 Libros
509 1047 575 1107 igitur
586 1048 672 1107 scripsit
683 1061 786 1108 quattuor
798 1048 826 1098 de
837 1067 911 1098 amore
923 1049 983 1106 Cyn·

199 1120 263 1175 thiae,
279 1141 334 1180 quae
349 1122 452 1169 miserum
466 1121 539 1180 ipsum
551 1120 623 1170 ocellis
636 1119 715 1171 lecerat
727 1122 780 1172 suis.
796 1121 857 1172 Ficto
870 1122 929 1179 enim
943 1122 983 1173 hoc

200 1194 288 1241 nomine
302 1195 396 1252 appellat
410 1194 534 1250 Cynthium,
549 1214 605 1252 quae
625 1212 676 1242 vero
696 1194 785 1241 nomine
806 1193 899 1242 Hostilia
920 1214 983 1242 voca-

200 1277 265 1314 retur.

161 1340 186 1390 15
243 1339 315 1390 Huius
330 1359 380 1390 vero
395 1340 518 1388 studiorum
533 1359 605 1388 comes
621 1359 646 1388 ac
656 1339 712 1388 vitae
728 1338 769 1388 luit
784 1339 862 1388 Albius
873 1339 983 1389 Tibullus.

201 1414 259 1462 Huic
273 1413 357 1461 deferre
373 1412 427 1461 illud
444 1412 509 1461 etiam
525 1413 645 1471 peritorum
662 1412 752 1471 quidam
768 1412 845 1474 solent,
863 1412 923 1472 quod
940 1412 984 1461 ele-

200 1488 260 1545 giaco
275 1487 297 1535 in
313 1499 381 1534 metro
396 1497 485 1533 cunctos
510 1484 606 1533 excellat.
622 1485 704 1532 Romae
727 1497 801 1532 autem
825 1497 937 1543 pergratus
963 1497 984 1532 et

201 1558 328 1607 militaribus
343 1569 365 1605 et
378 1557 455 1615 togatis
469 1555 518 1611 luit,
533 1556 592 1615 quod
606 1556 639 1605 vir
652 1568 708 1605 esset
722 1555 799 1605 doctus
814 1576 861 1615 nec,
875 1569 900 1604 ut
914 1555 984 1604 solent

200 1631 297 1690 quidam,
312 1629 397 1680 vultum
411 1642 521 1678 austerum
537 1641 558 1677 et
573 1629 657 1677 tristem
673 1628 712 1677 sed
733 1629 823 1678 hilarem
843 1648 893 1687 erga
907 1636 984 1678 omnes

159 1705 188 1753 20
202 1724 227 1753 ac
241 1704 360 1761 benignum
375 1701 469 1751 haberet.
484 1701 572 1759 Quippe
593 1700 695 1749 Tibullus
716 1713 797 1749 statura
817 1701 914 1758 pulcher,
936 1720 985 1748 cor-

200 1795 253 1834 pore
272 1775 339 1833 agilis,
359 1773 413 1822 lacie
432 1772 546 1827 ineundus,
567 1773 640 1830 lingua
660 1773 736 1827 comis,
753 1771 850 1841 moribus
870 1771 940 1821 dulcis
963 1784 985 1820 et

201 1845 377 1897 familiaris'erat.
391 1845 449 1896 Ante
461 1845 513 1894 alios
526 1865 576 1894 vero
589 1846 630 1894 sibi
644 1846 703 1896 omni
717 1844 787 1896 officio
800 1866 825 1896 ac
838 1845 985 1896 benivolentia

201 1923 296 1971 Messala
310 1922 417 1969 Corvinus
432 1920 491 1969 favit.
506 1920 557 1968 Erat
571 1920 606 1967 hic
619 1930 690 1967 orator
703 1919 801 1976 insignis,
815 1932 881 1978 atque
894 1912 984 1967 consilio

201 1995 247 2042 eius
262 2006 283 2041 et
298 2012 362 2051 opera
378 1992 508 2040 Octavianus
525 1991 625 2049 princeps
641 1990 742 2049 gravibus
758 1991 782 2039 in
798 1990 863 2039 rebus
879 2009 904 2039 ac
919 1991 985 2040 etiam

96 2115 98 2118 ,
160 2068 187 2117 25
203 2067 301 2115 maximis
309 2066 417 2115 utebatur.
431 2064 518 2112 Amavit
526 2063 615 2122 quidem
622 2062 737 2112 Tibullum
745 2062 839 2112 Messala
847 2057 985 2121 eundemque

202 2153 223 2189 et
237 2139 297 2188 domi
311 2151 333 2187 et
347 2137 399 2186 loris
414 2137 488 2185 multis
508 2136 570 2185 donis
591 2148 612 2184 et
631 2134 742 2186 favoribus
763 2135 890 2185 sublevavit.
906 2135 985 2195 Neque

201 2231 252 2262 vero
276 2211 377 2260 Tibullus
394 2210 437 2260 fide
453 2211 525 2259 minus
542 2204 624 2269 integra
645 2229 776 2269 quacunque
796 2209 820 2258 in
840 2228 863 2257 re
882 2208 985 2277 obeunda

201 2286 297 2335 solicitus
312 2285 350 2332 sed
369 2283 500 2342 percupidus
519 2283 607 2330 honoris
626 2283 672 2330 eius
691 2294 713 2330 et
731 2282 802 2329 cultor
820 2293 872 2330 erat.
887 2281 986 2339 Aegeum

201 2377 252 2409 vero
261 2378 313 2408 cum
321 2377 347 2407 eo
356 2354 458 2415 navigans
468 2374 526 2405 mare
535 2353 654 2405 valitudine
663 2348 718 2403 mala
727 2366 803 2413 captus
817 2367 857 2404 est.
877 2353 938 2404 Tum
952 2377 986 2403 sa·
1042 2402 1044 2406 ,

158 2433 187 2482 30
202 2433 252 2481 lutis
267 2452 331 2480 causa
345 2429 466 2489 proximam
480 2430 503 2478 in
518 2422 604 2483 terram,
620 2428 725 2483 Feaciam,
740 2429 798 2476 bona
812 2447 863 2477 cum
879 2428 986 2476 Messalae

199 2615 225 2652 12.
237 2615 285 2659 Prop.
299 2613 313 2651 Ι.’
328 2613 341 2650 1,
357 2612 371 2651 l.

162 2721 305 2728 ...---———-

202 2778 221 2823 2.
235 2776 266 2823 Ex
284 2776 361 2823 adhesit
379 2794 429 2821 corrv
483 2776 503 2822 3.
523 2773 581 2820 Gallo
598 2792 644 2819 sscr.
705 2773 724 2818 4.
742 2772 773 2819 Ex
791 2772 881 2818 calebant
899 2773 986 2818 corno

160 2842 250 2890 calebant
268 2845 294 2891 H.
352 2843 382 2890 ll.
400 2840 431 2889 Ex
451 2841 542 2888 Cinthiae
560 2860 616 2893 corr„
635 2849 657 2885 ut
675 2847 734 2886 etiam
753 2839 806 2894 infra
825 2839 867 2895 (sed
884 2846 904 2885 in
923 2840 987 2886 indice

161 2910 243 2957 Cinthia
256 2929 296 2956 non
308 2911 374 2965 cora).
432 2908 462 2955 ll.
480 2908 511 2956 Ex
529 2920 599 2955 cuntos
618 2927 673 2959 corr„
687 2916 709 2953 ut
722 2922 786 2961 saepe.
842 2906 874 2952 24.
888 2906 918 2954 Ex
929 2906 988 2953 Otta-

160 2979 230 3023 vianus
244 2996 294 3023 corr.
308 2978 376 3032 (etium
389 2983 409 3022 in
424 2976 502 3029 indice).
