2093 3253
250 181 379 211 semeroaun
393 181 517 211 nausmmu
531 192 544 197 -
557 181 616 211 ΥΥΥΥΥΥ
629 181 660 211 ΥΥΥ.
831 164 875 214 1,(Βῖ

74 298 144 349 ,bunc
158 295 311 349 sacrificiorum
325 294 441 354 appellant¹
453 295 492 343 sed
510 294 608 353 pontifici
627 292 745 341 subiiciunt
763 313 822 346 eum,
840 313 868 339 ne

55 417 56 421 ,
86 369 176 419 libertati
198 389 270 426 novae
296 367 371 416 datum
392 368 497 416 sacerdoti
512 368 569 418 ⁴huic
589 367 645 425 regis
658 376 745 420 nomen
766 366 867 417 officeret.

77 444 160 489 Postea
174 460 225 489 vero
240 442 339 498 imperio
349 453 459 488 crescente
475 443 535 489 varia
550 441 634 488 occasio
651 439 770 486 introduxit
786 452 813 486 ut
830 440 867 495 qui

88 514 202 563 consulum
216 514 340 562 obirent
320 524 385 568 vices,
404 514 505 568 dictator,
510 511 645 572 proconsul,
669 523 761 571 praetor,
785 530 868 565 censor,

61 591 74 639 5
89 588 210 642 decemviri,
226 587 307 638 tribuni
317 587 394 645 plebis,
404 587 486 636 tribuni
496 587 589 635 militum
598 596 732 636 crearentur.

127 662 192 710 Anno
207 662 299 719 quidem
311 675 360 718 post
374 674 460 709 exactos
480 681 539 718 reges
560 681 625 714 nono,
645 681 696 707 cum
715 658 798 707 bellum
817 644 868 706 binc

88 733 200 785 Sabinum,
215 733 266 780 inde
281 732 385 780 Latinum
399 745 492 788 urgeret
507 733 599 779 dictator
613 732 709 789 primum
729 731 816 778 Rornae
825 730 868 778 Ae-

87 820 164 855 trusco-
174 825 233 854 more
248 817 331 853 creatus
342 818 382 854 est.
397 804 534 853 Tremendus
546 804 580 853 liic
592 804 727 862 magistratus
738 817 869 863 severusque

87 900 111 926 ac
126 899 222 926 summae
237 879 348 937 potestatis
362 892 415 933 erat,
428 879 488 936 quod
500 878 558 925 dicto
570 878 616 925 eius
628 877 816 935 parendumvesset
828 897 868 924 nec

51 955 75 1002 10
89 953 116 1000 ab
131 972 156 999 eo
170 952 198 999 ad
212 952 319 1010 populum
333 953 364 1000 uti
387 951 510 1005 aconsule
532 968 648 1008 provocare
670 950 750 998 liceret.
775 949 869 1008 Insignis

88 1024 147 1071 erant
162 1023 212 1077 huic
226 1023 345 1071 consularia
361 1024 440 1077 omnia,
457 1024 495 1072 sed
511 1042 630 1081 nunquam,
647 1022 673 1069 ΥΥΥ
686 1042 763 1079 magno
779 1035 869 1080 urgente

88 1097 189 1153 periculo,
205 1116 275 1154 neque
288 1109 341 1144 tunc
353 1097 382 1144 ad
394 1116 476 1145 annum
489 1097 528 1144 sed
540 1109 624 1143 certum
636 1095 670 1143 vel
682 1096 711 1143 ad
723 1096 784 1162 diem
794 1096 828 1144 vel
840 1097 868 1143 ad

87 1169 168 1216 bellum
183 1169 330 1226 designabant,

127 1241 260 1299 >Magistrum
274 1242 374 1300 equitum
388 1242 429 1288 sibi
439 1262 505 1301 quem
514 1242 599 1289 volebat
607 1243 657 1300 ipse
663 1241 748 1289 dicebat
761 1242 808 1289 iure
822 1262 869 1289 suo.

51 1313 74 1361 l5
92 1312 111 1360 ls
126 1333 212 1371 nanque
220 1314 249 1361 ob
258 1334 305 1361 eam
314 1333 360 1362 rem
368 1315 467 1372 equitum
476 1326 508 1361 est
517 1314 617 1371 magister
625 1313 703 1368 dictus,
712 1314 772 1372 quod
780 1314 803 1362 ΥΥΥ
812 1314 875 1365 bellov

58 1399 196 1444 equestres
211 1389 257 1444 ipse
275 1388 354 1445 copias
366 1389 460 1442 duceret;
479 1389 520 1445 qui
535 1407 585 1435 vero
604 1378 695 1434 dictator
707 1400 780 1441 esset
778 1390 811 1440 is
829 1390 868 1437 etsi

89 1471 194 1514 praeesset
208 1459 317 1513 omnibus
333 1461 426 1517 legiones
439 1468 512 1513 tamen
524 1449 595 1536 solum
608 1459 725 1542 pedestres
730 1478 789 1506 more
802 1459 869 1508 maio

81 1549 136 1578 rum
151 1531 260 1587 ducendas
275 1532 370 1581 haberet.
407 1567 409 1571 v
550 1535 552 1537 ’
665 1539 668 1544 ’

121 1605 218 1662 ¹Imperii
233 1626 320 1664 quoque
339 1605 460 1664 amplitudo
477 1606 567 1664 creandi·
583 1606 723 1664 proconsules
742 1607 841 1654 morem
835 1627 869 1653 tn-

48 1677 78 1724 20
91 1677 158 1725 duxit.
173 1678 313 1738 Designatam
332 1679 373 1727 sibi
392 1680 484 1738 quisque
503 1680 635 1738 provinciam
653 1679 760 1729 consulari
778 1679 880 1737 imperio.

62 1761 63 1764 ’
89 1750 227 1806 gubernabat,
242 1752 302 1809 quod
320 1772 391 1834 neque
409 1752 483 1799 adesse
502 1753 583 1808 ubique
600 1752 628 1798 ad
646 1751 701 1800 bella
719 1752 812 1808 gerenda
830 1773 870 1799 nec

89 1842 163 1871 omnes
177 1823 237 1871 obire
249 1824 369 1881 provincias
381 1825 487 1879 consules
500 1845 538 1882 qui
532 1825 616 1876 modo
628 1836 699 1872 essent
710 1824 762 1878 duo,
774 1836 870 1883 possent.

89 1895 198 1944 Numerus
212 1910 285 1945 autem
297 1897 452 1955 proconsulum
465 1896 568 1945 diffinitus
581 1910 626 1945 erat
638 1896 725 1951 nullus,
731 1886 769 1944 sed
781 1898 813 1946 uti
825 1911 870 1945 erat

58 2002 61 2005 -
88 1987 139 2014 eie
154 1968 240 2026 publica
255 1969 388 2018 creabantur

49 2040 75 2088 25
131 2042 196 2089 nano
210 2063 261 2091 vero
275 2044 313 2101 qui
328 2045 406 2091 exactis
425 2065 440 2090 a
461 2045 546 2101 regibus
558 2046 715 2102 septimus,·et
736 2045 870 2101 quinquage-

62 2157 64 2162 ,
89 2114 155 2163 simus
170 2114 211 2163 luit
226 2116 342 2173 imperium
353 2137 365 2165 a
375 2117 501 2166 consulibus
512 2116 540 2165 ad
550 2116 683 2165 decemviros
693 2115 821 2165 translatum
831 2129 871 2165 est.

65 2222 66 2226 ,
85 2186 119 2238 ,Hi
134 2208 220 2246 nanque
235 2202 299 2244 sunt‚=
308 2202 332 2237 ut
345 2190 416 2248 primo
430 2191 547 2238 memoravi
561 2190 623 2244 libro,
638 2189 760 2237 scribendas
773 2190 802 2237 ad
814 2190 871 2248 leges

90 2260 194 2307 consulari
210 2262 301 2319 imperio
317 2282 341 2309 ac
358 2263 405 2309 sine
420 2264 572 2319 provocatione
588 2263 660 2309 creati.
676 2262 763 2308 Horum
778 2263 871 2320 quisque

90 2330 173 2380 decimo
188 2353 227 2381 suo
242 2334 282 2382 die
291 2332 330 2395 (ita
342 2335 401 2382 enim
413 2335 566 2393 convenerant)
578 2334 645 2383 fasces
658 2347 679 2384 et
691 2334 777 2382 dicendi
789 2335 871 2393 populo

50 2404 78 2450 30
91 2405 142 2452 iuris
149 2452 150 2455 ,
157 2419 285 2464 potestatem
296 2408 395 2455 babebat.
406 2408 451 2456 Sed
461 2411 496 2457 vix
507 2408 592 2466 perlatis
603 2408 681 2455 tabulis
692 2408 720 2456 ob
731 2409 794 2455 unius
804 2408 883 2466 Appii*

61 2508 63 2510 -
90 2476 174 2524 Claudii
186 2499 265 2526 noxam
275 2479 375 2527 abdicare
386 2501 409 2526 se
420 2483 575 2534 omnesbcoacti
587 2494 650 2527 sunt·
657 2480 699 2527 Res
710 2480 800 2537 quidem
811 2481 871 2528 brevi

89 2562 153 2608 atque
168 2570 219 2599 mox
229 2564 254 2600 ut
265 2551 322 2609 leges
334 2553 453 2611 descriptae
464 2565 515 2601 sunt
525 2553 554 2600 ad
565 2552 663 2600 consules
675 2552 745 2601 rediit.
798 2591 799 2594 Υ

124 2623 217 2672 'Deinde
229 2644 266 2672 sex
277 2624 346 2674 terme
357 2627 386 2673 ad
397 2645 465 2674 annos
477 2635 577 2673 censores
590 2626 654 2673 creati
666 2638 724 2674 sunt.
740 2625 794 2673 *Duo
811 2640 872 2674 erant

63 2720 65 2739 J
89 2694 123 2741 isti
138 2697 196 2743 etin
211 2697 375 2759 quinquenium>
391 2698 526 2746 creabantur.
547 2698 653 2753 Censores
674 2711 798 2755 vero-sunt
816 2719 829 2746 a
848 2696 876 2746 re'

50 2762 223 2828 351psa‚quod
229 2784 351 2829 praeessent
361 2770 460 2819 iaciendo
471 2764 552 2825 censui,
563 2771 671 2830 appellati.
682 2771 710 2819 ld
720 2791 800 2826 munus
810 2772 873 2820 insti-

90 2850 158 2888 tuerat
173 2843 275 2900 primum,
285 2856 309 2891 ut
319 2845 371 2898 dixi,
380 2844 468 2892 Servius
477 2844 564 2892 Tullus
573 2844 649 2891 Postea
658 2863 709 2892 vero
718 2855 744 2892 ut
753 2856 804 2892 sunt
813 2863 883 2914 reges

90 2915 165 2968 exacti
180 2915 213 2962 ius
229 2936 293 2963 omne
307 2915 400 2965 faciendi
415 2937 499 2971 census,
514 2917 555 2964 uti
561 2929 644 2965 caetera
655 2937 710 2974 quae
720 2917 790 3006 regiae
800 2930 873 3006 potes-
