2093 3253
218 176 347 207 SCRIPTORUM
362 175 486 206 ILLUSTRIUM
499 188 513 192 -
527 175 583 206 LIBER
598 174 650 206 vlltl.
807 159 847 206 245

67 295 165 342 Romano
181 289 273 347 imperio
288 287 427 336 rebellassent
443 287 525 350 populi,
542 308 589 336 sese
604 288 677 335 animo
693 286 797 346 pertinaci
814 286 854 335 de-

67 363 179 415 lenderent
193 374 214 410 et
228 362 251 409 in
264 361 310 409 acie
323 361 434 409 communi
448 379 488 419 pro
501 359 599 409 libertate
614 360 667 409 mori
682 381 749 420 quam
762 359 854 409 violatae

67 439 117 487 fidei
131 435 190 483 luere
203 454 296 493 poenam
310 433 406 481 mallent.
420 433 503 482 Omnes
518 433 607 492 quidem
621 453 667 482 esse
681 434 704 481 in
718 434 783 481 armis
797 432 854 480 Cato

68 513 139 559 hostes
154 519 283 565 paratosque
297 505 325 554 ad
335 504 422 554 bellum
436 525 461 553 ac
475 517 588 564 promptos
603 506 692 554 invenit.
708 506 787 564 Neque
801 524 854 553 vero

44 588 54 637 5
70 586 115 642 ipse
125 579 256 629 detrectavit
271 599 374 638 pugnarn.
390 577 449 635 Quas
465 579 523 627 enirn
543 579 635 628 habebat
656 578 728 638 copias
743 579 766 626 in
786 580 854 626 aciem

69 676 118 705 mox
132 653 206 702 eduxit
220 651 322 711 fuditque
336 666 402 712 atque
416 650 498 711 fugavit
513 652 698 702 hostessCollatis
713 653 772 702 enim
786 653 854 710 signis

69 750 112 778 uno
129 727 164 774 die
180 725 222 773 Xl.
239 725 297 773 milia
314 725 410 773 hostiurn
426 746 486 774 caesa
502 746 549 775 esse
564 728 592 775 ab
609 748 634 775 eo
651 727 749 775 Valerius
766 726 854 783 Ancias,

69 801 169 859 antiquus
182 818 207 846 ae
220 802 344 856 temporum
356 797 443 847 illorum
456 800 548 858 scriptor
561 798 665 857 egregius,
680 799 792 847 memorat.
806 797 853 845 Hac

67 869 157 921 'victoria
172 871 278 919 deterritis
292 871 380 919 caeteris
395 871 474 931 oppida
488 890 553 929 supra
568 870 648 920 CCCC
662 892 717 929 quae
731 870 854 920 defecerant

34 950 56 995 10
70 947 148 1003 partim
161 944 189 996 vi,
203 944 282 1001 partim
296 943 483 1001 ingenio,partim
497 940 731 1001 humanitate'recepit.
746 943 791 991 Sed
803 963 856 989 curn

71 1020 100 1066 cis
112 1016 220 1065 Hiberum
232 1015 313 1063 flumen
325 1029 400 1073 pacata
412 1017 484 1064 omnia
496 1016 627 1070 viderentur,
641 1015 716 1073 populi
729 1014 854 1063 defecerunt

67 1090 113 1138 'Vll
127 1087 181 1136 lalso
195 1088 278 1145 decepti
292 1104 385 1142 rumore,
399 1089 459 1146 quod
472 1089 494 1136 in
508 1088 653 1146 longinquum
665 1088 736 1135 abisse
749 1087 856 1136 Catonem

71 1168 120 1212 cum
137 1161 230 1210 exercitu
246 1160 376 1219 vulgaretur.
393 1159 448 1210 Cato
463 1174 537 1210 autem
552 1162 649 1219 primum
665 1161 693 1209 ad
709 1154 814 1209 mincium
831 1181 857 1208 ex

53 1269 54 1272 =
72 1234 194 1295 propinquo
206 1253 304 1285 reversus
317 1247 377 1284 tanta
390 1233 437 1284 illos
451 1233 559 1285 celeritate
572 1235 679 1294 oppressit
693 1247 717 1284 ut
730 1233 775 1283 lere
789 1234 857 1283 victos

36 1311 58 1358 15
73 1309 167 1366 seprius
181 1308 208 1355 ab
222 1328 248 1355 eo
261 1327 327 1365 quam
341 1306 402 1355 illum
416 1308 496 1355 redisse
509 1309 595 1356 scirent.
610 1308 659 1355 Hoc
672 1307 762 1365 quidem
771 1307 798 1355 'in
811 1307 857 1354 viro

73 1395 142 1439 preter
154 1394 247 1430 caeteras
259 1380 356 1435 virtutes,
370 1399 425 1439 quae
437 1380 459 1428 in
472 1400 497 1427 eo
510 1379 640 1439 multiplices
649 1375 724 1442 essent
736 1400 760 1427 ac
772 1400 858 1428 summe

75 1455 175 1507 lucerent,
191 1473 216 1501 ea
230 1454 262 1501 vis
276 1454 343 1501 animi
358 1466 379 1500 et
394 1454 520 1511 magnitudo
535 1453 576 1500 fuit
591 1454 651 1511 quod
666 1453 766 1501 mortales
781 1473 856 1500 omnes

74 1547 202 1584 quacunque
212 1526 234 1573 in
245 1544 268 1573 re
278 1525 378 1573 obeunda
389 1545 440 1573 cum
450 1526 572 1573 maturitate
582 1538 630 1573 tum
641 1525 749 1573 celeritate
758 1525 857 1582 capiendi

72 1597 155 1647 consilii
167 1618 192 1646 ac
203 1597 328 1657 perficiendi
341 1597 424 1656 negocii
436 1596 553 1656 superaret.
566 1597 654 1656 Quippe
666 1596 719 1646 nibil
731 1597 751 1646 ei
762 1596 859 1655 pigricia,

36 1672 61 1719 20
76 1670 128 1719 nihil
143 1671 263 1719 temeritate
278 1668 319 1719 luit
334 1670 432 1719 alienius.
448 1670 508 1727 Quos
524 1683 596 1719 autem
612 1672 709 1718 incautos
724 1683 860 1729 oppresserat

75 1743 166 1803 populos
179 1745 207 1793 ad
222 1744 354 1792 deditionem
368 1745 437 1801 coegit
452 1745 583 1802 eosdemque
598 1761 655 1799 mox,
669 1757 693 1792 ut
708 1744 766 1792 nulla
780 1745 810 1792 eis
819 1763 856 1792 re·

74 1816 167 1864 bellandi
186 1816 274 1863 materia
291 1828 418 1873 superesset,
437 1817 539 1863 omnibus
557 1816 674 1864 denudavit
692 1816 764 1863 armis.
784 1816 858 1864 lussus

75 1889 163 1947 quidem
180 1888 275 1948 populus
293 1888 385 1949 quisque
402 1889 430 1937 ad
448 1909 498 1938 eum
516 1908 571 1948 quae
589 1889 682 1938 habebat
705 1907 764 1938 arma
781 1890 859 1938 omnia

75 1963 156 2018 privata
173 1959 194 2009 et
211 1961 298 2019 publica
316 1961 400 2009 detulit.
418 1961 480 2016 Quae
497 1981 530 2009 res
547 1961 644 2009 barbaris
661 1962 715 2009 adeo
733 1961 823 2010 molesta
840 1974 862 2009 et

38 2033 61 2079 25
77 2034 145 2089 gravis
161 2033 203 2080 luit
218 2047 243 2081 ut
259 2047 352 2081 mortem
367 2034 408 2081 sibi
424 2035 546 2081 conscirent
562 2034 632 2087 multi,
649 2053 698 2093 pars
714 2033 862 2092 indignatione

76 2104 169 2163 quadam
187 2119 252 2164 atque
271 2105 353 2161 dolore,
372 2106 433 2165 quod
451 2107 498 2154 sine
516 2106 581 2155 armis
600 2107 641 2155 sibi
660 2106 779 2155 vivendum
798 2120 861 2166 esset,

76 2177 135 2238 quod
147 2199 198 2235 gens
210 2176 256 2225 lera
267 2177 373 2238 bellisque
384 2199 409 2226 ac
421 2178 537 2227 latrociniis
549 2193 634 2227 assuete
645 2178 727 2228 nullam
739 2179 786 2228 sine
796 2180 863 2228 armis

77 2250 142 2298 vitam
156 2271 203 2299 esse
214 2264 306 2309 putaret,
319 2271 367 2309 pars
380 2264 440 2300 metu
450 2272 528 2310 poene,
540 2252 601 2310 quod
612 2252 736 2300 Romanum
746 2245 863 2307 violassent

72 2323 215 2378 praesidium,
233 2344 273 2371 suo
289 2342 311 2371 se
322 2324 394 2381 gladio
404 2324 502 2372 occidere
513 2344 579 2383 quam
589 2325 612 2372 in
622 2337 707 2373 catenas
718 2325 749 2372 ire
759 2323 864 2383 caedique

39 2391 65 2440 3ss
79 2393 142 2453 virgis
158 2416 182 2444 ac
199 2398 282 2456 percuti
299 2398 368 2446 securi
385 2397 479 2447 mallent.
497 2398 552 2447 Cato
567 2410 641 2447 autem
657 2397 736 2447 deinde
751 2395 875 2454 civitatum

78 2468 189 2523 primarios
198 2471 257 2518 adse
266 2471 349 2518 vocavit
358 2471 490 2528 eosdemque
498 2471 574 2518 acerbe
583 2472 696 2528 increpans
706 2471 791 2518 monuit
799 2471 864 2527 longe

79 2539 149 2589 minus
165 2560 241 2590 eorum
257 2561 323 2600 quarn
339 2541 414 2600 populi
431 2542 523 2591 Romani
539 2544 642 2591 interesse
657 2544 737 2592 totiens
753 2540 863 2597 rebellare,

79 2611 138 2668 quod
156 2613 211 2663 bella
230 2615 304 2663 maiori
323 2634 399 2664 eorum
417 2616 497 2664 damno
515 2635 581 2675 quem
600 2614 749 2665 Romanorum
767 2614 863 2675 periculo

79 2692 210 2739 gererentur.
219 2687 333 2736 Rationem
346 2701 457 2746 postremo¹
464 2687 591 2746 capiendam
599 2688 653 2736 dixit
662 2709 705 2745 qua
714 2688 816 2746 deinceps
825 2708 865 2736 nec

0 2807 1 2811 ¹
74 2821 90 2857 7.
103 2824 139 2861 Liv.
152 2826 231 2865 XXXlV.
246 2828 272 2870 15,
286 2828 303 2865 9·

0 2897 1 2900 ¹
44 2898 181 2913 χὴ...

83 2941 111 2989 ll.
126 2946 244 3003 (Hiberum
257 2956 270 2993 ι’.
286 2968 308 3000 r.;
323 2959 365 2993 erut
375 2923 479 3013 >Hiberim.
