2093 3253
176 189 224 235 -300
487 202 578 233 sicconis
592 202 707 233 ιοιιιιτοιιι

218 336 276 365 -ιιιιιι
285 328 397 376 appareret
407 328 431 364 ut
441 336 497 375 quae
508 315 549 364 sibi
560 315 704 364 obiicerentur
714 335 726 364 a
736 315 832 369 consule,
843 334 868 363 ea
878 315 945 363 veluti
955 315 1014 364 dicta

227 389 281 438 falso
291 408 316 438 ac
325 407 363 447 per
371 388 447 437 odium
455 401 476 437 et
484 387 652 437 malivolentiam
660 388 733 436 omnia
740 387 869 437 conlutaret.
877 387 1013 445 Audiebatur

227 456 315 522 quoque
323 474 413 521 attente,
423 461 462 510 sed
471 482 523 510 curn
532 461 594 511 vultu
605 461 683 511 minaci
693 482 718 510 ac
728 462 813 510 retortis
823 460 892 510 oculis
902 462 924 509 in
935 480 1013 509 consu-

227 536 270 585 lem
280 536 376 595 asperius
387 535 519 593 loqueretur,
530 547 606 583 senatu
616 547 663 597 toto
673 554 698 582 ac
708 535 822 592 presertim
832 535 870 593 qui
881 546 968 592 patrum
979 553 1012 581 se-

202 609 215 658 5
231 610 301 657 niores
317 620 377 655 erant
392 619 414 655 et
429 606 569 655 reverendam
585 605 679 656 consulis
695 606 823 673 dignitatem
838 625 884 655 esse
899 606 1016 656 censebant

227 681 353 750 increpante
361 679 423 729 silere
431 692 518 729 coactus
526 693 565 747 est.
572 679 632 728 Tum
640 700 691 729 vero
700 680 856 729 vehementius
860 680 1016 729 excandescens

229 753 307 827 inquit:
320 770 328 793 «
337 752 463 811 Quoniam
458 754 524 812 igitur
535 753 564 803 ita
576 774 625 803 sum
636 752 775 802 inimicorum
785 753 898 802 artibus
880 771 1016 802 circumven-

230 841 265 876 tus
276 840 300 876 ut
310 827 370 886 loqui
381 827 503 886 prohibear,
514 826 641 875 incendium
651 846 725 875 meum
735 847 780 875 non
787 846 843 885 aqua
852 826 930 875 sed
898 845 960 874 ruina
968 845 1016 874 ves

230 913 262 967 tra
278 899 426 962 extinguam»
442 918 536 957 moxque
544 898 627 956 templo
636 916 734 955 egressus
748 898 840 946 domum
849 918 895 946 sese
905 897 1016 948 minaciter

192 974 219 1020 10
234 989 371 1020 murmurans
386 969 484 1019 contulit.
774 1028 775 1031 ι

275 1045 346 1094 Nocte
359 1056 433 1093 autem
447 1044 545 1126 proxima
559 1042 610 1092 cum
625 1043 736 1103 equitibus
750 1045 824 1102 paucis
839 1044 894 1092 urbe
908 1043 1017 1102 protectus

185 1178 187 1181 ι
231 1117 347 1165 Aurelia
327 1136 361 1165 vra
369 1134 466 1174 primum
473 1136 496 1163 m
504 1135 581 1174 agrum
589 1116 705 1164 Reatinum
712 1115 775 1164 adC
785 1115 1018 1178 flamminiumdein-

232 1188 280 1239 de
275 1209 298 1239 in
307 1200 377 1240 castra
386 1208 451 1242 suurn
461 1188 489 1238 ad
500 1187 610 1238 Manlium
620 1209 643 1237 se
654 1188 741 1249 recepit.
752 1187 860 1241 Omnium
869 1207 920 1238 vero
931 1209 987 1255 quae
997 1191 1019 1239 in

233 1262 287 1312 urbe
297 1263 392 1322 paranda
401 1275 462 1311 erant
471 1280 546 1311 curam
563 1261 768 1321 solicitudinemque
778 1261 873 1310 Lentulo
883 1274 904 1313 et
914 1252 1018 1320 Cethego,

195 1335 220 1384 l5
230 1335 273 1393 qui
282 1354 333 1383 esse
336 1335 481 1400 promptiores
489 1334 512 1382 in
519 1333 603 1382 lacinus
604 1334 743 1392 viderentur,
753 1333 821 1386 dedit
829 1333 859 1382 Se
866 1346 940 1393 presto
947 1333 975 1383 ad
983 1353 1019 1383 ur·

226 1407 286 1472 bem
291 1427 342 1455 cum
348 1407 442 1471 exercitu
447 1419 572 1468 venturum,
578 1405 676 1454 iacienda
682 1406 748 1454 modo
754 1400 898 1455 maturarent
892 1426 933 1487 ipsi
927 1405 1019 1454 &adher

233 1491 295 1527 tatus
301 1490 341 1527 est.
349 1465 424 1536 lpsum
433 1490 507 1526 autem
515 1498 527 1525 e
535 1477 681 1527 coniuratisP.
687 1477 823 1533 Clodius‚''
792 1497 810 1526 rs
818 1497 864 1537 ipse
872 1478 910 1537 qui
919 1490 1020 1544 repetun-

235 1545 319 1606 darum,
332 1562 356 1599 ut
369 1550 423 1632 dixi,
434 1563 570 1599 accusaverat
582 1570 640 1606 eum,
654 1563 740 1600 secutus
753 1564 792 1600 est.
805 1550 896 1600 Amicus
908 1551 967 1599 enim
980 1550 1020 1599 hoc

235 1637 333 1705 tempore
343 1642 369 1686 ex
379 1622 468 1672 inimico
478 1622 619 1671 reconciliatis
629 1623 710 1672 animis
718 1635 740 1671 et
749 1623 849 1671 conscius
860 1622 1021 1681 coniurationis,

194 1696 223 1745 20
237 1696 269 1765 uti
279 1695 367 1745 iuvenes
377 1694 413 1744 alii
423 1707 488 1754 atque
498 1693 533 1743 alii
544 1694 634 1751 nobiles,
645 1695 723 1748 multis
729 1694 793 1745 donis
802 1715 827 1744 ac
837 1689 943 1745 illecebris
952 1693 1022 1745 factus

229 1759 288 1817 erat
305 1758 409 1824 luvenem
418 1767 477 1816 hunc
486 1767 579 1817 deteruit
589 1781 666 1824 metus,
677 1759 737 1827 quod
745 1767 843 1826 fugiente
852 1767 994 1816 facinoris
962 1787 1022 1850 prm

236 1842 285 1899 cipe
294 1840 430 1909 coniectaret,
439 1841 471 1909 uti
481 1852 525 1904 erat
534 1833 705 1921 haudquaquam
713 1839 818 1889 dissimile
827 1837 886 1896 vero,
895 1852 916 1905 et
924 1840 1024 1922 coniura-

236 1915 319 1982 tionem
332 1925 354 1961 et
367 1906 529 1961 coniuratorum
542 1912 631 1974 nomina
644 1911 757 1971 patefacta
770 1912 816 1961 Sed
833 1932 885 1961 cum
903 1933 915 1961 e
933 1904 1023 1961 consciis

239 1986 350 2034 neminem
359 2004 421 2044 sequi
415 1984 519 2039 videret,
530 1972 650 2033 decessisse
655 1984 722 2034 domo
731 1985 831 2044 penituit
840 1979 934 2042 Proinde
943 1982 1023 2035 mutata

196 2058 224 2108 25
240 2059 345 2107 sententia
356 2058 421 2107 tacite
432 2057 460 2106 ad
471 2057 549 2106 urbem
561 2075 670 2117 regressus
681 2070 714 2107 est
726 2078 820 2117 moxque
832 2056 932 2107 Ciceroni
944 2078 967 2106 se
979 2058 1024 2106 dies

239 2150 314 2179 omnes
324 2149 349 2180 ac
360 2142 433 2179 noctes
444 2130 498 2187 (eret
508 2130 598 2188 quidem
608 2130 692 2179 vicinus
702 2129 764 2188 suus)
773 2130 828 2179 adeo
838 2129 947 2179 solicitum
956 2143 977 2179 et
987 2149 1025 2189 pa·

239 2215 310 2252 ratum
323 2202 351 2252 ad
365 2203 421 2251 iussa
435 2201 569 2285 plenumque
582 2202 692 2262 obsequiis
703 2223 728 2252 ac
738 2202 877 2252 obedientem
890 2203 988 2252 exhibuit
1001 2215 1025 2251 ut

240 2278 312 2341 etiarn,
321 2275 359 2359 qui
371 2288 470 2335 suspecta
481 2276 554 2325 omnia
566 2275 661 2331 haberet,
670 2275 748 2325 Cicero
758 2276 859 2325 bonum
853 2296 927 2334 ipsum
938 2296 984 2324 esse
995 2275 1025 2323 ci·

240 2369 290 2398 vem
297 2349 436 2431 amicumque
447 2368 512 2397 suum
519 2369 544 2397 ac
555 2348 677 2399 studiosum
686 2348 825 2409 reipublicae
833 2361 948 2420 reputaret.
957 2349 1025 2398 Nem

199 2422 228 2472 30
242 2442 270 2502 pe
285 2440 350 2494 opera
361 2421 406 2470 eius
418 2420 495 2471 Cicero
506 2436 527 2489 et
538 2422 561 2471 in
571 2422 648 2481 capitis
659 2443 692 2472 sur
686 2422 801 2471 custodia
812 2436 833 2471 et
844 2424 867 2471 in
877 2424 961 2472 cunctis
972 2441 1026 2481 quae

241 2494 263 2542 in
278 2486 407 2543 coniuratos
418 2493 505 2542 secretis
522 2493 617 2541 consiliis
634 2504 776 2543 tractarentur
793 2495 862 2542 amice
878 2513 903 2542 ac
919 2496 966 2542 sine
983 2493 1026 2542 ullo

241 2565 371 2624 suspicionis
386 2566 454 2614 dubio
469 2560 578 2615 utebatur

284 2637 400 2706 Caeterum
411 2652 435 2688 ut
446 2638 563 2688 Catilinam
573 2658 684 2698 egressum
693 2639 748 2688 urbe
758 2640 824 2688 sensit
835 2638 919 2694 Cicero,
931 2640 1025 2699 primurn

242 2729 373 2769 magnopere
387 2711 506 2769 gratulatus
519 2725 558 2767 est,
570 2712 630 2771 quod
645 2711 734 2761 illocum
748 2712 817 2760 exisse
832 2732 907 2760 omnes
922 2712 1026 2763 conscios.

233 2842 254 2890 7.
267 2850 306 2889 Sall.
320 2850 356 2890 Cat.
370 2852 399 2890 31.
413 2852 429 2890 9.

246 2966 280 3012 21.
293 2977 334 3011 erat
347 2972 414 3011 stetim
428 2984 451 3012 ex
466 2977 494 3011 est
508 2984 557 3012 corr.
