2093 3253
245 183 374 214 scnrrrononr
389 182 514 214 irrusrnrun
526 192 541 202 -
554 182 612 213 ursan
626 183 645 213 v.
818 167 851 213 161

74 304 153 358 studio,
162 300 270 361 probitate
280 301 359 350 meruit
369 321 395 349 eo
406 301 453 360 ipso
465 299 521 350 bello
532 300 593 360 quod
603 320 654 350 cum
662 299 765 354 Sertorio,
775 298 856 349 Maria-

74 396 150 429 narum
160 375 255 435 partium
266 373 328 428 duce,
339 375 362 422 in
376 373 481 433 Hispania
494 393 597 433 prospera
610 387 631 423 et
641 372 692 422 lorti
706 390 771 422 manu
783 372 855 431 gessit.

75 449 166 499 Proinde
179 448 264 495 virtutis
277 446 305 493 ad
315 446 461 504 premium'ab
471 466 497 494 eo
507 447 607 495 laudatus
617 459 649 495 est
659 465 752 495 summe.
764 445 856 493 Romam

74 543 160 583 quoque
170 519 248 569 ductus
265 532 286 568 et
302 520 388 569 civitate
404 533 425 568 et
441 533 586 577 cognomento
596 540 648 569 suae
658 518 752 569 familiae
762 519 854 568 donatus

49 600 61 648 5
76 608 115 644 est.
126 593 184 641 Hinc
200 604 286 651 nanque
301 592 342 640 iste
357 591 439 651 quique
454 593 534 650 posteri
550 593 584 641 sui
599 591 695 647 luerunt,
705 606 727 641 et
736 592 794 640 cives
804 604 855 639 sunt

73 666 163 717 Romani
174 664 241 712 habiti
253 676 274 713 et
287 664 384 723 Pompeii
398 666 527 723 cognomine
540 665 649 724 appellati.
662 665 753 714 Patruus
767 684 855 724 quoque

72 741 148 789 eodem
159 738 262 796 Pompeio
277 737 333 785 duce
347 751 429 786 turmas
445 738 544 796 equitum
561 737 695 786 Mitridatico
710 737 767 786 bello
783 737 852 786 duxit.

72 814 133 863 Pater
148 829 199 860 vero
214 810 271 860 civili
286 809 344 859 bello
361 809 442 859 lulium
455 809 570 859 Caesarem
579 822 665 859 secutus
675 823 707 858 est
716 823 745 864 et,
756 811 821 859 veluti
831 811 854 858 in
890 810 891 813 ¹

73 884 219 943 quomultum
230 883 280 931 fidei
295 895 317 930 et
330 883 409 930 amoris
424 896 486 936 esset,
507 883 579 931 datam
598 883 639 930 sibi
659 902 733 931 curam
752 882 853 940 epistola-

36 961 60 1009 10
75 976 129 1009 rum,
149 954 294 1012 largitionum,
309 954 440 1008 divitiarum,
455 953 514 1002 anuli
529 954 612 1002 habuit.
666 972 667 975 ’

111 1021 194 1078 ιΝοεῐετ
201 1040 274 1077 autem
280 1025 372 1086 Trogus,
380 1026 407 1076 de
416 1047 460 1085 quo
467 1027 605 1085 impresentia
611 1040 671 1076 ortus
678 1027 769 1076 habetur
774 1046 853 1083 sermo,

72 1104 103 1152 vir
118 1103 195 1150 doctus
204 1102 226 1149 in
235 1101 380 1150 memorandis
390 1101 483 1149 historiis
492 1121 516 1149 ac
525 1102 617 1159 scriptor
625 1100 712 1149 illustris
720 1100 769 1149 fuit.
778 1101 853 1149 Exter-

74 1193 150 1223 narum
162 1194 249 1231 nanque
261 1191 333 1221 rerum
345 1174 444 1221 omnium
457 1173 583 1221 memoriam
595 1186 617 1222 et
629 1171 774 1231 cognitionem
786 1172 853 1222 dedit.

29 1303 31 1307 ¹
74 1249 123 1306 Ipso
132 1249 192 1296 enim
200 1267 212 1295 a
222 1246 288 1301 Nino,
298 1247 335 1295 illo
343 1247 482 1305 Assyriorum
490 1248 641 1305 antiquissimo
651 1265 699 1305 rege
708 1248 746 1306 qui
755 1249 854 1295 omnium

36 1323 59 1371 15
74 1321 155 1380 primus
166 1320 241 1368 docuit
251 1332 272 1369 et
283 1338 348 1378 regna
358 1321 430 1377 augeri
441 1332 463 1367 et
472 1337 531 1368 arma
542 1320 630 1375 moveri,
642 1337 703 1368 orsus
714 1339 747 1368 res
758 1321 853 1378 primum

71 1394 175 1451 Assyrias,
186 1393 265 1440 deinde
276 1393 361 1446 Medas,
372 1393 453 1446 Persas,
465 1392 552 1449 Lydias,
563 1393 654 1446 Scithae
666 1392 767 1447 Graecas,
779 1392 853 1440 Mace-

6 1483 7 1487 *
71 1465 144 1520 donas,
154 1465 242 1513 orientis
251 1464 346 1523 denique
354 1485 379 1512 ac
387 1465 453 1513 totius
462 1464 520 1513 orbis
529 1464 604 1522 dignas
613 1464 668 1513 scitu
676 1477 741 1523 atque
750 1465 852 1523 memoria

71 1537 191 1596 explicavit.
206 1536 285 1597 Neque
299 1557 350 1587 vero
365 1537 502 1596 pretermittit
517 1538 613 1586 Romana
627 1538 723 1594 omnino,
738 1537 777 1587 sed
791 1539 852 1597 quasi

71 1611 161 1660 domum
172 1624 222 1669 post
233 1611 319 1673 longam
330 1611 525 1669 peregrinationem
535 1624 632 1659 reversus
643 1611 732 1659 tandem
743 1611 852 1660 Romanae

33 1685 59 1733 20
73 1683 131 1732 urbis
142 1683 202 1734 initia
213 1695 325 1739 memorat,
336 1683 396 1743 quod
406 1703 452 1733 esse
462 1683 514 1733 civis
525 1683 601 1742 ingrati
612 1695 697 1743 putaret
707 1684 724 1733 si
735 1695 815 1733 taceret
825 1683 852 1733 de
863 1682 865 1685 ⁵

71 1754 137 1815 patria
148 1777 193 1811 sua,
204 1778 259 1816 quae
269 1756 328 1805 orbis
338 1757 454 1815 imperium
463 1756 577 1811 obtineret,
587 1776 638 1806 curn
648 1770 706 1814 gesta
716 1770 852 1806 externarum

71 1831 167 1886 gentium
179 1843 314 1878 memoraret.
326 1829 371 1878 Sed
381 1830 481 1887 amplecti
493 1850 544 1877 cum
555 1850 599 1877 non
611 1842 683 1887 posset
694 1831 852 1888 omnia-quae·

70 1901 120 1950 dam
136 1922 161 1951 ac
178 1902 292 1960 presertim
308 1903 369 1951 initia
386 1902 478 1951 Romani
495 1902 580 1961 imperii
598 1922 622 1951 ea
639 1902 786 1951 moderatione
803 1919 852 1961 per·

70 1969 190 2033 strinxitvu't
201 1996 241 2024 nec
252 1975 343 2024 modum
353 1975 458 2033 propositi
470 1977 540 2033 operis
551 1975 640 2024 excedat
650 1996 690 2024 nec
701 1976 776 2033 utique
787 1976 852 2033 origi·

33 2046 57 2094 25
73 2068 122 2095 nem
136 2048 203 2103 urbis,
216 2068 278 2107 quae,
290 2061 314 2096 ut
326 2047 377 2103 dixi,
389 2060 454 2106 caput
465 2061 520 2096 esset
531 2046 597 2102 orbis,
609 2047 694 2096 silentio
702 2049 851 2106 pretermittat.

71 2119 127 2168 Cum
142 2121 201 2169 enim
219 2120 246 2169 A.
265 2120 365 2174 Albinus,
384 2120 473 2168 Asinius
493 2120 568 2174 Pollio,
588 2119 709 2169 Cornellius
729 2118 811 2179 Nepos,
830 2134 852 2170 et

70 2192 104 2240 alii
116 2194 178 2242 multi
190 2194 248 2242 docti
259 2193 354 2253 clarique
364 2214 389 2241 ac
400 2193 522 2242 consulares
538 2193 578 2242 viri
594 2206 615 2242 et
634 2193 726 2242 Romani
742 2194 799 2242 cives
818 2212 851 2243 res

70 2267 145 2324 populi
161 2267 253 2316 Romani
269 2266 358 2315 Graecis
374 2268 535 2325 peregrinisque
550 2267 626 2315 litteris
641 2267 789 2325 explicassent,
805 2268 853 2326 ipse

71 2359 157 2400 quoque
172 2339 335 2389 scribendarum
346 2359 418 2389 rerum
429 2339 502 2403 studio
513 2338 630 2389 delectatus
641 2358 674 2389 res
686 2339 779 2389 Graecas
790 2358 851 2400 pere-

33 2409 58 2458 30
72 2413 186 2473 grinasque
203 2434 228 2462 ac
246 2434 301 2472 pene
319 2414 385 2463 totius
404 2414 462 2462 orbis
481 2413 563 2462 l-atinis
581 2413 656 2463 litteris
675 2414 808 2469 memoravit,
826 2426 851 2462 ut

70 2487 163 2542 quadam
171 2487 237 2535 veluti
245 2488 421 2541 commutatione,
430 2487 615 2545 quemadmodum
622 2487 718 2535 Romana
726 2488 850 2544 peregrinis,

69 2557 97 2605 ita
113 2559 225 2616 peregrina
241 2559 343 2606 Romanis
359 2559 463 2617 explicata
479 2558 554 2606 litteris
570 2558 707 2608 haberentur,
723 2558 800 2607 Libros
811 2560 852 2607 ita-

68 2648 110 2687 que
125 2631 195 2689 prisca
212 2631 335 2690 eloquentia
352 2651 404 2679 usus
421 2630 489 2680 edidit
506 2642 608 2690 quattuor
624 2643 646 2680 et
663 2631 811 2690 quadraginta,
828 2632 851 2681 in

70 2703 149 2759 quibus
159 2718 243 2753 servato
253 2718 377 2762 temporum
387 2705 463 2753 ordine
473 2717 495 2752 et
505 2705 589 2752 omissis
600 2725 655 2763 quae
665 2726 709 2753 non
720 2704 782 2760 multi
793 2704 852 2754 fruc-

33 2768 57 2820 35
71 2788 105 2824 tus
120 2798 166 2826 esse
183 2778 266 2826 videret
282 2779 381 2826 omniurn
396 2796 478 2837 regum,
490 2778 588 2826 omnium
603 2777 742 2837 populorum,
753 2779 852 2828 omnium

33 2886 169 2902 χὴ

68 2949 99 2996 27.
114 2952 171 2998 multi
185 2961 198 3000 ι’,
213 2973 239 3006 r.,·
254 2963 297 3000 erat
312 2952 406 3009 plurique
419 2961 460 3000 sinc
474 2954 539 3000 dubio.
