2093 3253
244 219 377 257 SCRIPTORUM
393 224 520 257 ILLUSTRIUM
533 235 546 242 ·
561 200 619 256 ursan
633 223 682 256 XIIII.
834 204 874 256 487

95 348 97 359 ²
134 338 189 385 Istos
203 350 277 385 autem
291 333 333 397 per
344 338 390 387 dies
401 338 481 398 quibus
491 339 519 394 ad
529 338 648 387 delendum
658 325 763 398 Senecam
772 338 821 386 aula
829 350 881 386 totts

89 411 181 459 ferveret
196 410 255 458 urbs
263 410 333 458 Roma
344 411 446 460 incendio
456 411 577 460 incredibili
589 431 678 459 accensa
688 430 713 459 ac
724 429 792 469 prope
803 429 875 470 eversa

90 495 129 532 est.
147 482 173 532 Id
187 482 277 542 quidem
291 481 362 531 XIIII
385 482 502 532 Kallendas
523 483 616 533 Sextiles
637 483 693 532 cirea
714 482 835 532 Palatinum
855 496 876 531 et

91 553 191 603 Caelium
205 567 289 603 montes
308 567 382 603 ortum
399 555 491 614 septima
509 576 553 603 nox
571 556 669 604 extinxit.
688 555 773 604 Domus
791 576 877 615 nanque

65 624 204 677 IMCCXX
219 621 240 676 et
255 627 336 687 palacia
353 640 463 688 quattuor,
481 649 538 688 quae
556 628 676 694 insularum
693 630 716 678 in
735 629 826 678 modum
843 629 877 677 via

92 699 190 759 undique
204 700 348 759 cingerentur,
366 700 407 749 hoc
422 702 524 751 incendio
538 702 616 750 arsisse
631 703 731 752 scribens
742 703 770 752 ad
785 700 889 751 Paulum

53 814 56 821 .
92 770 215 831 apostolum
230 772 312 822 Seneca
326 771 399 822 dellet.
416 773 522 832 Regiones
538 787 612 824 autem
628 774 688 825 urbis
704 775 780 825 decem
797 773 877 833 deletas

93 867 119 893 ex
133 845 203 894 XIIII
219 844 342 895 Cornellius
357 845 455 903 Tacitus,
471 848 563 907 scriptor
579 868 651 899 rerum
666 839 756 907 istarum
771 845 876 905 egregius.

64 942 65 945 ¹
94 917 166 965 relert.
181 919 266 966 Urbem
282 920 372 978 quidem
387 921 511 977 regionibus
527 933 630 978 quattuor
646 933 667 967 et
682 921 758 967 decem
774 912 877 966 distribuss

55 991 80 1040 10
94 1002 140 1038 tarn
149 989 249 1049 Augusto
260 990 389 1049 imperatore
400 1004 421 1040 et
432 990 514 1041 Plinius
526 1005 631 1048 memorat
641 1005 663 1040 et
674 990 736 1056 multi
748 990 878 1049 scriptorum

93 1063 221 1112 assentiunt.
236 1062 269 1112 Ex
290 1064 391 1113 omnibus
413 1064 500 1114 lortuna
521 1078 625 1124 quattuor
638 1058 716 1130 illesas
734 1060 878 1117 'conservavit

94 1148 137 1183 tres
152 1135 278 1184 incendium
292 1136 395 1185 omnibus
410 1156 500 1196 prorsus
514 1136 561 1186 solo
575 1138 671 1204 aequatis
686 1137 815 1197 absumpsit;
830 1156 879 1194 sep-

94 1221 139 1257 tem
149 1227 201 1257 vero
215 1221 275 1257 erant
288 1207 390 1268 reliquae.
404 1203 449 1258 Has
462 1210 491 1259 ita
503 1211 597 1269 pervasit
609 1205 665 1268 ignis
677 1210 738 1269 quod
749 1230 820 1268 neque
830 1230 880 1269 pars

95 1281 177 1340 integra
191 1280 322 1341 superfuerit
342 1281 386 1346 ulla
405 1304 484 1342 nequev
496 1296 569 1332 totum
582 1304 681 1349 usquam
701 1282 750 1341 igne
770 1284 881 1332 corruerit.

57 1355 81 1404 15
96 1353 238 1413 Tranquillus
250 1368 330 1410 autem,
343 1348 381 1415 qui
393 1369 415 1405 et
427 1355 545 1405 Suetonius
558 1350 682 1414 appellatus
691 1368 723 1404 est
735 1368 756 1404 et
768 1354 881 1414 XIICae-

96 1446 169 1477 sarum
183 1440 242 1487 gesta
257 1429 349 1490 scripsit,
370 1430 502 1478 immensum
521 1448 639 1478 numerum
658 1428 784 1482 insularum,
804 1428 881 1477 domos

97 1502 218 1560 priscorum
233 1503 321 1559 ducum,
334 1503 426 1553 deorum
437 1503 508 1558 aedes,
522 1514 543 1552 et
553 1502 661 1562 'quicquid
673 1501 787 1562 visendum
799 1520 824 1550 ae
835 1520 881 1550 me-

97 1574 201 1623 morabile
215 1574 278 1625 illum
290 1577 313 1625 in
325 1576 384 1626 diem
396 1596 422 1625 ex
434 1576 562 1633 antiquitate
574 1576 688 1624 duraverat
700 1575 742 1623 hoc
753 1575 795 1623 isto
807 1575 881 1623 incen-

98 1646 135 1695 dio
149 1647 225 1696 arsisse
239 1648 312 1698 tradit.
632 1706 633 1709 Ἰ
703 1706 705 1708 ¹
725 1708 727 1710 Ι

57 1721 85 1770 20
142 1720 209 1772 Pestis
224 1742 275 1771 vero
290 1722 354 1772 huius
369 1735 480 1772 auctorem
494 1720 561 1776 luisse
576 1720 687 1772 Neronem
702 1734 723 1771 et
736 1720 882 1780 vulgatissima

25 1843 26 1846 ,
98 1794 155 1843 lama
170 1795 222 1843 dicit
237 1808 258 1843 et
273 1796 311 1855 qui
326 1796 364 1843 has
382 1795 480 1843 scribunt
498 1794 598 1843 historias
616 1792 679 1843 multi
697 1813 737 1853 pro
754 1813 806 1842 vero
823 1814 883 1842 com-

99 1865 226 1917 memorant.
237 1868 297 1917 Nero
307 1881 380 1917 autem
390 1888 441 1917 cum
451 1880 507 1916 tecta
517 1867 617 1916 arderent
627 1865 648 1915 et
668 1887 723 1926 quae
733 1866 814 1926 palacia
823 1880 884 1915 erant

83 1969 85 1975 v
99 1942 191 1990 maxima
199 1954 286 1990 ruerent
293 1941 335 1991 alta
342 1962 369 1990 ex
375 1943 430 1990 turri
437 1941 589 2000 prospectabat
597 1961 637 1988 nec
644 1940 705 1989 aliter
712 1961 779 2009 quarn
786 1941 804 1987 si
812 1941 884 1989 devic-

98 2015 126 2061 tis
142 2015 241 2063 hostibus
249 2015 388 2079 triumphum
395 2026 467 2071 ageret
475 2013 531 2079 letus
540 2026 562 2061 et
571 2034 616 2071 quo
625 2012 707 2061 solebat
716 2013 801 2060 scenico
810 2012 885 2061 habitu

59 2086 86 2134 25
102 2086 236 2136 decantabat.
251 2085 333 2136 Verum
348 2086 454 2145 purgandi
467 2085 501 2135 sui
513 2106 584 2139 causa,
598 2105 625 2133 ne
637 2085 656 2133 is
667 2084 776 2133 videretur
788 2084 826 2143 qui
837 2098 885 2156 tan3

100 2173 145 2208 tam
160 2160 231 2209 delere
245 2160 323 2209 urbem
337 2159 569 2224 incendio'voluisset
592 2159 681 2213 crimen,
703 2159 734 2207 uti
756 2157 825 2207 solent
847 2158 884 2216 qui

101 2228 197 2281 scelerati
212 2233 311 2281 homines
322 2246 358 2281 'ac
367 2232 452 2291 tyranni
469 2240 531 2287 sunt‚'
544 2233 567 2280 in
584 2232 673 2294 miseros
689 2230 812 2290 peregrinos
828 2230 885 2279 iecit.

101 2304 158 2354 Reos
183 2326 270 2365 nanque
294 2326 341 2355 esse
367 2305 446 2355 Iudeos
471 2304 537 2355 simul
562 2317 583 2354 et
603 2303 738 2354 Christianos
757 2303 818 2352 dixit.
838 2302 886 2352 Nec

101 2377 179 2437 vulgus
194 2377 281 2427 difficile
295 2378 395 2434 credidit,
410 2392 459 2428 tum
474 2378 535 2438 quod
552 2377 727 2437 haudquaquam
736 2376 825 2425 noxium
840 2397 887 2424 esse

61 2451 89 2498 30
104 2452 225 2511 principem
240 2466 277 2502 aut
291 2454 361 2502 civem
376 2453 499 2501 Romanum
523 2451 593 2501 ullum
617 2451 733 2509 quisquam
748 2449 886 2501 existimaret,

101 2536 150 2573 tum
164 2525 225 2584 quod
238 2523 301 2575 lacile
316 2526 409 2585 quisque
421 2534 507 2583 putaret
519 2545 544 2572 ac
556 2523 625 2573 libens
638 2523 734 2571 crederet
746 2521 824 2570 urbem
836 2519 887 2569 dolo

102 2616 178 2647 eorum
188 2598 299 2648 incensam
309 2598 442 2658 quibuscum
453 2598 542 2647 eosdem
554 2617 593 2646 nec
606 2597 658 2645 deos
671 2616 710 2658 nec
720 2613 778 2644 sacra
789 2598 829 2643 nee
839 2614 886 2642 mo-

61 2691 202 2702 —-—-—-.

97 2742 114 2779 7.
125 2743 152 2781 n.
164 2743 204 2781 sen.
216 2745 247 2788 n.
263 2744 289 2781 n.
339 2745 355 2782 a.
370 2744 407 2783 nc.
420 2746 463 2783 nnn.
476 2743 513 2783 xv.
526 2744 555 2780 ro.
609 2742 635 2779 io.
648 2741 690 2778 Prin.
700 2727 725 2779 Ν.
740 2742 764 2779 n.
781 2739 810 2777 nr.
827 2738 893 2795 sa.sa.3

65 2801 90 2839 15.
103 2803 149 2842 Suet.
161 2805 201 2844 Ner.
214 2805 243 2843 38.

64 2890 205 2899 ——n-m—

106 2931 136 2979 I6.
150 2944 203 2987 gesta
216 2952 261 2981 sscr.
274 2932 294 2979 Ο
308 2932 359 2979 lacta
369 2934 396 2984 F.
451 2931 485 2979 2I.
500 2933 535 2979 has
549 2930 627 2978 steno
646 2950 684 2977 orn.
703 2930 728 2977 F.'
780 2928 813 2977 21.
831 2926 889 2975 multi

63 3014 100 3050 pro
113 3007 127 3045 i.
141 3018 164 3052 r.;
178 3018 202 3047 cx
215 3018 285 3047 omnes
299 3018 335 3056 pro
349 3001 428 3058 ve(ro.²)
442 3006 509 3048 statim
523 3018 573 3046 corr.
588 2999 607 3045 O
622 2998 679 3045 multi
691 3017 729 3044 orn.
742 2998 766 3043 F.
