2093 3253
128 160 165 205 138
427 173 518 205 sicconis
533 174 647 204 rotantem

124 299 126 304 “
166 291 264 338 animum
286 290 388 338 inclinare
414 287 663 337 accommodatissimum
689 289 771 337 habuit.
795 289 841 338 Sed
863 286 948 338 moralis

168 361 316 421 philosophiae
327 361 533 419 cagnoscendaeque
544 362 656 409 vetustatis
668 374 689 409 et
700 362 750 410 artis
762 362 858 419 poeticae
863 361 949 412 multos

168 435 196 483 ad
209 454 277 484 annos
294 433 403 483 studiosus
419 433 468 483 luit.
487 433 559 483 Multa
576 435 666 493 quidem
683 434 740 493 legit,
758 434 825 484 multa
841 435 949 493 cognovit,

166 508 242 557 omnia
253 507 395 566 investigavit.
406 506 515 556 Annosior
527 528 577 556 vero
589 507 658 556 Iactus
670 528 725 567 quac
737 510 796 558 omni
807 521 883 562 aetate,
895 529 949 568 quae

143 583 156 630 5
173 581 240 629 multa
259 581 376 637 diligentia,
398 601 453 638 quae
475 600 552 638 magna
573 581 714 629 delectatione
734 594 859 629 tractaverat
880 583 950 631 studia
1024 613 1037 643 g

170 654 253 712 poetica
261 673 286 702 ac
294 652 365 702 omnis
374 651 510 712 eloquentiae
518 653 598 713 posuit.
609 652 670 701 Vitae
678 666 751 702 autem
759 653 838 703 deinde
846 654 951 713 quicquid

171 727 219 780 luit,
231 727 255 774 id
270 739 342 774 totum
359 725 422 773 sacris
440 724 522 780 litteris,
540 725 669 773 meditandis
686 726 771 781 divinis,
789 725 851 775 saluti
868 728 951 776 animae

170 800 252 846 tribuit.
1023 845 1031 850 ,

212 872 288 920 Annos
303 871 356 919 vixit
371 870 433 918 LXX
447 891 491 919 una
506 871 578 919 minus
593 871 635 920 die.
659 870 755 920 Mortem
777 891 828 921 vero
850 892 894 931 quo
917 894 952 923 so¹

133 948 158 995 10
173 946 230 994 lebat
244 945 354 994 interdurn
368 946 438 994 vexari
454 944 531 993 morbo
551 946 639 993 tandem
658 945 779 1004 apopletico
800 946 861 995 obiit.
881 946 950 997 XIIII

128 1082 130 1084 ι
173 1018 289 1066 Kallendas
304 1017 390 1066 Sextilis
404 1037 462 1065 anno
483 1030 532 1075 post
553 1030 629 1065 natum
650 1017 764 1066 dominum
784 1030 806 1066 et
827 1019 952 1068 salvatorem

172 1105 271 1140 nostrum
287 1091 360 1140 lesum
375 1089 488 1138 Christum
503 1088 702 1139 MCCCLXXHII
719 1104 817 1140 mortuus
832 1105 865 1141 est
879 1113 905 1141 ac
919 1114 952 1142 se·

173 1165 246 1224 pultus
261 1177 363 1213 montana
377 1163 400 1212 in
414 1163 464 1212 villa
483 1163 579 1212 Paduani
598 1164 651 1222 agri.
670 1164 796 1223 Arquadam
814 1166 896 1214 incolae
915 1187 953 1226 ap·

173 1238 253 1297 pellant
267 1238 344 1296 ipsam.
360 1236 454 1295 Euganei
469 1236 526 1284 coles
542 1249 600 1284 sunt.
620 1237 711 1285 Vineam
730 1237 759 1285 ibi
778 1258 803 1286 ac
822 1239 913 1287 domum
931 1241 953 1288 in

99 1305 101 1308 ’
135 1313 160 1359 15
176 1330 218 1367 qua
233 1311 375 1357 diversaretur
389 1309 508 1365 plurimum
523 1328 588 1355 senex
612 1307 711 1356 habebat.
737 1308 876 1368 Epitaphium
901 1311 953 1366 eius,

174 1383 234 1441 quod
248 1381 289 1430 sibi
304 1381 383 1430 lecerat
397 1381 479 1435 vivens,
495 1381 596 1428 marmori
616 1380 657 1429 hoc
676 1382 804 1440 inscriptum
823 1382 871 1441 legi:
890 1402 899 1424 (1
908 1383 954 1432 Fri·
1011 1388 1039 1449 Ἴ

174 1457 223 1514 gida
238 1454 345 1504 Francisci
359 1454 412 1512 lapis
426 1454 461 1501 hic
474 1455 527 1511 tegit
540 1474 588 1502 ossa
601 1454 718 1502 Petrarcae.
732 1455 830 1512 Suscipe‚
844 1457 904 1513 virgo
917 1479 954 1515 pa·

174 1547 230 1582 rens',
244 1528 346 1576 animam.
361 1526 412 1574 Sate
425 1527 514 1584 virgine,
529 1545 599 1584 parce,
612 1524 712 1585 fessaque
725 1527 768 1575 iam
781 1530 843 1576 terris
856 1529 908 1577 caeli
922 1548 955 1578 re·

175 1602 270 1661 quiescat
284 1601 307 1650 in
321 1614 395 1650 arce.»

134 1678 163 1725 20
180 1689 182 1691 '
219 1674 304 1732 Scripta
318 1693 356 1722 sua
370 1692 502 1731 quocunque
522 1674 544 1721 in
564 1692 641 1731 genere
662 1672 768 1723 habentur
788 1674 835 1724 ista.
855 1675 957 1725 Carmine

176 1747 274 1794 bucolico
289 1758 339 1805 sunt
354 1745 441 1802 eglogae
458 1745 512 1798 XII,
532 1745 617 1792 heroico
636 1758 705 1792 metro
723 1745 771 1793 libri
790 1746 866 1802 VIIII,
884 1746 957 1796 Africa

143 1851 147 1858 ·
163 1855 165 1858 ψ
175 1819 283 1877 appellata
291 1817 403 1865 comoedia
411 1837 454 1866 una
464 1816 555 1865 Iohanni
564 1817 684 1865 Columnae
692 1819 801 1875 inscripta,
810 1832 834 1867 ut
842 1820 888 1867 eius
895 1837 957 1868 curas

177 1891 258 1939 facetiis
273 1904 294 1938 et
309 1890 360 1939 iocis
375 1889 516 1947 extingueret.
531 1888 610 1937 Psalmi
625 1910 712 1948 quoque
726 1904 776 1939 sunt
789 1891 817 1939 ab
827 1912 853 1939 eo
863 1914 875 1941 e
886 1892 958 1941 David

176 1964 266 2021 vestigio
280 1962 338 2012 lacti.
353 1961 471 2021 Epistolae·
481 1962 561 2010 multae
580 1981 651 2017 versu,
671 1963 755 2011 infinite
774 1963 843 2013 soluta
861 1967 958 2025 oratione

135 2038 162 2086 25
178 2037 206 2084 ad
221 2036 316 2084 diversos
331 2035 415 2089 missae;
430 2035 558 2094 scriptarum
577 2047 646 2082 metro
666 2034 714 2082 libri
733 2035 761 2084 ad
780 2036 897 2087 Barbatum
915 2050 957 2088 tres

178 2111 291 2165 habentur,
306 2110 451 2168 prosaicarum
469 2128 520 2157 vero
538 2108 586 2156 libri
606 2108 656 2157 hinc
672 2109 709 2167 qui
721 2109 802 2159 Rerum
813 2111 959 2162 Familiarium

177 2184 312 2241 appellantur
319 2182 419 2235 XXIIII,
427 2182 478 2229 inde
487 2183 524 2240 qui
534 2182 615 2229 Rerum
624 2182 730 2230 Senilium
739 2183 885 2234 inscribuntur
893 2184 958 2234 XVII

177 2270 235 2306 sunt.
256 2256 331 2305 Soluta
354 2274 441 2314 quoque
461 2256 559 2303 oratione
574 2256 679 2313 scriptum
703 2255 793 2305 habetur
817 2257 959 2312 Itinerarium;

178 2331 208 2378 sic
223 2331 282 2378 enim
296 2328 389 2388 appellat
403 2327 484 2376 librum
502 2348 546 2387 quo
565 2341 661 2377 sanctam
676 2329 704 2377 ad
719 2341 797 2378 terram
813 2332 866 2379 mari
883 2331 960 2389 Ligus·

137 2405 166 2453 30
180 2404 223 2452 tico
238 2403 356 2461 navigetur.
371 2400 437 2449 Hunc
446 2401 474 2448 ad
490 2400 609 2449 Iohannem
624 2400 753 2450 Mandelum
767 2402 825 2452 lecit.
842 2404 960 2454 Invectivas
981 2427 984 2431 ·

179 2490 274 2534 preterea
282 2476 305 2523 in
316 2475 447 2533 pertinacem
456 2474 565 2521 medicum
576 2473 630 2528 IIII,
639 2474 662 2521 in
671 2473 760 2522 Gallum
768 2475 878 2524 ebriosum
886 2497 959 2530 unam,
1033 2470 1047 2529 {f

179 2548 245 2596 libros
260 2548 313 2596 item
327 2547 408 2595 Rerum
420 2546 613 2595 Memorandarum
625 2545 679 2610 IIII,
691 2547 718 2595 de
729 2546 778 2595 Vita
789 2546 888 2598 Solitaria
898 2549 960 2602 duos,

180 2622 206 2671 de
222 2622 309 2671 Secreto
323 2620 431 2670 Conflictu
443 2634 494 2675 tres,
507 2621 535 2669 de
549 2621 672 2679 Ignorantia
684 2620 728 2669 Sua
741 2634 762 2670 et
773 2621 873 2671 Aliorum
885 2640 961 2675 unum,

180 2696 207 2742 de
222 2695 278 2742 Ocio
288 2694 396 2751 Religioso
407 2694 469 2746 duos,
479 2693 527 2741 sine
538 2693 627 2740 nomine
637 2712 713 2747 unum,
722 2693 749 2741 de
757 2693 866 2742 Remediis
875 2693 962 2744 Utrius·

140 2768 168 2817 35
184 2787 226 2826 que
242 2766 349 2815 Fortunae
363 2765 425 2820 auos,
440 2764 468 2813 ae
482 2763 539 2812 vias
556 2763 679 2814 illustribus
698 2785 767 2815 unum
787 2766 878 2826 scripsit.
893 2765 979 2831 Patra·

194 2947 224 2992 14.
237 2941 277 2990 Pro
292 2946 356 2991 colles.
412 2946 444 2989 26.
458 2944 524 2989 libri...
539 2944 667 2989 familiarium
681 2952 694 2989 i.
708 2964 731 2996 r.;
748 2955 790 2989 erat
806 2947 852 2990 hinc
866 2965 886 3001 q.
901 2963 917 2990 r.
930 2944 946 2989 1.
