2093 3253
134 592 241 642 Sicconrs
256 592 387 642 Potrnrorvr
404 592 473 642 Lmen
488 592 635 643 Scnrrronutn
653 593 790 643 treunam

134 677 234 726 Larinas
249 679 352 727 Lrneurr
367 676 426 729 Xlll
447 678 555 726 Erotion
571 694 598 726 rr
615 680 704 727 lncrrrr
719 677 790 727 XHII

244 780 274 813 ao
292 763 378 811 Fruurr
396 763 541 814 Potroonuu
563 762 680 813 Fetrcrrm

134 983 246 1031 Provincia
262 984 327 1039 igitur
346 983 379 1031 HI
399 982 515 1032 Kallendas
525 983 664 1041 Septembres
682 981 788 1031 decedens
799 981 876 1030 Cicero

38 1052 41 1055 ’
91 1073 143 1102 eum
156 1052 229 1108 tratre,
241 1054 293 1108 filio,
306 1067 385 1113 nepote
397 1054 490 1103 Romam
501 1068 526 1102 ut
538 1055 617 1103 rediret
629 1054 740 1113 Ephesum
751 1054 818 1101 venit.
831 1053 873 1101 Hic

67 1174 69 1178 ,
92 1138 163 1176 motus
181 1127 269 1176 orientis
286 1126 336 1176 belli
349 1126 418 1176 civilis
433 1126 530 1176 Caesaris
545 1139 567 1176 et
582 1126 678 1186 Pompeii
696 1122 792 1185 primum
802 1126 875 1174 sensit.

93 1198 119 1247 ld
133 1199 174 1246 sibi
190 1200 227 1259 qui
245 1200 274 1248 ad
292 1221 343 1248 eum
361 1200 461 1248 veniebat
480 1201 600 1248 Bathonius
618 1212 668 1248 ante
684 1200 739 1266 alios
758 1199 875 1247 nunciavit.

64 1271 77 1318 5
94 1270 141 1318 Hos
156 1291 243 1330 nanque
256 1273 361 1330 perdies,
375 1292 427 1321 eum
440 1286 496 1321 esset
509 1274 533 1321 in
546 1272 622 1320 Cilicia
636 1268 720 1326 Cicero,
734 1285 756 1319 et
770 1270 876 1320 discordia

90 1342 205 1393 interillos
216 1357 262 1394 orta
273 1357 295 1395 et
305 1345 375 1403 parari
386 1345 414 1395 ad
425 1344 507 1395 bellum
518 1364 577 1395 arma
586 1358 633 1396 erat
644 1345 687 1394 iam
698 1343 801 1406 utrinque
811 1357 876 1403 coep-

89 1428 144 1463 tum.
160 1414 222 1464 Nihil
238 1417 297 1466 enim
313 1418 395 1466 audivit
405 1438 423 1483 a
441 1418 547 1467 Bathonio
569 1417 646 1465 Cicero
668 1416 730 1475 quod
745 1417 792 1475 ipae
813 1415 876 1474 longe

90 1502 140 1537 ante
157 1488 256 1537 futurum
279 1510 323 1537 non
345 1491 491 1548 praevidisset,
510 1489 564 1538 nihil
582 1490 642 1548 quod
659 1489 734 1537 amicis
751 1501 817 1546 atque
834 1488 875 1546 ipsi

90 1561 194 1619 Pompeio
205 1582 270 1620 saepe
281 1582 325 1611 non
336 1563 484 1621 praedixisset.
497 1563 555 1611 Cum
566 1563 625 1611 enim
636 1563 666 1610 ad-
681 1561 807 1610 declinanda
820 1560 876 1609 maia

52 1633 78 1681 10
93 1633 167 1682 oculos
181 1635 273 1693 aperiret
287 1654 402 1699 moresque
415 1635 507 1684 civitatis
521 1636 633 1694 depravari
648 1634 715 1692 magis
729 1646 794 1692 atque
809 1633 876 1691 magis

91 1706 167 1756 dietim
177 1707 298 1770 inspiceret,
309 1709 396 1758 videbat
411 1708 525 1758 manifesto
535 1709 568 1758 vir
581 1708 762 1767 prudentissimus
777 1705 876 1756 futurum

90 1798 115 1828 ac
129 1792 202 1838 presto
222 1780 322 1830 futurum
342 1783 403 1840 quod
417 1794 539 1840 tempestas
560 1800 627 1841 quam
647 1780 817 1839 maximaquasi
832 1781 876 1846 iam

89 1848 215 1908 perturbato
223 1874 247 1901 ac
256 1853 361 1902 nebuloso
369 1874 418 1902 aere
426 1855 525 1902 oriretur.
531 1852 651 1902 Vivebatur
660 1872 747 1912 nanque
755 1853 785 1901 ita
793 1852 875 1900 Romae

89 1937 114 1974 ut
128 1945 213 1983 sperare
227 1921 312 1985 sapiens
329 1927 445 1987 quisquam
461 1926 560 1978 tuturmn
576 1925 630 1976 nihil
647 1925 700 1976 boni
716 1938 796 1985 posset,
813 1924 873 1984 quod

50 1997 75 2051 15
91 1998 142 2047 hiric
156 2013 260 2049 cresceret
275 2000 351 2050 dietim
361 2000 474 2059 flagiciosis
484 2021 536 2048 cum
545 1999 675 2059 impunitate
684 1998 777 2058 licentia,
788 1997 840 2046 inde
848 1997 877 2045 ad

90 2071 231 2120 minuendam
245 2073 433 2131 enervandamque
443 2086 529 2120 senatus
540 2072 668 2130 dignitatem
678 2071 777 2129 quotidie
787 2070 877 2118 conted-

90 2144 202 2202 erationes‚
226 2144 343 2201 clientelae,
367 2145 479 2202 connubia
498 2145 581 2194 fierent.
606 2143 685 2205 Neque
702 2143 757 2192 illud
778 2164 822 2191 non
843 2144 875 2190 in-

89 2216 170 2266 tellexit
185 2237 270 2276 semper
281 2218 348 2267 fidem
360 2218 456 2267 Caesaris
469 2238 518 2275 erga
530 2218 659 2276 Pompeium
671 2238 715 2266 non
726 2217 820 2275 amplius
835 2217 876 2264 du-

90 2299 185 2344 raturam
199 2310 265 2348 quam
283 2289 356 2338 fallere
377 2292 450 2348 ipsum
470 2310 509 2348 per
530 2291 665 2338 occasionem
685 2303 766 2346 posset.
789 2289 875 2345 Cogita-

49 2358 77 2407 20
91 2360 180 2411 bundus
194 2363 266 2421 itaque
279 2383 304 2412 ac
317 2375 390 2412 mente
403 2363 483 2412 dubius
504 2362 559 2421 quid
576 2375 654 2421 ageret,
669 2361 746 2411 Cicero
760 2360 835 2419 viginti
848 2361 876 2408 ad

90 2434 373 2494 diesEphesicommoratus
381 2434 474 2485 est.Nec
482 2436 555 2495 ipsum
563 2454 610 2485 raro
618 2432 876 2494 penituitquodeCilicia

90 2508 236 2567 demigrasset.
247 2509 359 2558 Interdum
370 2510 435 2558 etiam
446 2509 562 2558 damnabat
572 2530 602 2563 se,
611 2509 672 2567 quod
679 2522 725 2556 tam
735 2507 876 2565 longinquam

89 2580 223 2635 provinciam
243 2581 378 2638 suscepisset.
400 2578 541 2629 Existimabat
562 2581 621 2629 enim
641 2582 793 2647 auctoritatem
814 2598 877 2626 suam

88 2653 148 2710 apud
162 2665 280 2713 utrumque
288 2645 342 2701 tanti
351 2672 398 2701 esse
407 2653 473 2712 quod,
485 2653 503 2701 si
515 2653 597 2702 Romae
606 2651 692 2708 fuisset,
704 2651 811 2701 discordia
821 2649 877 2699 inter

48 2722 75 2770 25
91 2745 128 2773 eos
142 2739 180 2774 aut
194 2726 253 2774 nulla
264 2740 310 2774 orta
321 2740 359 2774 aut
370 2740 417 2774 orta
428 2725 490 2774 facile
502 2746 541 2775 sua
552 2725 717 2784 interpositione
728 2725 801 2773 sedata
813 2735 876 2772 esset.

73 2883 75 2898 ³
105 2869 134 2914 13.
149 2869 245 2916 nebuloso
259 2876 303 2922 i.r.;
319 2879 362 2914 erar
376 2871 521 2924 perturbato,
557 2869 587 2915 16.
601 2869 691 2925 quotidie
705 2875 718 2914 i.
733 2888 754 2920 r.;
771 2877 814 2912 erat
829 2887 877 2932 con-

49 2935 116 2981 nubia.
428 2948 429 2951 ’
486 2955 487 2959 ’
633 2944 635 2947 “
865 2948 867 2951 “
