2093 3253
220 142 222 146 ’
248 148 386 185 sculptorum,
395 148 523 181 ILLUSTRIUM
536 160 550 165 -
564 148 622 181 LIBER
636 149 651 181 11
836 134 862 180 49

75 265 104 312 vii
119 263 244 311 Salinatoris
255 282 280 309 ac
290 263 426 320 paedagogus
437 263 483 309 eius
494 262 573 309 liberos
584 262 685 309 erudivit.
698 262 747 309 Istis
757 275 830 309 autem
840 264 864 310 in

76 336 152 385 litteris
166 335 240 384 animo
254 347 287 384 est
298 334 352 384 adeo
360 355 442 392 ,magno
451 347 549 385 versatus
559 347 583 384 ut
596 333 725 383 Latinorum
733 334 816 393 primus
825 355 864 384 au-

77 411 137 459 deret
152 422 220 458 metro
232 427 307 457 canere
318 406 409 457 fabulas.
421 408 533 467 Quicquid
544 408 603 457 enim
614 407 710 460 illumin
722 407 781 456 diem
792 407 863 466 poesis

3 543 5 545 -
75 495 120 529 erat
134 482 157 529 in
171 494 227 529 terra
239 481 306 534 Italia,
316 481 340 528 id
348 494 420 528 totum
430 480 617 539 quemadmodum
626 480 715 528 caeteris
725 481 752 528 in'
758 480 863 528 doctrinis

49 556 62 606 5
78 553 173 604 Graecae
187 553 270 602 litterae
282 552 429 613 continebant.
443 552 493 611 Quo
506 554 564 603 enim
576 573 635 603 anno
647 552 709 603 victis
722 553 793 612 primo
806 552 864 602 bello

78 628 155 677 Poenis
170 647 211 686 pax
219 627 268 676 data
276 640 315 682 est,
324 627 402 676 eodem
410 639 476 685 'poeta
486 628 526 675 iste
537 627 619 676 Romae
629 625 726 675 labulam
736 645 807 675 serere
818 627 864 686 pri·

78 721 139 750 mum
152 701 231 759 coepit.
246 699 353 749 Consules
370 713 423 749 tunc
441 700 467 749 C.
486 699 591 749 Claudius
610 700 687 755 Cento,
706 700 757 758 Apii
776 699 864 749 Claudii

16 836 18 838 q
77 774 219 829 Caecililius,
235 786 256 824 et
271 772 305 823 M.
320 773 463 832 Sempronius
477 772 602 822 Tuditanus
617 786 684 822 erant.
700 772 774 822 Serius
789 786 863 822 tamen

31 899 33 904 ,
76 867 142 907 quam
156 847 201 896 dixi
214 867 239 896 ac
252 846 329 896 Cicero
342 847 389 906 ipse
401 846 474 902 tradit,
489 846 570 896 Romae
583 847 691 906 poeticam
704 867 750 895 esse
763 860 864 905 coeptam

38 923 63 970 l0
77 920 161 969 Portius
177 920 274 969 Licinius
284 919 359 969 scribit
368 919 439 969 verbis
449 920 503 968 istis:
514 936 522 961 t
530 919 613 969 Punico
623 919 680 968 bello
690 919 786 969 secundo
797 918 864 969 Musa

76 1005 169 1052 pennato
181 991 249 1050 gradu
259 991 333 1040 intulit
343 1012 390 1040 sese
401 991 525 1039 bellicosam
536 992 559 1039 in
570 991 658 1040 Romuli
669 1004 757 1049 gentem
767 990 843 1040 leram.
854 1008 863 1032 ³>

77 1065 151 1114 Livius
160 1077 234 1114 autem
242 1065 282 1113 iste
291 1065 386 1128 carmina
395 1065 491 1124 primum
500 1063 616 1124 placandos
625 1065 656 1112 adt
662 1064 722 1130 deos,
732 1064 793 1124 quod
802 1065 863 1113 vide·

76 1143 149 1186 rentur
163 1138 218 1192 irati,
230 1137 288 1187 lecit.
301 1137 392 1186 Fabulas
404 1138 483 1186 deinde
494 1139 586 1196 scripsit,
598 1139 637 1186 sed
648 1139 677 1185 ita
688 1138 774 1196 scripsit
785 1150 810 1185 ut
821 1138 862 1196 legi

76 1210 168 1268 amplius
183 1229 249 1268 quam
260 1210 326 1258 semel
337 1230 382 1258 non
393 1229 439 1258 esse
450 1210 528 1267 dignae
539 1210 651 1258 Ciceronis
662 1210 727 1257 etiam
738 1210 819 1258 iudicio
830 1210 863 1258 vi·

38 1283 62 1335 15
78 1283 175 1333 deantur.
185 1282 239 1333 Eam
248 1297 321 1333 tamen
330 1283 359 1333 ob
369 1302 415 1332 rem
424 1304 486 1343 quae,
496 1295 521 1333 ut
530 1282 600 1349 solent
609 1303 671 1339 nova,
681 1282 783 1333 omnibus
792 1282 864 1333 admi·

76 1357 148 1406 rabilis
162 1371 184 1406 et
197 1371 256 1415 grata
270 1369 333 1411 esset,
348 1370 411 1416 poeta
426 1357 461 1406 bic
476 1357 550 1406 Livius
565 1370 586 1405 et
600 1357 628 1406 ab
642 1357 748 1406 universis
762 1357 863 1405 laudatus
878 1368 880 1372 ’

79 1449 164 1478 summe
175 1442 197 1477 et
207 1430 255 1487 ipso
266 1450 278 1477 a
290 1429 324 1477 M.
336 1430 399 1477 Livio
410 1429 530 1478 Salinatore
540 1429 569 1478 ad
580 1430 689 1487 premium
699 1429 785 1477 virtutis
797 1428 863 1477 liber·

78 1514 121 1549 tate
133 1501 226 1550 donatus
238 1515 277 1550 est.
290 1501 369 1560 Neque
381 1520 431 1550 vero
443 1520 521 1560 parum
533 1501 610 1556 laudis,
623 1501 812 1559 honoris'gratiae
824 1502 863 1550 de·

78 1573 142 1622 betur
156 1574 176 1623 ei
191 1574 229 1634 qui
241 1574 361 1640 neglectam
372 1595 384 1623 a
396 1575 485 1623 caeteris
497 1574 554 1623 viam
566 1574 594 1622 ad
606 1574 659 1623 baec
670 1574 742 1623 studia
753 1573 862 1629 veniendi,

36 1646 64 1696 20
79 1667 106 1695 ne
121 1645 197 1696 Grecis
211 1640 297 1707 semper
312 1647 372 1697 ltalia
386 1647 461 1696 litteris
475 1660 579 1705 uteretur,
593 1648 694 1696 omnium
707 1648 790 1705 primus
804 1646 863 1706 apud

77 1718 165 1766 Latinos
177 1737 217 1766 suo
229 1719 326 1773 consilio,
335 1720 421 1774 virtute,
430 1719 542 1776 diligentia
554 1731 575 1766 et
586 1719 670 1767 invenit
682 1730 703 1766 et
715 1718 797 1766 docuit.
815 1717 863 1766 Nec

77 1792 150 1839 timuit
163 1792 247 1847 Musas,
261 1812 316 1851 quae
329 1812 412 1851 pacem,
426 1793 506 1847 ocium,
520 1793 617 1851 quietem
629 1803 710 1846 ament,
723 1792 826 1840 inducere
839 1792 863 1839 in
900 1845 902 1848 .

68 1862 155 1913 >urbem
167 1877 233 1923 atque
246 1865 306 1914 illam
319 1865 434 1923 presertim
447 1866 470 1914 in
484 1865 562 1914 urbem
576 1885 631 1924 quae
645 1865 700 1914 nihil
714 1865 782 1924 magis
796 1884 863 1923 quam

79 1937 161 2001 bellum
175 1951 197 1985 et
210 1957 270 1987 arma
284 1951 384 1987 tractaret
398 1951 420 1986 et
434 1952 531 1997 cuperet.

36 2009 64 2058 25
122 2008 187 2058 Hunc
195 2029 246 2059 vero
254 2010 333 2060 ducem
341 2023 427 2060 secutus
436 2023 468 2059 est
477 2010 560 2060 Ennius
568 2009 708 2059 Tarentinus.
716 2010 807 2059 Annum
815 2011 863 2065 iste,

79 2082 110 2131 uti
126 2080 198 2132 Gellio
210 2095 232 2132 et
246 2083 346 2133 Ciceroni
360 2083 437 2143 placet,
451 2097 593 2145 posteaquam
607 2083 683 2134 Livius
696 2082 780 2132 fabulas
794 2084 863 2132 edidit

77 2167 188 2209 natusest,
198 2155 227 2212 Q.
236 2155 321 2205 Valerio
331 2170 352 2205 et
362 2156 388 2205 C.
398 2155 491 2205 Manilio
500 2156 633 2212 consulibus,
643 2157 763 2206 Tarentino
772 2157 795 2205 in
803 2176 863 2214 agro.

55 2239 61 2245 '
78 2226 192 2285 Oppidum
202 2228 284 2277 incolae
295 2229 376 2278 Rudias
386 2242 471 2284 vocant;
482 2229 519 2278 tali
530 2230 589 2278 enim
609 2230 655 2280 cive
665 2229 749 2278 nobiles
760 2249 806 2277 esse
817 2229 863 2277 Ru-

79 2298 124 2348 dias
139 2297 271 2359 Pomponius
285 2299 352 2351 Mella
364 2300 447 2352 scribit.
459 2300 627 2363 Annoquidem
638 2300 705 2352 altero
717 2313 759 2362 pax
771 2299 863 2351 Cartha-

36 2371 65 2420 30
79 2374 204 2430 ginensibus
215 2373 272 2422 bello
283 2375 353 2433 primo
364 2376 426 2424 victis
437 2376 486 2430 data
495 2389 549 2425 erat.
560 2374 650 2425 Tarenti
660 2388 734 2425 autem
744 2393 799 2435 puer
809 2374 864 2424 edu·

73 2459 137 2504 ‘catus
158 2445 241 2495 Ennius
262 2448 342 2505 primas
358 2449 438 2496 litteras
454 2448 538 2497 didicit.
559 2449 652 2498 Romam
667 2467 718 2497 vero
733 2468 801 2497 annos
820 2449 864 2497 iam

38 2559 180 2571 5——

75 2627 101 2664 111.
114 2628 167 2667 Licin.
179 2628 223 2673 apud
235 2629 278 2667 Get.
291 2630 344 2670 XVll.
358 2630 386 2668 2l.
400 2630 428 2669 45.
480 2631 506 2669 14.
518 2631 554 2669 Cic.
567 2633 614 2670 Brut.
628 2631 656 2668 71.
712 2631 740 2669 26.
752 2631 796 2669 Getl.
809 2632 863 2672 XVll.

40 2685 68 2723 21.
81 2689 109 2725 43.
158 2691 186 2728 26.
199 2690 234 2728 Cic,
249 2691 294 2729 Tusc.
307 2691 320 2728 Ι.
332 2692 348 2735 3,·
360 2694 406 2735 Brut.
421 2693 448 2729 72.
498 2692 526 2730 29.
539 2694 597 2736 Pomp.
610 2692 650 2729 Mel.
664 2692 686 2729 11.
700 2693 728 2730 66.

38 2788 180 2799 Ἣ

77 2849 96 2893 6.
111 2850 141 2897 Ex
150 2853 206 2905 penis
220 2871 269 2898 corr.
284 2853 351 2907 (ettam
361 2860 380 2899 in
391 2853 469 2909 indice),
484 2863 506 2899 ut
519 2870 582 2909 saepe.
637 2858 657 2902 8.
672 2855 702 2901 Ex
716 2856 757 2901 ceci
771 2873 827 2907 corr,
842 2864 864 2900 ut

41 2913 94 2962 etthi.
152 2917 181 2965 l2.
195 2917 253 2966 Duae
266 2938 330 2966 cruces
345 2921 428 2976 (signum
441 2922 519 2975 erroris)
531 2928 548 2969 i.
562 2941 587 2968 tn.

76 3067 86 3101 t
