2093 3253
166 232 206 279 278
469 239 561 277 sicconis
574 244 690 276 aoueurour

209 382 287 412 cerone
300 374 337 411 aut
351 382 395 410 non
406 359 521 409 defensum
531 374 581 409 ante
592 381 668 409 omues
678 361 833 419 putantquod
843 361 873 408 ita
883 359 991 418 praelatus

211 436 246 490 sit,
262 435 376 498 presertim
387 433 429 482 illis
440 453 466 482 ex
476 433 555 487 verbis,
567 446 591 483 ut
602 435 670 482 oratio
681 434 728 491 ipsa
738 433 908 491 haudquaquam
923 434 991 491 prima

209 507 305 557 seduna
326 520 375 566 post
386 505 465 556 multas
474 506 549 556 habita
560 507 665 556 videatur.
1044 504 1046 557 s

252 580 310 630 lllud
323 594 397 629 autem
413 593 497 629 constat
514 578 584 639 plane,
602 580 663 639 quod
680 579 766 629 dicendi
784 599 863 629 munus
880 597 992 637 aggressus
1044 574 1047 618 Ῐ

182 656 195 702 5
211 654 288 702 Cicero
303 653 382 701 multas
393 653 472 700 deinde
482 672 557 700 causas
568 653 699 710 easdemque
710 653 813 699 maximas
823 672 848 700 ac
861 672 993 711 quocunque

211 727 234 773 in
248 744 327 784 genere
336 724 429 773 illustres
439 725 490 783 egit.
500 724 588 784 Quippe
597 724 761 774 defendendum
770 724 872 774 Rossium
884 724 992 783 parricidii

212 818 274 848 reum
288 798 384 857 suscepit
401 798 478 847 Cicero
494 798 615 848 admodum
631 798 723 854 iuvenis,
740 812 788 847 turn
804 811 829 846 ut
846 797 943 856 prodiret
955 797 993 847 ali-

211 873 299 932 quaudo
310 873 333 921 in
344 871 458 929 publicum
468 873 645 930 experireturque
655 872 715 930 apud
730 871 812 919 iudices
828 884 923 930 quantus
939 887 993 920 esset

211 947 232 993 in
247 946 318 1002 causis
333 943 437 999 dicendis,
450 956 498 993 tum
510 956 535 992 ut
547 944 577 991 illi
589 943 655 993 lerret
668 965 732 1003 opem
744 966 811 1003 quem
823 959 844 994 et
856 947 995 995 innocentem

172 1019 197 1066 lll
213 1038 259 1066 esse
274 1030 295 1066 et
311 1017 421 1065 desertum
435 1016 463 1066 ab
479 1017 581 1065 omnibus
597 1025 656 1065 metu
671 1017 803 1066 dominantis
819 1018 890 1077 Syllae
905 1010 994 1070 videret.

213 1091 301 1140 Morem
311 1090 370 1139 hunc
380 1091 447 1138 veteri
458 1090 558 1138 instituto
569 1090 662 1139 babebat
673 1090 749 1146 Roma,
760 1104 785 1139 ut
796 1092 834 1149 qui
845 1104 917 1140 essent
928 1090 994 1140 dediti

211 1164 347 1222 eloquentiae
362 1163 451 1210 iuvenes
466 1182 491 1209 ac
506 1175 601 1210 oratores
615 1162 691 1216 luturi,
708 1162 730 1210 bi
746 1163 797 1211 dare
811 1182 874 1220 spem
888 1161 995 1221 amplissi-

214 1254 272 1283 mam
286 1234 419 1289 viderentur,
432 1234 450 1281 si
463 1253 596 1293 quemquam
608 1246 645 1284 aut
658 1253 720 1284 reum
732 1255 758 1283 ex
770 1233 896 1293 potentibus
909 1245 995 1283 accusa-

214 1323 262 1357 rent
277 1322 314 1357 aut
330 1306 495 1356 defendendum
509 1321 584 1357 contra
599 1321 699 1367 potentes
713 1322 838 1358 accusatum
853 1308 908 1358 falso
928 1311 995 1358 susci-

173 1384 198 1431 15
214 1394 296 1439 pereut.
311 1381 374 1430 Hanc
387 1401 474 1429 causam
488 1381 578 1429 iuvenis
586 1381 663 1430 Cicero
677 1403 721 1430 non
735 1382 857 1430 iuveniliter
870 1383 921 1440 egit.
935 1382 996 1431 Adeo

215 1454 305 1514 quidem
320 1453 444 1513 eloquentia
451 1454 497 1503 eius
503 1475 528 1503 ac
534 1454 621 1503 dicendi
627 1455 695 1504 virtus
702 1455 779 1504 enituit
785 1468 810 1504 ut
816 1468 888 1514 preter
899 1456 996 1506 omniurn

161 1544 163 1547 ·
217 1549 278 1587 spem
293 1527 359 1587 (adde
376 1527 505 1587 mirabilius)
527 1529 629 1577 concordi
652 1529 751 1577 omnium
772 1529 871 1578 iudicum
892 1531 997 1578 sententia

181 1605 183 1609 ’
216 1614 236 1649 et
251 1600 362 1650 voluntate
375 1602 404 1648 sit
417 1600 640 1656 Rosius-absolutus,
655 1603 701 1659 ipsc
715 1615 788 1650 autem
802 1602 881 1650 deinde
894 1609 996 1660 patronus

216 1673 307 1721 idoneus
322 1672 350 1721 ad
364 1692 453 1720 omnem
471 1692 558 1722 causam
577 1675 676 1732 quamvis
694 1692 781 1731 gravem
799 1686 865 1732 atque
888 1672 998 1722 difficilem

174 1746 203 1793 20
218 1758 338 1803 putaretur.
354 1745 420 1793 lstam
434 1745 524 1804 quidem
538 1745 566 1793 ob
580 1765 627 1794 rem
639 1746 783 1805 amplissimas
798 1746 875 1795 Cicero
893 1759 926 1795 est
939 1746 997 1805 apud

214 1838 289 1867 omnes
303 1831 325 1867 et
338 1818 413 1866 laudes
426 1832 448 1866 et
461 1820 539 1877 gratias
553 1832 690 1875 consecutus,
703 1833 752 1869 tum
766 1820 826 1878 quod
841 1819 877 1868 illa
892 1821 916 1867 in
929 1832 997 1868 aetate

213 1890 309 1946 iuvenili,
318 1888 356 1939 illo
365 1891 388 1939 iu
397 1891 478 1940 iudicio
487 1891 576 1949 publico
585 1905 607 1940 et
615 1892 702 1950 capitali
709 1906 796 1940 tantum
803 1893 826 1939 in
835 1891 928 1940 dicendo
936 1889 975 1939 etl
988 1920 997 1929 ι

213 1962 299 2011 cultatis
307 1976 329 2012 et
337 1963 404 2012 animi
414 1964 531 2020 habuisset,
541 1977 589 2013 tum
598 1965 679 2024 quode
689 1965 789 2015 manibus
799 1964 877 2023 Syllae,
888 1964 997 2013 dictatoris

213 2049 279 2094 atque
288 2037 381 2096 tyranni,
391 2039 601 2095 praestantissimum
610 2058 650 2086 suo
659 2039 682 2085 in
691 2056 769 2095 genere
778 2038 850 2086 virum
860 2037 998 2094 eundemque

164 2109 199 2155 '25
216 2109 418 2162 innocentissimum
431 2111 532 2158 exuisset.
547 2107 654 2158 Confecto
680 2111 739 2158 enim
752 2108 810 2158 bello
822 2109 925 2158 Mariano
937 2121 998 2174 erant

216 2180 296 2228 iudicia
304 2181 410 2235 restituta,
420 2181 459 2229 sed
468 2181 546 2230 urbem
554 2183 583 2236 vi,
593 2183 666 2238 armis,
676 2182 790 2231 dominatu
799 2187 926 2240 oppressam
941 2179 999 2239 Sylla

216 2253 311 2301 tenebat.
324 2253 415 2301 Rossius
426 2267 500 2311 autem
512 2255 602 2312 insignis
615 2268 660 2302 erat
672 2255 749 2303 histrio
761 2267 865 2313 actorque
876 2252 999 2313 comoedia·

208 2321 266 2374 rum
281 2326 378 2384 egregius
390 2346 414 2374 ac
425 2325 520 2375 ludicrae
530 2328 582 2393 artis
594 2328 695 2386 magister
705 2348 812 2377 summus.
826 2327 902 2387 Ipsum
913 2345 1000 2384 nanque

205 2399 317 2448 eximiam
332 2399 361 2448 ob
376 2400 479 2449 virtutem
496 2401 602 2450 donatum
618 2414 640 2449 et
661 2403 703 2450 isto
725 2422 737 2449 a
759 2400 819 2460 Sylla
839 2401 906 2450 anulo
926 2419 998 2451 aureo.

172 2473 201 2520 30
216 2474 277 2532 quod
291 2488 336 2523 erat
346 2486 395 2522 tum
405 2473 478 2522 nobile
489 2495 576 2530 munus,
588 2487 609 2524 et
620 2475 647 2523 de
658 2474 747 2534 publico
757 2472 817 2523 mille
827 2473 936 2528 denariis>
945 2478 999 2531 quae

215 2546 289 2595 diviua
299 2546 412 2595 dicebatur
423 2565 512 2602 merces,
523 2547 649 2597 testimonio
660 2546 768 2597 Macrobii
780 2547 832 2596 satis
841 2559 934 2595 constat.

258 2619 335 2668 Cicero
350 2620 417 2677 igitur
432 2633 481 2679 post
498 2613 613 2669 defensum
629 2619 815 2669 Rossiummulta
831 2640 882 2669 curn
898 2619 963 2669 laude
978 2618 1000 2665 in

215 2692 262 2740 toro
271 2692 350 2741 deinde
359 2705 455 2740 versatus
464 2706 503 2741 est.
513 2693 575 2742 Nihil
584 2694 642 2741 enim
651 2694 725 2742 deesse
734 2692 849 2742 videbatur
856 2694 876 2741 ei
886 2691 946 2751 quod
954 2704 999 2739 stu¹

216 2767 252 2813 dio
265 2778 286 2814 et
299 2766 386 2824 ingenio
393 2765 497 2823 amplecti
503 2765 580 2814 soleret
588 2767 705 2825 quisquam
713 2766 751 2826 qui
759 2785 786 2814 ex
793 2765 835 2813 illis
843 2759 902 2814 esset
907 2758 945 2823 qui
953 2781 1000 2812 earn

175 2838 203 2887 35
219 2858 280 2896 spem
292 2837 368 2887 darent
379 2850 404 2886 ut
415 2836 483 2885 luturi
495 2836 681 2892 oratores‘summi
692 2836 866 2887 essent.}Natura
878 2836 944 2904 modo
960 2831 1000 2900 sibi

211 2987 239 3024 3l.
254 2987 328 3024 Macros.
341 2986 377 3023 Sat.
391 2985 419 3022 lll.
435 2985 461 3022 ll.
477 2985 503 3021 l3.
552 2985 580 3021 35.
594 2985 629 3021 Cic.
642 2986 689 3022 Brut.
703 2984 743 3021 3l3.
