2093 3253
152 190 193 244 342
447 204 541 235 srccours
555 204 672 235 eotsnronr

194 319 286 374 exulare,
302 319 362 368 abire
370 340 382 367 e
391 332 509 378 conspectu
518 320 645 374 amicorum,
655 319 776 379 relinquere
784 338 874 368 uxorem
883 332 904 367 et
913 339 977 379 quem

193 394 284 441 unicum
298 403 320 439 et
334 392 450 449 parvulum
461 391 554 440 habebat
565 391 635 440 filium
646 392 718 450 potius
730 411 796 450 quam
807 391 865 440 lerro
876 392 977 443 dimicare
1036 386 1039 436 ⁵,

194 464 317 514 constituit.
330 464 411 514 Maluit
426 466 484 514 enim
495 465 563 514 exulis
575 463 635 514 triste
647 486 671 514 ac
683 464 887 515 miserabilesubire
899 487 977 517 nomen
1041 493 1042 496 ¹

194 558 326 596 omnemque
341 538 485 586 calamitatem
498 539 541 596 pati
555 558 622 597 quam
634 558 674 596 pro
687 559 710 586 se
722 559 767 586 uno
780 539 802 585 in
815 557 874 587 arma
887 551 909 586 et
921 542 977 597 peri-

168 612 180 664 5
197 611 272 660 culum
286 609 371 658 trahere
386 611 468 668 optime
484 610 511 658 de
526 632 549 658 se
565 611 652 659 meritos
667 611 724 659 cives
740 624 883 670 senatumque
897 611 977 674 aeirem
1037 627 1040 666 ζ

193 684 310 742 publicam,
326 704 381 742 quos
396 683 461 742 paulo
471 696 521 733 ante
532 683 607 733 consul
618 684 664 733 sine
675 684 740 733 armis
751 684 845 733 maximo
855 706 868 733 e
878 683 946 734 fluctu
956 702 977 736 et
1042 745 1043 748 Ἴ

194 758 305 815 naufragio
320 758 439 806 liberasset.
454 758 553 816 Speravit
568 759 633 812 enim,
649 758 709 817 quod
722 758 807 812 accidit,
823 759 940 817 aliquando
953 781 977 808 ac
1039 797 1043 804 ,-

193 844 266 887 presto
282 828 383 877 futurum
396 830 456 886 quod
469 830 526 876 cives
539 829 598 882 boni,
612 849 667 886 quos
680 830 818 886 impresentia
832 829 922 877 Clodius
935 843 977 878 ter-
1037 873 1039 876 ,

195 904 279 956 ruisset,
291 914 417 951 revocarent
427 902 500 961 ipsum
509 915 574 960 atque
584 902 607 950 in
617 903 708 960 patriam
718 903 851 956 reducerent,
862 922 928 961 quem
937 905 977 951 sci·
1040 942 1044 963 3

155 978 181 1026 l'0
196 990 243 1025 rent
259 973 303 1025 non
318 975 408 1023 crimine
421 995 462 1023 suo
476 975 515 1023 sed
526 975 549 1023 >vi
562 995 588 1039 ac
601 974 674 1024 lurore
688 975 804 1024 tribunicio
819 976 876 1024 exire
890 975 944 1024 urbe
954 997 978 1025 ac
1042 997 1043 1000 ¹

193 1052 279 1098 exulare
294 1062 394 1097 coactum
409 1069 463 1097 esse.
476 1049 574 1096 Mediam
586 1050 658 1106 itaque
670 1067 708 1106 per
720 1062 806 1096 noctem
817 1067 918 1105 egressus
926 1050 978 1098 urbe

195 1122 315 1173 Lucaniam
330 1121 395 1180 (hanc
418 1121 490 1170 ltaliae
511 1135 595 1180 partem
616 1134 699 1170 mutato
720 1122 807 1169 nomine
829 1121 912 1169 Salerni
933 1143 978 1171 esse
1046 1138 1047 1162 l

194 1218 252 1245 nunc
266 1197 413 1255 principatum
427 1194 509 1252 lerunt)
523 1196 618 1243 terrestri
633 1196 716 1249 itinere,
731 1207 756 1243 ut
771 1195 821 1243 inde
836 1196 942 1243 traiiceret
956 1198 977 1245 in
1041 1235 1042 1239 ,

195 1270 299 1322 Siciliam,
315 1269 384 1325 petiit.
400 1268 497 1316 Uxorem
511 1267 643 1321 Terentiam,
658 1267 762 1316 feminam
775 1281 823 1316 turn
837 1268 944 1325 egregiam
957 1283 978 1316 et
1045 1303 1047 1319 r

155 1343 181 1393 l5
197 1343 267 1392 mariti
282 1342 413 1395 amatricem,
429 1339 538 1389 volentem
553 1360 575 1389 se
590 1339 692 1398 prosequi
707 1341 782 1390 vetuit.
800 1340 861 1389 lllam
876 1340 934 1388 enim
948 1341 978 1389 la·
993 1371 994 1374 =
1037 1346 1042 1354 ²

193 1416 265 1464 crimis
281 1413 354 1463 multis
369 1426 391 1462 et
406 1434 484 1471 magno
508 1413 582 1462 dolore
606 1413 692 1471 plenam
716 1413 775 1462 dorni
787 1414 874 1472 reliquit
883 1427 908 1462 ut
924 1429 978 1463 esset

194 1489 275 1537 Romae
298 1507 354 1545 quae
376 1486 476 1545 parvulos
495 1486 565 1534 filiurn
584 1499 605 1533 et
624 1499 726 1545 nepotem
744 1486 886 1546 fortunasque
904 1507 929 1535 ac
947 1487 978 1536 la·
1040 1479 1047 1535 ἶ

195 1560 277 1609 miliam
292 1559 373 1607 interea
383 1559 519 1616 gubernaret.
529 1557 625 1621 Quintus
635 1578 722 1616 nanque
730 1557 796 1606 irater
805 1578 844 1616 per
853 1560 892 1606 hos
902 1560 978 1607 diesin
1040 1612 1042 1615 y

193 1629 244 1681 llsia
260 1627 376 1690 proconsul
391 1644 436 1678 erat
455 1644 477 1678 et
496 1650 564 1678 uxore
584 1629 659 1687 (Attici
680 1631 732 1677 haec
752 1650 812 1678 soror
832 1632 886 1688 erat)
906 1652 978 1679 secum

151 1700 180 1755 20
195 1707 260 1754 ducta
274 1704 344 1752 filium
358 1705 440 1751 Romae
450 1704 510 1761 apud
520 1701 609 1751 lratrem
620 1703 748 1751 Ciceronem
759 1703 881 1762 reliquerat.
954 1734 956 1736 v

226 1778 328 1836 Clodius
343 1796 394 1826 vero
409 1790 433 1826 ut
446 1775 569 1835 proiectum
581 1776 636 1824 urbe
647 1797 672 1825 ac
685 1777 707 1824 in
721 1776 808 1825 exilium
820 1777 880 1826 abire
893 1777 979 1826 Cicero·
1037 1797 1041 1810 ³

196 1873 246 1899 nem
261 1851 335 1904 sensit,
352 1849 426 1898 subito
441 1864 507 1908 atque
523 1848 558 1896 illa
574 1849 621 1906 ipsa
637 1849 672 1897 die
687 1871 743 1907 quae
759 1863 845 1898 noctem
861 1863 892 1898 est
909 1865 979 1898 secuta
1038 1881 1047 1907 -ς

196 1924 309 1976 discessus,
326 1921 389 1980 quasi
404 1922 490 1969 vicisset
505 1920 563 1968 bello
580 1939 669 1981 gravem
688 1921 764 1979 populi
784 1921 875 1983 Romani
896 1922 979 1970 hostem
1036 1956 1038 1958 -

195 1997 274 2054 gaudio
289 1994 386 2043 exultans
397 2015 422 2041 ac
432 1993 587 2052 gloriabundus
598 1993 705 2052 populum
714 1994 742 2042 ad
752 1994 879 2043 concionem
889 1995 979 2044 advoca-

152 2071 180 2119 25
195 2071 226 2119 vit
241 2083 262 2119 et
276 2069 353 2116 acriter
367 2068 390 2115 in
402 2067 512 2115 Ciceronis
524 2086 605 2115 nornen
615 2067 719 2116 invehens
730 2068 819 2116 tandem
831 2068 886 2116 hanc
897 2069 920 2116 in
931 2088 979 2116 sen·
1042 2086 1047 2132 ¹j

195 2144 285 2191 tentiam
300 2141 370 2198 legem
384 2140 441 2188 tulit:
457 2140 488 2188 Ut
503 2141 537 2188 llll.
552 2138 646 2194 Tullius,
661 2129 814 2198 quodfalsum
828 2155 914 2188 senatus
928 2161 979 2188 con·

196 2216 278 2265 sultum
293 2214 321 2262 de
335 2214 403 2273 captis
417 2214 501 2262 civibus
515 2215 629 2269 retulisset,
644 2214 745 2270 exularet,
760 2227 784 2263 ut
798 2234 869 2274 neque
883 2214 906 2262 in
921 2213 979 2262 ltalia
1039 2231 1041 2233 ·

197 2310 267 2348 neque
282 2299 341 2336 extra
356 2287 440 2336 ltaliam
453 2288 509 2336 intra
522 2287 603 2337 CCCC
616 2288 732 2337 miliarium
744 2308 837 2347 usquam
850 2288 890 2337 sibi
904 2287 980 2336 morari
1041 2303 1043 2307 ’

193 2363 275 2419 liceret,
290 2374 315 2410 ut
329 2362 386 2419 ignis
397 2362 417 2409 ei
428 2374 450 2409 et
466 2382 522 2420 aqua
532 2362 703 2416 interdiceretur,
714 2374 740 2410 ut
751 2362 808 2410 bona
819 2362 865 2410 eius
884 2360 980 2419 publica·
1044 2368 1045 2371 ’

152 2437 181 2483 30
196 2449 276 2488 rentur,
290 2446 315 2481 ut
328 2434 355 2481 de
368 2434 438 2481 reditu
451 2435 521 2492 ipsius.
532 2435 570 2491 qui
582 2447 620 2481 aut
638 2433 726 2482 referret
746 2447 783 2482 aut
803 2434 927 2481 decerneret
944 2445 980 2480 aut
1043 2477 1044 2480 ,

196 2508 218 2555 in
233 2506 362 2555 sententiam
376 2506 469 2563 pedibus
483 2506 523 2553 iret
536 2519 573 2554 aut
587 2506 701 2554 scribendo
714 2506 798 2554 adesset
811 2518 848 2554 aut
862 2506 980 2563 disputaret

196 2595 233 2630 aut
249 2581 381 2638 loqueretur,
390 2579 411 2633 is
422 2579 569 2638 publicatione
579 2579 687 2629 bonorum
697 2599 722 2628 ac
732 2592 837 2639 perpetuo
847 2579 911 2629 exilio
921 2579 980 2628 dam
1045 2617 1046 2620 η

197 2668 291 2709 naretur.
307 2653 370 2702 Hanc
388 2653 458 2711 legem
476 2653 543 2702 affixit
562 2653 653 2702 Clodius
672 2654 695 2701 in
714 2666 776 2712 poste
794 2654 866 2702 curiae
884 2652 980 2711 dixitque
1042 2641 1047 2715 'ss

197 2745 306 2784 persaepe,
322 2738 346 2773 ut
356 2745 418 2783 spem
428 2726 510 2773 reditus
521 2745 609 2773 ornnem
618 2726 729 2778 adimeret,
740 2738 788 2772 turn
798 2725 845 2772 lore
855 2725 915 2783 quod
925 2723 980 2771 redi·

155 2800 183 2848 35
199 2813 230 2848 ret
246 2799 323 2849 Cicero
337 2819 388 2847 cum
403 2797 482 2857 mortui
499 2797 621 2856 Caethegus
637 2812 659 2846 et
675 2797 768 2865 Catilina
784 2810 926 2856 resurgerent.

157 2918 299 2927 Μ

196 2981 228 3026 33,
243 2982 301 3027 Hanc
314 2979 378 3033 legem
393 2986 406 3024 ι’,
420 2998 443 3030 r.;
458 2989 499 3024 erat
514 2980 552 3024 hoc
566 2978 700 3034 plebiscitum.
