2093 3253
256 122 392 158 scriniorum
403 123 533 155 uuusrmuu
546 133 560 137 -
574 122 632 153 uum
647 122 669 154 u.
849 111 871 153 71

90 260 156 300 quem
171 239 232 288 victis
245 238 272 286 de
284 236 400 286 Germanis
412 237 479 286 Drusi
491 238 592 296 auspiciis
604 257 629 284 ac
640 237 719 284 virtute
731 237 803 295 gessit.
815 236 875 284 Haec

61 311 64 314 ⁴
91 326 159 361 metro
170 325 192 360 et
203 311 280 360 Latine
290 311 349 370 apud
360 310 443 360 Getbas
454 311 540 370 scripta.
552 309 645 359 Gethica
655 310 708 358 item
718 309 798 367 lingua,
809 329 875 368 quam

91 387 154 443 longa
164 404 224 432 mora
232 405 257 432 ac
267 385 381 432 necessitas
391 384 507 438 docuisset,
517 384 640 442 composuit
649 383 729 432 librum
739 384 766 450 de
775 383 875 431 laudibus

94 458 150 507 lulii.
166 457 231 506 Hunc
245 456 421 516 frequentissimo
434 456 516 515 populo
529 469 609 515 quanta
622 457 693 514 potuit
703 476 754 505 cum
765 456 876 513 dignitate,
909 452 911 455 ’

5 541 7 543 ’
65 534 78 582 5
94 544 162 591 gestu,
177 531 278 578 facundia
292 532 395 578 recitavit.
411 531 441 578 Ea
455 549 488 579 res
503 532 594 579 rudibus
605 532 691 589 populis
705 529 837 579 admirabilis
852 550 876 576 ac

92 604 198 661 stupenda
213 603 258 651 visa
269 615 302 651 est
313 615 378 661 atque
390 604 470 651 mirum
481 604 504 651 in
516 603 606 651 modum
618 602 720 651 barbaros
732 602 815 651 animos
827 621 876 658 erga

92 689 179 735 poetam
196 675 225 723 ad
242 674 339 733 gratiam,
358 675 386 723 ad
404 674 578 730 benivolentiam,
597 675 625 723 ad
643 674 792 723 liberalitatem
810 673 876 722 flexit.

96 750 171 807 Ipsum
183 768 270 807 nanque
283 747 361 796 celebri
375 748 453 802 laurea,
467 748 539 806 ampla
552 749 696 801 immunitate,
710 746 784 795 multis
797 746 876 805 opibus
925 747 926 750 ’

93 822 228 869 donaverunt
239 821 337 879 tantique
349 820 448 869 lecerunt
459 822 533 879 ipsum
545 821 623 869 deinde
636 821 696 879 quod
708 820 877 879 haudquaquam

55 896 81 943 lO
96 913 141 942 esse
156 894 193 951 qui
209 893 286 941 soleret
304 892 366 941 illum
384 893 407 939 in
425 893 484 939 diem
502 892 568 940 homo
586 892 708 950 despectus,
719 892 808 946 advena,
819 891 876 945 exul,

93 966 131 1015 sed
146 966 179 1015 vir
190 966 295 1025 egregius,
307 979 371 1025 poeta
382 966 494 1020 excellens,
507 986 531 1014 ac
543 966 658 1024 primarius
669 966 728 1024 apud
740 986 776 1014 eos
788 965 877 1020 honore,
946 1014 948 1017 .

93 1040 227 1093 auctoritate,
241 1041 359 1088 reverentia
371 1040 488 1088 videretur.
502 1039 568 1087 Diem
580 1058 631 1088 vero
639 1040 720 1095 interea
729 1039 783 1088 obiit
790 1040 877 1097 Augus-

93 1124 135 1159 tus.
156 1111 232 1159 Annus
250 1124 295 1159 erat
306 1125 354 1159 tum
366 1112 422 1159 exilii
434 1125 514 1160 sextus.
527 1110 606 1169 Neque
617 1130 668 1159 vero
679 1097 738 1169 dpud
749 1111 877 1169 Tyberium,

93 1184 131 1243 qui
145 1183 265 1233 Octaviano
284 1185 393 1239 successit,
413 1184 472 1233 locus
492 1186 566 1232 veniae
584 1185 685 1233 inventus
703 1196 743 1233 est.
762 1183 878 1233 Caeterum

56 1257 80 1306 15
95 1277 152 1305 anno
159 1258 244 1315 imperii
261 1257 350 1314 Tyberii
359 1258 456 1305 Caesaris
465 1270 542 1316 quarto
551 1256 610 1305 Naso
618 1258 661 1305 iam
670 1260 734 1305 senen
742 1270 808 1315 atque
818 1276 878 1305 sexa·

95 1330 193 1386 genarius
208 1330 267 1387 apud
284 1329 398 1377 Thomitas
415 1331 438 1377 in
455 1329 518 1377 exilio
535 1330 578 1377 vita
595 1328 710 1378 defunctus
725 1343 764 1377 est.

137 1401 197 1450 Haec
212 1401 239 1451 de
253 1400 341 1451 Ovidio.
354 1401 423 1451 Versu
433 1403 486 1450 item
498 1401 553 1451 ludit
564 1400 661 1451 Valerius
673 1401 786 1457 Martialis,
798 1421 878 1460 cogno-

95 1476 152 1523 mine
165 1475 255 1534 Coquus
268 1476 332 1524 etiam
344 1475 472 1534 appellatus.
485 1475 585 1524 Marsum
597 1476 665 1534 patria
677 1495 699 1523 se
711 1475 790 1524 fatetur
802 1476 842 1524 iste
854 1496 878 1523 ac

95 1549 172 1597 vixisse
187 1549 228 1596 sub
243 1548 338 1595 Traiano
353 1548 413 1596 dicit.
429 1548 508 1596 Poema
523 1567 574 1596 vero
589 1569 654 1596 suum
665 1549 834 1606 epigrammaton
845 1549 878 1596 in·

36 1622 82 1669 ⁴20
97 1621 178 1670 scribit.
194 1621 254 1668 Libri
270 1633 321 1669 sunt
340 1621 385 1669 XII
407 1621 502 1679 epistolis
528 1622 605 1669 iocosis
631 1621 756 1678 eisdemque
777 1621 878 1669 brevibus

94 1695 122 1742 ad
136 1695 232 1742 diversos
247 1694 313 1752 pleni.
330 1694 457 1753 Sequuntur
473 1714 508 1742 eas
524 1694 624 1749 disticon,
641 1694 682 1742 boc
697 1707 729 1742 est
745 1713 818 1742 versus
831 1693 878 1741 bini

95 1767 164 1814 multi¹
179 1767 301 1815 Xeniorum
315 1780 348 1814 est
362 1768 385 1815 id
400 1788 454 1825 opus
468 1768 604 1825 inscriptum.

127 1839 180 1888 ’Sed
195 1839 291 1893 tandem,
307 1840 344 1898 qui
360 1852 421 1888 erant
435 1852 559 1898 temporum
574 1839 649 1887 ordine
664 1840 815 1899 praetermissi,
830 1838 879 1887 Vir-

94 1912 170 1970 gilium
184 1924 206 1961 et
221 1911 337 1961 Horatium
350 1911 472 1961 videbimus
484 1913 583 1971 sequenti
596 1912 659 1961 libro.
672 1912 709 1961 Sic
720 1913 779 1961 enim
791 1912 879 1971 placuit.

54 1984 81 2031 25
96 1997 120 2031 ut
135 1986 172 2042 qui
188 1998 264 2042 poetae
278 1998 330 2033 sunt
336 1986 434 2033 amatorii
443 2006 487 2033 uno
494 1985 536 2033 sub
544 1986 620 2033 ordine
627 1985 753 2034 habeantur.

92 2179 117 2215 15,
131 2180 157 2217 Cf.
171 2181 237 2217 Hieron.
251 2180 310 2228 Chion.
323 2183 349 2220 01.
366 2183 403 2221 199.
420 2184 433 2220 1,

94 2361 113 2405 3.
128 2360 213 2415 longai.
228 2381 252 2407 m.
271 2362 317 2407 odd.
375 2361 404 2408 l3.
424 2361 455 2410 Ex
473 2363 580 2413 Tiberium
599 2381 648 2408 corr.
668 2365 735 2419 (etium
753 2364 805 2418 infru
823 2374 842 2409 et
861 2372 881 2409 in

55 2427 132 2483 indice).
190 2426 220 2475 15.
235 2440 305 2482 quarto
319 2448 364 2476 sscr.
379 2437 392 2476 i.
407 2450 422 2476 r.
481 2432 510 2477 17.
525 2430 610 2477 Versu...
629 2431 747 2486 inscriptum
765 2438 778 2478 ι’.
797 2451 820 2484 r.;
838 2441 881 2478 erut

55 2500 95 2539 sine
108 2495 166 2541 dubio
179 2505 201 2540 ut
216 2503 235 2541 in
249 2495 415 2545 ACDHRTUV:
432 2498 515 2544 Lasciva
529 2516 612 2554 quoque
625 2499 646 2543 in
660 2516 732 2553 genere
745 2511 833 2545 versatus
851 2512 881 2545 est

57 2560 153 2607 Martialis
168 2563 259 2619 Coquus.
275 2564 340 2608 Rome
359 2566 392 2610 hic
410 2583 456 2609 cum
475 2566 580 2619 imperaret
599 2566 730 2610 Domicianus
748 2567 803 2612 vixit.
822 2566 882 2612 Poeta

56 2628 131 2682 quippe
144 2628 241 2692 excellens
255 2649 278 2676 ac
291 2632 383 2685 copiosus
397 2631 441 2677 tuit.
455 2633 581 2687 Epigramma
595 2651 646 2687 opus
660 2634 749 2678 inscribit
763 2653 833 2679 unum.
848 2635 882 2680 Li-

57 2692 102 2737 bros
117 2695 138 2740 id
151 2696 193 2742 XII
209 2698 268 2742 habet
283 2699 317 2751 qui
331 2698 419 2751 epistolis
432 2699 458 2743 ad
472 2699 560 2746 diversos
577 2698 631 2752 pleni
649 2711 702 2745 sunt.
721 2701 811 2747 Primum
828 2704 882 2748 enim

56 2760 82 2804 ad
95 2761 194 2808 Catonem
207 2765 295 2810 scribens
310 2765 365 2818 quod
378 2783 457 2811 severus
471 2768 497 2811 sit
511 2786 536 2812 ne
550 2768 651 2813 theatrum
665 2769 724 2814 intret
742 2787 802 2814 suum
820 2781 882 2824 rogat.

57 2825 96 2871 Res
110 2829 193 2884 quidem
206 2832 300 2875 amatoria
313 2842 333 2875 et
346 2830 418 2877 lasciva
431 2843 467 2877 est.
481 2831 550 2877 Alium
564 2834 611 2878 item
625 2833 699 2879 librum
713 2836 748 2890 qui
767 2836 883 2881 exeniorum

57 2904 85 2937 est
99 2896 204 2950 inscriptus
218 2895 271 2942 lecit.
