2093 3253
230 165 358 196 scnnronun
373 165 497 195 nnusnuuru
510 175 523 181 -
537 165 595 195 trena
609 165 652 196 viu.
817 149 852 198 221

72 285 125 333 lium
140 273 196 328 haec,
208 280 319 338 persuasio
328 279 395 328 valuit
405 292 429 326 ut
439 299 489 327 eum
498 278 619 327 absolveret
629 296 766 336 quemreum
776 297 856 326 esseae

72 358 117 405 lore
127 353 276 401 damnandum
286 353 376 400 omnino
384 351 479 410 perfidae
487 353 543 400 vitae
551 351 676 400 testimonia
684 350 778 409 plurima
784 351 856 399 horta-

49 480 50 484 ,
73 427 153 477 rentur.
164 426 278 473 Reautem
287 426 315 474 ad
325 426 418 473 nudium
426 426 516 473 tertium
525 424 599 473 dillata
608 441 698 481 surgens
713 424 741 472 de
749 423 856 472 industria

44 526 46 529 ’
72 521 117 551 sese
131 498 160 547 ad
175 497 307 547 Favorinum
319 496 411 546 conlert.
424 496 476 545 Erat
488 496 608 546 Favorinus
620 509 673 545 tunc
685 496 708 544 in
720 496 774 545 urhe
787 496 856 544 Roma

47 578 58 627 5
74 571 217 633 philosophus
223 591 323 619 summus
329 584 395 629 atque
401 571 616 627 gravissimus,cuius
622 569 856 628 consiliisquacunque

73 649 95 695 in
110 664 133 693 re
148 643 181 692 vel
193 644 286 691 maxima
297 643 405 698 obeunda,
417 656 438 690 et
449 643 487 700 qui
498 644 599 701 princeps
611 656 656 690 erat
667 655 688 690 et
699 643 770 690 omnis
781 642 856 695 civitas

72 717 191 779 plurimum
202 727 306 764 uteretur.
318 715 374 763 Rern
382 715 433 763 huic
444 735 532 763 omnem
540 713 639 775 explicat,
649 715 703 773 quid
714 714 856 763 iudicandum

72 788 171 839 consulit,
196 788 256 836 Turn
279 788 315 836 ille
333 788 437 846 religione
455 787 491 835 illa
506 788 650 836 cunctationis
668 808 693 835 ac
711 787 855 836 solicitudinis

72 861 218 918 comprobata:
235 877 243 899 t
254 861 294 914 lto,
306 877 314 899 >³
325 861 403 917 inquit,
416 878 423 899 n
433 860 462 906 mi
473 860 536 913 Aule,
548 872 569 907 et
581 860 678 912 Catonis,
692 860 855 916 prudentissimi

36 938 59 987 10
73 935 119 987 viri,
135 932 242 989 exemplo,
258 934 362 990 quoniam
377 933 431 986 alter
445 932 504 985 fidei,
520 931 573 978 alter
593 931 667 988 probri
688 944 720 978 est
736 931 820 988 plenus,
836 931 855 977 ei

71 1006 134 1056 crede
149 1005 186 1064 qui
202 1005 264 1062 petit.
275 1022 283 1045 >³
292 1005 317 1053 ld
325 1004 443 1053 Favorinus
450 1025 475 1052 ex
483 1004 587 1059 moribus,
600 1004 786 1062 quemadmodum
793 1004 855 1052 dece-

71 1093 103 1129 ret
118 1078 280 1137 philosophum,
293 1080 353 1137 quod
363 1091 419 1126 esset
430 1077 580 1136 philosophus¹
593 1099 636 1125 non
648 1098 674 1125 ex
689 1077 779 1134 legibus,
796 1077 857 1135 quod

71 1173 113 1200 non
129 1163 185 1199 esset
199 1150 373 1204 iurisconsultus,
384 1150 495 1198 suadebat.
504 1149 576 1197 Attius
586 1167 636 1197 vero
646 1149 673 1196 Α.
683 1148 768 1212 Cellius
778 1148 801 1196 id
810 1146 856 1196 esse

71 1244 136 1284 quam
150 1223 213 1271 aetati
225 1243 276 1271 suae
287 1237 308 1271 et
319 1221 390 1270 officio
401 1222 478 1270 iudicis
490 1222 615 1270 conveniret
626 1234 691 1275 ratus,
703 1216 776 1270 aniino
787 1220 856 1269 haud-

37 1300 58 1347 15
73 1316 182 1355 quaquam
197 1296 248 1352 satis
262 1296 320 1344 claro
334 1296 439 1349 discessit,
455 1296 514 1353 quod
528 1295 568 1343 alia
582 1295 656 1348 iudici,
671 1295 712 1342 alia
725 1294 856 1353 philosopho

71 1383 90 1416 et
105 1369 151 1416 viro
166 1369 225 1424 gravi
241 1368 304 1415 licere
320 1370 447 1425 perciperet,
464 1381 560 1415 cerneret
576 1388 664 1424 quoque
679 1387 702 1414 se
711 1366 796 1417 ,Catoni
812 1387 856 1414 non

70 1441 204 1493 auctoritate,
220 1460 263 1487 non
276 1452 351 1493 aetate,
365 1460 409 1487 non
422 1439 525 1496 gravitate
537 1457 618 1496 parem,
636 1430 696 1496 quod
708 1437 744 1487 ille
756 1438 856 1496 gravissi·

73 1532 120 1560 mus
127 1524 213 1560 senator
219 1531 243 1559 ac
250 1530 319 1570 prope
325 1512 385 1559 urbis
392 1512 492 1569 princeps
499 1511 602 1569 idemque
614 1510 757 1568 philosophus
764 1530 855 1568 magnus

72 1598 133 1638 etate,
149 1584 214 1632 rebus
224 1586 296 1641 gestis
307 1586 434 1632 auctoritate
443 1585 479 1632 vix
488 1602 558 1630 errare
568 1584 682 1630 hominum
691 1584 795 1640 opinione
804 1603 854 1641 pos·

35 1658 60 1705 20
74 1669 112 1710 set,
121 1676 144 1703 se
151 1668 224 1703 autem
232 1655 392 1703 adolescentem
399 1675 424 1702 ac
432 1654 481 1716 Alere
489 1674 582 1712 puerum
590 1674 636 1710 esse
644 1666 665 1701 et
674 1654 738 1712 paulo
745 1667 795 1703 ante
803 1655 855 1713 ipsis

72 1742 211 1787 apoetarum
229 1727 309 1777 lahulis
328 1729 483 1787 rhetorumque
502 1727 592 1786 epilogis
610 1728 638 1775 ad
657 1728 788 1776 dirimendas
805 1728 853 1776 lites

71 1815 171 1849 vocaturn
186 1803 209 1848 id
224 1803 320 1858 primunr
331 1821 411 1849 munus
422 1802 495 1848 inisse.
507 1801 566 1848 Haec
578 1820 652 1848 securn
664 1801 770 1848 meditans
787 1801 856 1848 Favo-

71 1875 111 1921 rini
125 1874 216 1921 consilio
231 1894 275 1922 non
289 1874 393 1926 adhaesit.
409 1874 453 1921 Sed
467 1874 571 1931 quoniam
585 1891 647 1927 reurn
661 1893 732 1931 neque
746 1893 785 1931 per
799 1874 856 1931 leges

72 1946 181 1993 absolvere
206 1959 278 2003 posset
292 1966 363 2003 neque
375 1966 401 1993 ex
414 1946 511 1992 moribus
525 1946 627 1992 damnare
639 1945 719 1998 liceret,
733 1947 855 1993 iuramento

35 2018 58 2066 25
74 2018 113 2065 sibi
129 2039 173 2066 non
188 2018 272 2077 liquere
282 2018 336 2067 dixit
345 2039 412 2077 seque
422 2017 459 2066 illo
468 2017 576 2066 iudicatus
586 2018 682 2076 pondere
692 2017 798 2067 liberavit.

54 2134 56 2137 .
112 2091 190 2140 Libros
200 2110 252 2139 vero
261 2093 288 2141 Α.
300 2091 384 2140 Gellius
394 2091 498 2148 exemplis
508 2112 533 2139 ac
543 2091 607 2140 rebus
617 2091 716 2148 plurimis
726 2093 782 2140 scitu
792 2092 855 2140 honis

70 2164 145 2221 plenos
153 2163 197 2211 XX
204 2162 263 2212 lecit.
274 2165 298 2211 ln
307 2164 400 2212 dicendo
408 2164 498 2223 quidem
512 2163 606 2211 multum
614 2164 693 2222 gratiae
707 2163 783 2212 habuit
790 2177 858 2223 atque

70 2249 155 2285 tanturn
165 2237 232 2285 valuit
244 2238 307 2296 quod*
315 2239 419 2284 memoria
430 2258 468 2285 sua
479 2238 554 2284 hocin
565 2256 643 2294 genere
654 2238 720 2285 studii
732 2252 769 2285 aut
780 2259 856 2286 omnes

71 2308 182 2357 excelleret
190 2321 228 2356 aut
237 2330 318 2366 paucos
327 2310 367 2357 sibi
377 2310 530 2368 adaequandos
537 2309 632 2358 haberet.
642 2309 716 2357 Dictio
722 2331 809 2369 nanque
817 2332 856 2358 sua

34 2377 59 2426 30
72 2380 177 2440 perpolita
188 2395 220 2429 est
231 2395 296 2440 atque
308 2382 386 2437 suavis,
398 2381 463 2430 rebus
474 2382 543 2440 gravis
555 2395 576 2430 et
587 2382 709 2438 commoda;
721 2375 797 2432 ordine
805 2404 856 2432 vero

70 2451 239 2512 haudquaquam
250 2467 316 2509 certo,
327 2467 352 2501 ut
363 2454 432 2502 solent
443 2456 528 2508 caeteri,
540 2454 581 2501 sed·
589 2453 680 2502 lortuito
691 2473 730 2512 pro
742 2457 787 2503 eius
798 2456 855 2504 arbi-

72 2525 113 2582 trio
120 2545 145 2572 ac
153 2526 199 2573 iure
207 2545 259 2573 usus
267 2538 307 2574 est.
316 2525 377 2573 Nihil
390 2527 456 2580 enim,
465 2539 489 2574 ut
497 2539 530 2573 est
536 2526 596 2583 apud
608 2526 719 2574 Valerium
733 2527 856 2575 Maximum

73 2608 137 2654 atque
153 2597 290 2652 Frontinum,
302 2611 361 2646 certo
372 2599 413 2646 sub
425 2599 482 2656 duce
491 2619 516 2646 ac
527 2599 593 2656 signis
604 2599 660 2646 locat
671 2599 709 2646 sed
720 2620 786 2657 vagus
798 2600 854 2660 rnili-

72 2681 109 2722 tat,
123 2669 189 2728 quod,
203 2670 295 2734 perinde
307 2684 331 2718 ut
344 2670 425 2718 librum
438 2691 571 2729 quemquam
584 2691 622 2718 seu
634 2669 732 2718 Crecum
744 2693 782 2719 seu
796 2672 856 2733 Lati-
878 2662 880 2665 Ι

83 2803 99 2840 9.
112 2804 155 2842 Gell.
167 2806 213 2842 XIV.
227 2805 272 2842 223.

36 2870 170 2885 x—

84 2922 116 2969 23.
130 2923 161 2971 Ex
175 2924 252 2971 adhesit
267 2944 315 2971 corr.
371 2926 404 2972 24.
418 2924 518 2972 absolvere
532 2933 545 2972 ι’.
560 2945 582 2977 r.;
598 2937 640 2972 erar
655 2926 754 2973 damnare.
