2093 3253
447 211 539 240 SICCONIS
553 210 670 240 POLENTONI

233 325 280 388 Sed
291 325 319 375 ad
334 324 470 385 propositum
486 338 624 374 revertamur.
640 323 708 374 Adest
719 346 805 384 nanque
822 327 973 376 memorandus
1029 352 1044 387 ',

191 399 232 447 boc
246 399 268 447 in
282 398 356 462 'prdine
370 391 482 458 poetarum
496 397 622 446 Franciscus
637 398 741 447 Petrarca.
756 399 928 447 Conterraneum
941 402 974 459 ip·

191 491 240 519 sum
254 491 279 519 ac
292 489 360 532 prope
373 482 580 528 contemporaneum
593 471 669 518 habuit
682 490 748 529 quem
760 472 871 520 nominavi
884 472 974 522 Dantes.
1030 470 1046 532 ἶ

132 570 134 572 ·
191 543 323 593 pubescebat
338 543 396 592 enim
410 541 508 591 Petrarca
522 563 562 591 nec
581 563 650 592 annos
670 542 742 602 plures
762 557 846 603 septem
860 564 885 592 ac
899 543 975 593 decem

139 638 140 641 ’
164 619 177 665 5
193 618 269 674 agebat
288 637 339 665 cum
353 628 446 664 mortem
465 616 547 664 Dantes
567 617 643 665 obiret.
657 617 730 664 Vitam
744 618 766 664 in
780 617 843 664 exilio
857 618 922 666 etiam
936 618 975 665 iste

191 690 259 736 ‘11¹le
273 689 328 736 EXUl
342 708 428 746 nanque
442 688 477 734 bic
490 701 560 742 natus,
574 689 610 736 ille
624 701 722 737 mortuus
736 701 775 742 est;
790 688 911 737 Florentiae
924 709 974 737 vero
1031 697 1046 758 ξ

191 763 242 809 civis
257 774 355 820 uterque.
369 760 440 809 Huius
453 774 514 818 pater
526 763 615 809 nomine
627 762 703 809 Petrus
715 753 826 816 Petraeam
841 774 909 810 mater
922 762 974 811 Leta

191 833 291 892 appellati
302 847 359 889 sunt;
370 832 451 882 lamilia
459 834 525 881 veteri
535 833 601 882 ambo
611 847 633 882 et
643 834 768 891 parentibus
777 833 872 882 honestis
881 835 933 883 nati.
945 835 974 883 At
1040 848 1045 865 ;

191 925 242 954 vero
250 905 342 956 factione
350 907 451 965 partium,
460 905 540 964 quibus
549 926 574 955 ea
582 908 656 955 civitas
662 925 764 964 persaepe
772 907 862 961 laborat,
868 908 902 956 vir
910 908 974 955 simul
1031 901 1044 967 f]

139 1000 141 1005 ·
153 979 179 1026 10
193 999 218 1026 ac
232 998 286 1027 uxor
301 979 369 1037 patria
385 977 441 1036 pulsi
457 977 557 1026 Aretium
572 997 703 1027 concessere.
720 977 785 1026 Hunc
798 978 828 1027 ibi
841 978 911 1027 filium
926 980 974 1028 exul

192 1066 259 1101 mater
273 1066 294 1102 et
309 1053 392 1112 peperit
404 1065 425 1100 et
437 1053 543 1111 concepit.
557 1050 627 1101 Natus
640 1065 672 1101 est
683 1052 741 1101 Xlll
755 1052 871 1102 Kallendas
884 1053 974 1102 Sextiles

191 1126 232 1174 sub
241 1146 324 1175 aurora.
331 1127 378 1174 ‘Hic
387 1126 503 1183 quotannis
513 1127 659 1173 sanctissimae
668 1126 757 1183 virginis
767 1126 898 1184 Margaritae
907 1125 975 1173 festus

191 1210 223 1246 est
238 1198 291 1247 dies.
305 1198 382 1247 Annus
396 1215 446 1246 vero
460 1198 577 1245 nativitatis
591 1197 673 1245 domini
687 1209 708 1246 et
721 1198 830 1246 salvatoris
844 1198 912 1247 nostri
928 1197 975 1246 lesu
1045 1199 1046 1202 ’

192 1272 273 1320 Christi
282 1285 335 1321 tunc
344 1270 480 1320 MCCCllll
490 1284 542 1320 erat.
552 1271 668 1320 Caesareos
677 1270 744 1319 fasces
753 1271 863 1326 Albectus,
877 1272 976 1320 Austriae

153 1345 178 1393 15
194 1345 238 1393 dux
252 1364 277 1393 ac
291 1345 390 1403 princeps
408 1344 464 1391 inter
481 1342 597 1407 Alemanos
615 1356 698 1402 potens,
717 1344 816 1393 babebat.
834 1345 923 1393 Annum
947 1344 976 1392 ibi

191 1417 289 1466 Petrarca
298 1418 354 1466 vitae
363 1437 413 1466 suae
423 1417 519 1474 primum
528 1437 572 1465 non
582 1418 690 1475 integrum
700 1418 749 1474 egit.
761 1416 895 1466 lnlantulum
910 1430 977 1466 mater

192 1490 270 1538 deinde
291 1489 319 1538 ad
336 1489 427 1549 patriam
444 1489 541 1537 restituta
558 1502 669 1548 paternam
686 1490 708 1536 in
726 1489 798 1537 villam
815 1490 899 1538 detulit.
918 1489 976 1537 Loco

191 1584 271 1611 nomen
287 1576 319 1611 est
334 1561 446 1617 Anchises,
463 1561 587 1610 Florentino
603 1563 625 1611 in
641 1582 692 1621 agro
707 1582 771 1622 supra
787 1564 895 1612 civitatem
906 1563 975 1611 Xllll

192 1637 250 1683 milia
265 1656 375 1693 passuum.
390 1635 446 1681 Puer
461 1635 491 1681 ibi
506 1656 588 1682 annum
603 1656 672 1694 usque
687 1637 709 1682 in
725 1638 842 1693 septimum
862 1637 974 1684 enutritur.
1031 1631 1047 1680 fs

71 1731 74 1736 ’
149 1708 179 1757 20
192 1708 282 1756 Annum
291 1726 341 1756 vero
350 1719 450 1756 octavum
459 1719 521 1755 natus
531 1706 617 1755 ducitur
625 1707 691 1756 Pisas.
700 1707 772 1765 Agens
782 1708 832 1756 inde
841 1727 923 1756 annum
937 1728 976 1756 no·

139 1814 141 1817 -
191 1801 245 1829 num
258 1779 389 1829 avinionem
401 1776 483 1837 (civitas
495 1792 528 1827 est
540 1778 632 1838 Galliae)
643 1780 758 1828 translatus
770 1794 809 1829 est.
834 1781 892 1830 Istuc
908 1793 974 1839 pater,

190 1867 215 1901 ut
236 1853 333 1902 homines
354 1851 462 1906 industrii,
486 1853 599 1910 presertim
620 1852 746 1907 florentini,
758 1853 837 1901 »solent
859 1853 976 1912 (notarium

191 1927 264 1983 ipsum
274 1925 341 1973 luisse
351 1924 425 1982 aliqui,
437 1937 579 1972 mercatorem
591 1926 681 1983 quidam
692 1925 784 1983 volunt),
796 1940 898 1983 quaestus
910 1927 976 1983 gratia

192 1998 321 2053 morabatur,
335 1996 394 2057 quod
406 2016 431 2044 ea
443 1997 465 2044 in
477 1997 532 2045 urbe
544 1998 628 2046 sederet
640 1997 738 2057 pontifex
750 2000 856 2047 maximus
868 2012 890 2047 et
902 2011 975 2057 gentes

150 2071 178 2120 25
194 2071 245 2120 illuc
256 2070 285 2119 ob
296 2071 370 2119 sedem
380 2068 520 2128 apostolicam
530 2070 628 2130 undique
639 2072 785 2120 convenirent.
798 2070 845 2120 Nec
856 2073 930 2121 civitas
941 2070 976 2119 illa

192 2145 336 2192 multitudinis
350 2164 417 2203 capax
430 2157 481 2191 erat.
496 2144 589 2192 Proinde
602 2145 665 2192 iussis
679 2146 781 2193 omnibus
802 2147 873 2194 edicto
886 2147 975 2205 publico

192 2237 247 2274 quos
267 2217 354 2265 haberet
366 2217 459 2275 quisque
471 2234 556 2273 pueros,
569 2217 660 2265 leminas
673 2230 694 2265 et
706 2238 761 2276 quae
773 2239 825 2275 gens
838 2219 975 2267 incommoda

191 2289 299 2339 videretur
307 2290 404 2349 proxima
412 2288 434 2337 in
443 2288 523 2347 oppida
530 2301 551 2338 et
559 2288 619 2338 villas
628 2289 742 2345 adducere,
751 2309 804 2349 puer
812 2304 900 2351 quoque
909 2289 975 2340 Fran·
1041 2337 1043 2339 ,

191 2363 260 2411 ciscus
268 2362 411 2431 Carpentoras
422 2361 461 2419 (sic
469 2357 577 2420 oppidum
584 2364 686 2411 Avinioni
695 2365 819 2421 proximum
827 2364 914 2422 vocant)
922 2365 974 2413 duc·

150 2435 178 2483 30
192 2447 228 2483 tus
239 2448 278 2484 est.
290 2435 398 2492 Quattuor
409 2434 440 2482 ibi
451 2435 494 2492 egit
505 2456 573 2483 annos
584 2457 609 2483 ac
620 2436 688 2484 libare
699 2436 779 2484 litteras
790 2438 886 2494 primum
897 2437 976 2495 coepit.

164 2534 165 2540 =
191 2506 292 2568 Denique
310 2507 343 2556 bis
362 2505 447 2556 duobus
466 2508 488 2556 in
502 2508 554 2557 locis
567 2509 736 2567 grammaticam,
749 2509 890 2566 dialecticam,
904 2509 976 2559 theto·

191 2581 257 2629 ricam
271 2582 354 2629 didicit.
418 2628 420 2632 ,

233 2655 355 2703 Pubescens
366 2672 417 2703 vero
427 2655 455 2702 ad
466 2654 697 2713 Montempesulanum
708 2654 825 2712 (famosum
836 2669 868 2704 est
879 2657 908 2705 ob
919 2656 976 2704 litte*

192 2748 264 2777 rarum
283 2728 354 2781 studia
373 2728 480 2786 oppidum
500 2727 582 2775 Calliae
602 2727 766 2786 Transalpinae)
782 2730 848 2787 patris
869 2731 929 2779 iussu
952 2740 976 2776 ut

150 2801 178 2850 35
194 2802 289 2850 studeret
304 2801 390 2860 legibus·
402 2799 512 2859 proiectus
524 2814 563 2849 est.
578 2800 613 2849 lus
625 2800 655 2849 ibi
667 2800 729 2849 civile
741 2802 916 2860 quadriennium,
926 2801 977 2850 inde

207 2945 235 3004 14.Ι
250 2945 280 2990 Ex
296 2945 398 2989 Caesareas
412 2963 461 2988 corr.
