2093 3253
248 223 378 255 scaurorum
393 223 518 256 ratusraruru
531 232 545 238 -
559 222 617 253 ursan
631 222 679 273 xm.
834 206 877 253 361³

73 383 74 387 ¹
88 356 161 394 autern
171 341 240 389 luerit-
246 342 286 389 ista
296 341 319 388 in
329 358 392 388 causa
403 338 480 388 Cicero
490 340 541 387 satis
548 358 606 399 ¹¹quae
617 338 708 388 habetur
719 336 786 387 oratio
798 355 807 378 r
817 334 874 384 Cum

89 414 157 464 multa
172 413 296 461 divinitus»
314 409 422 471 patefacit.
440 412 486 459 lam
500 411 560 459 enim
575 410 658 459 nullam
673 409 718 458 vim
734 407 813 462 Clodii,
825 406 874 456 nul-

15 531 18 533 .
84 480 141 538 lum.
152 487 259 545 impeturn
277 484 393 534 metuebat.
412 484 466 534 Acta
484 497 516 533 est
534 503 567 533 res
586 484 627 533 ista
645 481 725 533 duobis
743 481 804 537 locis,
822 501 874 529 cum

89 558 292 618 multivamplissimi
306 571 328 608 et
342 558 494 616 sapientissimi
508 558 565 606 cives
579 558 686 607 adessent.
702 555 804 614 Denique
818 575 873 613 pon-

63 635 76 682 5
90 632 159 682 tilices
171 650 215 679 una
227 624 287 688 voce,
301 650 346 680 uno
358 629 438 685 animo,
451 650 494 678 una
507 630 618 678 voluntate
631 630 723 678 domum
735 628 791 676 hanc
804 648 875 685 neque
891 676 893 680 Α

89 705 136 754 iure
152 716 256 753 sacratam
272 723 318 752 esse
334 722 374 751 nec
390 701 492 762 religione
507 700 551 751 ulla
566 702 635 751 teneri
652 701 760 751 dixerunt.

134 776 160 826 ld
177 776 276 826 consules
294 774 413 825 retulerunt
430 775 459 825 ad
476 787 555 834 patres,
573 775 632 834 apud
650 794 705 834 quos
723 774 788 823 etiam
808 772 874 822 multa

90 862 111 898 et
123 849 200 897 acriter
213 848 240 896 de
252 847 381 907 pontificum
393 847 474 895 iudicio
486 859 507 894 et
520 847 577 894 dicta
589 859 611 894 et
624 847 732 905 disputata
745 858 803 894 sunt.
816 845 874 892 Acte·

91 933 123 970 rat
141 920 199 969 enim
216 920 239 968 in
256 932 332 969 senatu
350 918 440 968 Clodius
465 932 486 967 et
511 920 597 978 quantis
615 930 698 978 poterat
716 918 835 966 rationibus
853 930 874 964 et

53 996 78 1045 10
92 993 231 1053 argumentis,
248 1015 276 1042 ne
292 993 370 1041 domus
387 993 541 1046 restitueretur,
558 991 664 1041 iudicium
684 990 814 1050 pontificum
834 990 875 1039 irn-

92 1067 209 1126 pugnabat.
224 1066 244 1114 ls
256 1086 349 1124 nanque,
362 1085 413 1113 cum
424 1066 465 1113 sibi
477 1066 537 1112 locus
549 1066 609 1112 venit
621 1065 714 1118 dicendi,
727 1082 773 1111 rem
784 1064 875 1121 gliscens

91 1158 222 1198 quacunque
243 1150 315 1197 posset
335 1150 381 1185 arte
402 1137 489 1185 differre
510 1136 636 1191 orationem,
658 1148 683 1184 ut
704 1134 797 1193 dicendo
818 1134 875 1183 diem

91 1213 221 1265 absumeret,
246 1201 313 1270 duam
336 1210 484 1268 longissimam
508 1210 591 1259 habuit.
616 1209 687 1272 Dixit
702 1228 800 1268 nanque
813 1209 875 1257 horas

91 1282 160 1331 terme
171 1295 214 1330 tres
226 1303 266 1331 nec
277 1281 362 1331 lecisset
374 1282 460 1331 dicendi
471 1282 545 1336 finem,
558 1281 580 1329 ni
592 1299 692 1340 perorare
701 1280 792 1329 tandem
803 1280 876 1339 ipsum

54 1356 78 1406 15
93 1368 180 1405 senatus
198 1354 266 1404 sibilis
283 1375 308 1404 ac
325 1354 417 1414 strepitu
434 1355 545 1414 coegisset.
564 1353 680 1404 Caeterum
698 1374 724 1403 ex
746 1353 875 1413 pontificum

92 1428 172 1477 iudicio
186 1427 269 1476 lactum
283 1440 369 1476 senatus
384 1427 508 1476 consultum
521 1440 554 1474 est
569 1428 660 1476 domurn
674 1440 696 1475 et
709 1427 801 1475 liberam
814 1445 875 1485 pror-

92 1521 128 1549 sus
146 1499 206 1549 omni
222 1499 324 1559 religione
340 1512 361 1549 et
377 1498 477 1549 Ciceroni
495 1499 650 1549 restituendam
667 1497 779 1548 esseNec
797 1499 875 1548 domus

93 1573 134 1622 sibi
152 1573 249 1623 restituta
266 1573 331 1622 modo
348 1573 387 1621 sed
403 1573 494 1632 pecunia
511 1593 523 1621 e
539 1572 627 1633 publico
643 1573 709 1622 etiam
725 1573 836 1632 ut'ipsam
851 1592 876 1620 ac

92 1646 153 1694 villas
176 1646 310 1695 exedificaret
333 1646 389 1695 data.
414 1647 469 1695 lussi
492 1666 580 1705 quoque
603 1647 738 1704 magistratus
761 1646 876 1705 probibere

53 1718 80 1765 20
95 1738 122 1766 ne
137 1719 182 1766 vim
198 1718 298 1767 Ciceroni
313 1719 434 1777 quisquam
445 1718 540 1767 interret.
589 1768 591 1770 ,

135 1789 214 1850 Neque
228 1810 279 1840 vero
294 1790 327 1839 his
342 1810 365 1839 se
378 1790 483 1840 abstinuit
497 1789 603 1846 Clodius;
619 1790 679 1850 missi
699 1810 785 1850 nanque
804 1790 832 1840 ab
851 1811 877 1838 eo

92 1864 168 1913 armati
186 1876 237 1913 sunt
254 1865 292 1925 qui
310 1877 331 1914 et
348 1863 421 1914 fabros
439 1885 451 1914 e
468 1864 534 1913 domo
545 1863 657 1913 Ciceronis
674 1863 738 1919 lerro,
749 1865 806 1924 igne,
820 1863 876 1912 saxis

94 1937 239 1985 disturbarent
251 1951 272 1987 et
284 1937 312 1994 Q
324 1936 396 1985 lratris
408 1938 499 1986 domum
509 1938 603 1989 admotis
615 1937 699 1986 lacibus
711 1937 876 1986 inflammarent.

95 2006 144 2066 lpse
157 2020 230 2056 autem
243 2007 350 2063 Ciceroni,
364 2021 389 2057 ut
402 2028 453 2058 eum
466 2008 579 2063 occideret,
594 2026 750 2067 saepenumero
763 2007 876 2056 insidiatus
945 2023 947 2025 ’

53 2079 80 2128 25
95 2093 135 2129 est.
148 2080 236 2139 Quippe
247 2080 389 2130 interlecisset
401 2081 474 2140 ipsum
485 2081 574 2129 Sacram
585 2082 614 2130 ad
624 2081 689 2136 viam,
702 2081 724 2129 ni
737 2081 771 2130 M.
780 2081 882 2135 Damon„

94 2153 131 2210 qui
144 2173 170 2200 eo
183 2152 238 2200 forte
251 2173 302 2201 cum
314 2166 365 2208 erat,
378 2154 451 2211 ipsum
463 2171 554 2211 propere
567 2173 632 2202 suum
650 2153 672 2200 in
690 2153 822 2201 vestibulum
838 2153 876 2200 ad-

95 2226 198 2274 duxisset.
208 2226 277 2275 Atrox
287 2226 384 2286 patribus
395 2225 478 2275 lacinus
488 2240 607 2285 utrumque
620 2228 699 2281 visum
714 2226 805 2285 proinde
815 2247 877 2273 sena-

93 2312 129 2346 tus
148 2299 242 2347 decrevit
259 2299 306 2358 lege
323 2298 417 2348 tacturos
436 2314 510 2348 contra
528 2319 575 2347 rem
592 2299 703 2359 publicam
721 2299 759 2358 qui
777 2299 876 2347 Ciceroni

94 2385 132 2420 aut
150 2372 195 2419 vim
213 2371 280 2420 ullam
298 2371 402 2420 inferrent
420 2386 457 2421 aut
476 2394 503 2420 ne
522 2373 613 2421 domum
632 2372 766 2420 exedificaret
785 2373 877 2430 impedi-

54 2442 82 2490 30
98 2456 172 2493 mento
187 2457 264 2494 essent.
337 2477 339 2479 -

137 2518 199 2566 Dum
210 2538 261 2567 vero
273 2519 325 2567 haec
337 2532 457 2577 agerentur,
469 2532 556 2578 tempus
569 2520 630 2568 novis
643 2518 768 2568 consulibus
780 2519 877 2567 creandis

95 2591 161 2646 venit.
176 2589 234 2640 Novi
248 2604 297 2641 tum
311 2591 410 2641 consules
426 2591 470 2642 Gn.
486 2589 592 2641 Lentulus
607 2605 628 2642 et
644 2592 670 2641 l..
685 2590 798 2652 Philippus
812 2591 877 2641 creati

95 2676 154 2712 sunt.
168 2664 208 2712 His
221 2664 346 2714 consulibus
359 2665 474 2730 strepitum
483 2666 541 2718 ,miro
554 2685 605 2714 cum
617 2664 706 2713 bemitu
718 2665 741 2713 in
753 2684 805 2723 agro
818 2664 877 2713 Lati-

95 2755 161 2784 nense
178 2737 277 2786 auditum
294 2735 373 2786 lerunt.
393 2737 559 2796 ld.pr0digium
576 2758 622 2786 esse
639 2737 699 2796 quod
716 2756 774 2786 sacra
791 2750 812 2785 et
829 2736 878 2785 reli·

56 2832 198 2843 κὴ.

90 2876 106 2912 8.
118 2876 154 2914 Cic.
166 2878 202 2916 Art.
215 2878 244 2914 lV.
257 2880 273 2915 2.
286 2881 302 2916 4.
351 2878 379 2915 25.
392 2878 428 2916 Cic.
440 2879 476 2917 Att.
489 2879 517 2915 IV.
531 2879 547 2915 3.
561 2879 571 2915 3

56 2954 198 2965 *E

98 2989 114 3035 1.
129 2991 214 3038 habetur
227 3012 271 3039 sscr.
326 2994 358 3039 33.
372 2993 477 3047 strepitum
486 2985 536 3039 sscr.
