2093 3253
151 234 191 278 478
448 237 543 280 sicconis
557 245 676 278 rorrurour
689 239 691 242 ’

194 359 254 410 Nero
267 374 350 420 septem
357 382 382 409 ac
391 360 467 409 decem
479 372 542 409 natus
555 373 607 409 erat.
615 359 724 419 Principio
732 360 817 419 imperii
826 360 904 409 munia'
913 380 978 420 quae·

194 453 281 492 cunque
295 432 437 491 permissione
449 433 487 482 filii
500 445 568 483 mater
580 432 716 492 disponebat.
730 433 806 481 Honor
819 432 978 492 quidem‘solus
1045 470 1047 472 ψ

194 506 279 565 imperii
294 506 354 565 apud
368 506 487 562 Neronem,
499 519 593 565 potestas
605 524 753 555 verosumma
764 518 785 554 et
797 525 848 554 cura
860 506 930 555 omnis
942 526 979 564 ge»

195 579 311 628 rendarum
325 597 399 628 rerum
414 579 473 638 apud
488 592 580 628 matrem
595 575 651 628 erat(
662 579 790 628 Amicorum
804 591 878 627 autem
898 578 936 637 qui
956 591 978 626 et

169 656 181 702 5
196 654 267 712 ipsam
281 653 375 702 consiliis
390 654 516 703 adiuvarent
535 666 556 702 et
575 652 669 702 Neronis
688 652 855 702 adolescentiam
873 652 979 711 guberna-

195 738 243 775 rent
258 725 302 775 duo
316 739 366 775 ante
385 718 438 775 alios
458 726 589 781 eminebant,
608 725 727 775 Alrannius
747 725 828 774 Burrus
848 738 870 774 et
888 726 977 774 Anneus

195 798 285 848 Seneca.
296 798 341 848 Sed
351 793 534 848 curam'militaris
545 799 575 847 rei
586 799 673 858 gerebat
684 800 706 847 in
717 798 771 847 urbe
781 797 900 847 Airannius
908 798 979 858 (prae
1045 838 1047 847 1

165 881 176 900 ²
195 872 284 920 torianis
299 893 385 930 nanque
401 873 526 920 cohortibus
541 872 662 931 praefectus
678 875 738 932 erat);
753 872 835 920 Seneca
845 890 896 920 vero
908 870 979 920 Nero-

165 968 167 971 ’
196 965 253 999 nem,
265 956 289 992 ut
301 945 352 998 dixi,
364 944 493 1004 eloquentia,
505 945 609 999 moribus,
621 945 684 993 bonis
695 944 776 992 artibus
788 944 914 992 instruebat.
924 943 979 992 Ora·
1045 1004 1047 1006 v

157 1020 183 1067 10
197 1011 266 1066 tiones
286 1038 374 1077 quoque
393 1039 446 1077 quas
466 1017 576 1067 interdum
594 1016 718 1067 adolescens
738 1018 854 1076 imperator
872 1016 901 1066 ad
919 1036 980 1065 sena·
1046 1025 1047 1028 ’

196 1102 244 1138 tum
258 1091 347 1139 haberet
357 1111 400 1148 qua
411 1104 456 1139 erat
466 1091 576 1148 praeditus
587 1091 709 1149 eloquentia
720 1091 871 1149 componebat.
882 1088 930 1139 Nec
940 1111 979 1148 po·

195 1161 241 1222 puli
257 1163 349 1212 Romani
362 1163 520 1213 existimatione
532 1161 615 1212 lactum
627 1176 659 1211 est
672 1163 732 1222 parvi
745 1162 820 1211 adesse
833 1161 927 1211 consiliis
940 1162 980 1210 hos

196 1237 250 1285 duos
265 1237 322 1286 viros
334 1236 372 1297 qui
384 1249 405 1286 et
417 1237 513 1296 provecti
524 1248 592 1286 aetate
604 1249 625 1285 et
637 1255 709 1286 rerum
721 1236 838 1286 multarum
850 1236 980 1295 experientia

197 1311 277 1367 cogniti
292 1311 332 1358 viri
347 1311 399 1358 boni
416 1330 503 1358 esseae
520 1310 673 1359 modestissimi
690 1310 821 1359 viderentur.
838 1310 890 1369 Spei
906 1322 980 1358 autem

157 1385 183 1432 15
199 1382 293 1431 multum
305 1383 425 1442 Agrippina
437 1383 460 1431 in
472 1396 565 1442 utroque
578 1383 617 1432 sed
629 1383 692 1441 longe
704 1382 753 1441 plus
766 1383 789 1432 in
802 1383 907 1432 Senecam
917 1401 979 1441 repo-

197 1454 262 1502 nebat
277 1475 328 1503 cum
342 1454 445 1513 gravitate
465 1455 605 1504 consiliorum
624 1468 673 1504 tum
693 1456 797 1504 memoria
817 1454 980 1509 beneficiorum,

196 1528 256 1587 quod
271 1540 342 1586 preter
357 1528 478 1578 amiciciam
493 1542 588 1579 veterem
604 1548 647 1589 qua
663 1528 776 1578 Domiciae
792 1527 850 1588 genti
867 1527 979 1578 devinctus

196 1612 252 1647 esset
266 1617 329 1657 prece
344 1619 369 1647 ac
384 1600 535 1661 impetratione
546 1614 586 1651 sua'
594 1604 706 1651 restitutus
717 1602 758 1651 sub
769 1601 861 1650 Claudio
872 1615 893 1650 et
903 1601 932 1649 ad
941 1600 980 1648 bo·

192 1690 261 1735 nores
276 1686 390 1731 provectus
408 1688 460 1724 erat.

155 1738 185 1794 20
241 1744 324 1794 Consul
335 1767 423 1806 quoque
434 1767 446 1796 a
457 1747 545 1797 Nerone
556 1761 639 1797 creatus
651 1761 690 1797 est.
702 1748 855 1807 Magistratum
866 1747 931 1802 hunc,
943 1746 980 1806 qui

197 1832 246 1876 post
259 1818 387 1877 dignitatem
399 1819 527 1869 Caesaream
539 1841 637 1870 summus
650 1833 702 1875 erat,
716 1819 808 1869 maxima
821 1840 872 1868 cum
884 1820 980 1878 pruden-

197 1892 226 1939 tia
239 1904 260 1939 et
273 1893 406 1941 humanitate
418 1894 490 1952 gessit.
504 1894 615 1952 Collegam
627 1895 669 1942 hoc
681 1895 704 1942 in
717 1894 842 1952 magistratu
854 1892 981 1942 Trebelium
1044 1916 1046 1918 ’

199 1964 322 2012 Maximum
336 1965 418 2014 habuit.
433 1966 566 2015 Consulibus
579 1979 653 2015 autem
666 1968 712 2014 istis
725 1966 808 2014 lactum
820 1966 876 2015 Vlll
892 1964 980 2013 Kallen-
1045 2000 1047 2002 ·

198 2037 236 2084 das
253 2037 392 2095 Septembres
409 2052 495 2087 senatus
512 2039 636 2088 consultum
653 2040 708 2098 quid
723 2040 775 2087 iuris
797 2039 937 2087 statuendum
958 2037 981 2085 in
1046 2059 1047 2062 ¹

156 2110 185 2159 25
200 2101 251 2157 eum
265 2123 286 2157 et
301 2129 341 2168 pro
355 2132 381 2159 eo
395 2112 432 2169 qui
447 2133 472 2159 ex
485 2112 536 2160 fidei
550 2113 666 2161 commisso
680 2112 821 2161 hereditatem
834 2109 981 2170 apprehendat
1045 2113 1047 2115 ’

197 2185 321 2232 testimonio
341 2185 429 2243 Ulpiani
447 2205 472 2235 ac
492 2186 604 2235 Iustiniani
623 2198 714 2235 constat.
734 2182 835 2234 Consiliis
853 2203 911 2239 vero,
924 2195 981 2231 ‘cum
1044 2186 1046 2227 Ῑ

197 2256 251 2316 quid
261 2276 334 2306 rerum
346 2258 489 2316 gerendarum
501 2258 524 2305 in
536 2257 690 2306 deliberatione
702 2258 791 2312 veniret,
800 2257 869 2305 vocati
878 2256 981 2304 continuo

196 2330 285 2379 aderant
300 2343 321 2378 et
335 2330 417 2379 Burrus
432 2343 453 2379 et
468 2330 557 2380 Seneca.
573 2332 681 2389 Magnum
695 2344 740 2380 erat
754 2350 778 2379 ac
793 2328 880 2379 difficile
894 2329 981 2387 utrique

197 2404 283 2461 pondus
298 2416 407 2452 tantarum
421 2424 495 2453 rerum
509 2406 694 2464 disponendarum
708 2422 765 2459 eura,
781 2403 820 2452 sed
834 2402 897 2460 longe
912 2400 980 2450 maius
1045 2404 1047 2408 ’

156 2479 185 2526 30
199 2497 224 2524 ac
238 2478 347 2525 difficilius
356 2477 463 2526 ferventes
473 2480 597 2538 principum
605 2479 688 2527 animos
697 2492 824 2536 temperare,
834 2477 895 2534 quod
903 2473 982 2534 Agrip-

157 2576 299 2583 ...ιη-...-

193 2624 221 2662 26.
234 2626 293 2670 uam.
306 2625 384 2663 xxxvi.
401 2628 414 2663 ι.
463 2626 492 2664 aa.
505 2628 547 2665 rua.
559 2636 576 2665 a
587 2629 628 2667 na.
641 2628 661 2665 11.
674 2629 704 2666 23.
717 2599 734 2665 i.

157 2713 300 2720 ...ς-...-

196 2758 215 2804 4.
230 2769 270 2805 et...
284 2757 437 2806 adolescentiam
452 2766 466 2806 ι’.
480 2778 503 2812 r.;
520 2779 543 2805 ex
561 2778 605 2806 eam
623 2759 709 2806 consiliis
727 2762 842 2806 adiuvarent
857 2760 892 2813 qui
912 2757 981 2803 iuven-

156 2839 221 2870 tutem
234 2827 382 2880 imperatoriam
395 2846 444 2873 corr.
457 2828 523 2883 Oqui
536 2847 580 2874 eam
587 2827 673 2874 consiliis
687 2828 802 2873 adiuvarent
816 2828 876 2882 quive
890 2828 981 2872 iuventu·
1027 2853 1029 2858 ν

155 2905 198 2939 tem
211 2895 359 2949 imperatoriam
373 2894 396 2941 F.
450 2893 483 2940 20.
498 2894 652 2951 (magistratu)m
665 2895 720 2941 hunc
733 2900 746 2940 i.
756 2913 773 2940 r.
782 2894 813 2945 Ο;
825 2912 849 2939 ex
858 2893 982 2948 magistratus

156 2962 188 3006 hic
204 2961 239 3016 (sr'c
253 2960 278 3017 F)
292 2981 342 3008 corr.
397 2962 430 3008 20.
443 2962 479 3017 qui
493 2980 537 3009 sscr.
552 2962 571 3007 O
585 2981 622 3009 om.
637 2963 660 3008 F.
714 2961 747 3008 ΖΙ,
761 2963 866 3009 maxima...
876 2961 935 3015 gessit
942 2967 955 3006 i.
966 2978 982 3004 r.

115 3078 118 3083 f
155 3028 186 3080 Ο;
202 3039 243 3074 erut
258 3031 311 3076 etin
326 3041 395 3076 senatu
409 3029 520 3088 plurimum
533 3031 654 3076 auctoritatis
669 3031 754 3077 habebat
769 3031 803 3084 (sr'c
818 3030 850 3085 F).
