<?xml version="1.0" encoding="UTF-8"?>
<!DOCTYPE html PUBLIC "-//W3C//DTD XHTML 1.0 Transitional//EN"
    "http://www.w3.org/TR/xhtml1/DTD/xhtml1-transitional.dtd">
<html xmlns="http://www.w3.org/1999/xhtml" xml:lang="en" lang="en">
 <head>
  <title>
</title>
<meta http-equiv="Content-Type" content="text/html;charset=utf-8" />
  <meta name='ocr-system' content='tesseract 3.04.00' />
  <meta name='ocr-capabilities' content='ocr_page ocr_carea ocr_par ocr_line ocrx_word'/>
</head>
<body>
  <div class='ocr_page' id='page_1' title='image "MN40033ucmf_2_0137.png"; bbox 0 0 2093 3253; ppageno 0'>
   <div class='ocr_carea' id='block_1_1' title="bbox 248 150 868 196">
    <p class='ocr_par' dir='ltr' id='par_1_1' title="bbox 248 150 868 196">
     <span class='ocr_line' id='line_1_1' title="bbox 248 150 868 196; baseline -0.002 -1"><span class='ocrx_word' id='word_1_1' title='bbox 248 163 378 196; x_wconf 68' lang='lat' dir='ltr'><strong>sentinosum</strong></span> <span class='ocrx_word' id='word_1_2' title='bbox 394 162 521 195; x_wconf 78' lang='lat' dir='ltr'><strong>ittusmmnr</strong></span> <span class='ocrx_word' id='word_1_3' title='bbox 535 174 549 179; x_wconf 83' lang='lat'><em>-</em></span> <span class='ocrx_word' id='word_1_4' title='bbox 562 162 621 195; x_wconf 79' lang='lat' dir='ltr'><strong>tiam</strong></span> <span class='ocrx_word' id='word_1_5' title='bbox 635 163 659 194; x_wconf 87' lang='lat'><strong>11.</strong></span> <span class='ocrx_word' id='word_1_6' title='bbox 841 150 868 194; x_wconf 77' lang='grc'><strong>67</strong></span> 
     </span>
    </p>
   </div>
   <div class='ocr_carea' id='block_1_2' title="bbox 43 274 877 2378">
    <p class='ocr_par' dir='ltr' id='par_1_2' title="bbox 46 274 869 1286">
     <span class='ocr_line' id='line_1_2' title="bbox 82 274 868 335; baseline -0.008 -5"><span class='ocrx_word' id='word_1_7' title='bbox 82 281 182 335; x_wconf 78' lang='lat' dir='ltr'><strong>Aurium,</strong></span> <span class='ocrx_word' id='word_1_8' title='bbox 198 278 225 328; x_wconf 87' lang='lat' dir='ltr'><strong>de</strong></span> <span class='ocrx_word' id='word_1_9' title='bbox 241 277 333 333; x_wconf 87' lang='lat' dir='ltr'><strong>Cuculo,</strong></span> <span class='ocrx_word' id='word_1_10' title='bbox 354 277 381 327; x_wconf 92' lang='lat' dir='ltr'><strong>de</strong></span> <span class='ocrx_word' id='word_1_11' title='bbox 400 276 483 334; x_wconf 86' lang='lat' dir='ltr'><strong>Culice,</strong></span> <span class='ocrx_word' id='word_1_12' title='bbox 503 278 530 326; x_wconf 91' lang='lat' dir='ltr'><strong>de</strong></span> <span class='ocrx_word' id='word_1_13' title='bbox 550 274 620 334; x_wconf 84' lang='lat' dir='ltr'><strong>Nuce,</strong></span> <span class='ocrx_word' id='word_1_14' title='bbox 640 277 667 326; x_wconf 89' lang='lat' dir='ltr'><strong>de</strong></span> <span class='ocrx_word' id='word_1_15' title='bbox 687 276 820 331; x_wconf 76' lang='lat' dir='ltr'><strong>Philumena,</strong></span> <span class='ocrx_word' id='word_1_16' title='bbox 840 276 868 324; x_wconf 90' lang='lat' dir='ltr'><strong>de</strong></span> 
     </span>
     <span class='ocr_line' id='line_1_3' title="bbox 83 342 869 406; baseline -0.006 -4"><span class='ocrx_word' id='word_1_17' title='bbox 83 349 178 406; x_wconf 66' lang='lat' dir='ltr'><strong>Sca&#39;chis,</strong></span> <span class='ocrx_word' id='word_1_18' title='bbox 194 352 221 399; x_wconf 93' lang='lat' dir='ltr'><strong>de</strong></span> <span class='ocrx_word' id='word_1_19' title='bbox 236 352 320 405; x_wconf 77' lang='lat' dir='ltr'><strong>Vetula,</strong></span> <span class='ocrx_word' id='word_1_20' title='bbox 331 351 359 399; x_wconf 93' lang='lat' dir='ltr'><strong>de</strong></span> <span class='ocrx_word' id='word_1_21' title='bbox 369 342 455 405; x_wconf 75' lang='lat' dir='ltr'><strong>puellis,</strong></span> <span class='ocrx_word' id='word_1_22' title='bbox 466 351 493 398; x_wconf 92' lang='lat' dir='ltr'><strong>de</strong></span> <span class='ocrx_word' id='word_1_23' title='bbox 504 350 568 399; x_wconf 91' lang='lat' dir='ltr'><strong>Vino.</strong></span> <span class='ocrx_word' id='word_1_24' title='bbox 584 350 643 398; x_wconf 89' lang='lat' dir='ltr'><strong>Haec</strong></span> <span class='ocrx_word' id='word_1_25' title='bbox 653 351 745 399; x_wconf 87' lang='lat' dir='ltr'><strong>iuvenis.</strong></span> <span class='ocrx_word' id='word_1_26' title='bbox 761 349 869 397; x_wconf 86' lang='lat' dir='ltr'><strong>Maturior</strong></span> 
     </span>
     <span class='ocr_line' id='line_1_4' title="bbox 83 423 868 489; baseline -0.006 -12"><span class='ocrx_word' id='word_1_27' title='bbox 83 439 156 477; x_wconf 88' lang='lat' dir='ltr'><strong>autem</strong></span> <span class='ocrx_word' id='word_1_28' title='bbox 170 425 239 474; x_wconf 84' lang='lat' dir='ltr'><strong>lactus</strong></span> <span class='ocrx_word' id='word_1_29' title='bbox 251 424 334 473; x_wconf 88' lang='lat' dir='ltr'><strong>bellum</strong></span> <span class='ocrx_word' id='word_1_30' title='bbox 345 423 478 483; x_wconf 79' lang='lat' dir='ltr'><strong>Giganteum</strong></span> <span class='ocrx_word' id='word_1_31' title='bbox 489 436 511 489; x_wconf 85' lang='lat' dir='ltr'><strong>et</strong></span> <span class='ocrx_word' id='word_1_32' title='bbox 521 423 640 483; x_wconf 78' lang='lat' dir='ltr'><strong>tragoedias</strong></span> <span class='ocrx_word' id='word_1_33' title='bbox 652 423 746 473; x_wconf 87' lang='lat' dir='ltr'><strong>scribere</strong></span> <span class='ocrx_word' id='word_1_34' title='bbox 757 441 868 482; x_wconf 80' lang='lat' dir='ltr'>aggressus</span> 
     </span>
     <span class='ocr_line' id='line_1_5' title="bbox 83 496 869 559; baseline -0.006 -9"><span class='ocrx_word' id='word_1_35' title='bbox 83 513 194 559; x_wconf 85' lang='lat' dir='ltr'><strong>est-atque</strong></span> <span class='ocrx_word' id='word_1_36' title='bbox 209 498 247 547; x_wconf 93' lang='lat' dir='ltr'><strong>illo</strong></span> <span class='ocrx_word' id='word_1_37' title='bbox 261 499 284 546; x_wconf 90' lang='lat' dir='ltr'><strong>in</strong></span> <span class='ocrx_word' id='word_1_38' title='bbox 301 518 379 557; x_wconf 83' lang='lat' dir='ltr'><strong>genere</strong></span> <span class='ocrx_word' id='word_1_39' title='bbox 395 499 501 557; x_wconf 91' lang='lat' dir='ltr'><strong>potuisset</strong></span> <span class='ocrx_word' id='word_1_40' title='bbox 518 497 619 553; x_wconf 85' lang='lat' dir='ltr'><strong>multum,</strong></span> <span class='ocrx_word' id='word_1_41' title='bbox 636 498 662 552; x_wconf 90' lang='lat' dir='ltr'><strong>si,</strong></span> <span class='ocrx_word' id='word_1_42' title='bbox 679 510 704 548; x_wconf 93' lang='lat' dir='ltr'><strong>ut</strong></span> <span class='ocrx_word' id='word_1_43' title='bbox 721 496 869 555; x_wconf 81' lang='lat' dir='ltr'><strong>Quintilianus</strong></span> 
     </span>
     <span class='ocr_line' id='line_1_6' title="bbox 57 570 868 635; baseline -0.005 -12"><span class='ocrx_word' id='word_1_44' title='bbox 57 574 157 627; x_wconf 66' lang='lat' dir='ltr'><strong>5&#39;tradit,</strong></span> <span class='ocrx_word' id='word_1_45' title='bbox 172 573 259 630; x_wconf 78' lang='lat' dir='ltr'><strong>ingenio</strong></span> <span class='ocrx_word' id='word_1_46' title='bbox 275 572 342 630; x_wconf 81' lang='lat' dir='ltr'><strong>magis</strong></span> <span class='ocrx_word' id='word_1_47' title='bbox 365 571 513 629; x_wconf 89' lang='lat' dir='ltr'><strong>obtemperare</strong></span> <span class='ocrx_word' id='word_1_48' title='bbox 536 591 602 630; x_wconf 84' lang='lat' dir='ltr'><strong>quarn</strong></span> <span class='ocrx_word' id='word_1_49' title='bbox 624 570 736 629; x_wconf 83' lang='lat' dir='ltr'><strong>indulgere</strong></span> <span class='ocrx_word' id='word_1_50' title='bbox 756 570 868 635; x_wconf 76' lang='lat' dir='ltr'><strong>uoluisset.</strong></span> 
     </span>
     <span class='ocr_line' id='line_1_7' title="bbox 86 641 869 704; baseline -0.005 -10"><span class='ocrx_word' id='word_1_51' title='bbox 86 645 111 694; x_wconf 91' lang='lat' dir='ltr'><strong>ld</strong></span> <span class='ocrx_word' id='word_1_52' title='bbox 126 664 180 704; x_wconf 91' lang='lat' dir='ltr'><strong>opus</strong></span> <span class='ocrx_word' id='word_1_53' title='bbox 195 664 247 691; x_wconf 92' lang='lat' dir='ltr'><strong>cum</strong></span> <span class='ocrx_word' id='word_1_54' title='bbox 261 644 327 692; x_wconf 90' lang='lat' dir='ltr'><strong>libros</strong></span> <span class='ocrx_word' id='word_1_55' title='bbox 342 645 386 691; x_wconf 81' lang='lat' dir='ltr'><strong>ia&#39;m</strong></span> <span class='ocrx_word' id='word_1_56' title='bbox 398 645 496 703; x_wconf 88' lang='lat' dir='ltr'><strong>quinque</strong></span> <span class='ocrx_word' id='word_1_57' title='bbox 508 644 628 701; x_wconf 88' lang='lat' dir='ltr'><strong>scripsisset</strong></span> <span class='ocrx_word' id='word_1_58' title='bbox 640 643 702 701; x_wconf 81' lang='lat' dir='ltr'><strong>quasi</strong></span> <span class='ocrx_word' id='word_1_59' title='bbox 715 641 784 691; x_wconf 84' lang='lat' dir='ltr'><strong>lessus</strong></span> <span class='ocrx_word' id='word_1_60' title='bbox 797 643 869 690; x_wconf 91' lang='lat' dir='ltr'><strong>medio</strong></span> 
     </span>
     <span class='ocr_line' id='line_1_8' title="bbox 84 716 869 776; baseline -0.003 -10"><span class='ocrx_word' id='word_1_61' title='bbox 84 720 159 766; x_wconf 89' lang='lat' dir='ltr'><strong>itinere</strong></span> <span class='ocrx_word' id='word_1_62' title='bbox 174 719 255 776; x_wconf 87' lang='lat' dir='ltr'><strong>posuit.</strong></span> <span class='ocrx_word' id='word_1_63' title='bbox 276 717 398 765; x_wconf 86' lang='lat' dir='ltr'><strong>Heroidum</strong></span> <span class='ocrx_word' id='word_1_64' title='bbox 419 737 470 765; x_wconf 91' lang='lat' dir='ltr'><strong>vero</strong></span> <span class='ocrx_word' id='word_1_65' title='bbox 489 716 628 774; x_wconf 89' lang='lat' dir='ltr'><strong>epistolarum</strong></span> <span class='ocrx_word' id='word_1_66' title='bbox 648 717 703 764; x_wconf 89' lang='lat' dir='ltr'><strong>duos</strong></span> <span class='ocrx_word' id='word_1_67' title='bbox 723 716 775 764; x_wconf 77' lang='lat' dir='ltr'><strong>lecit</strong></span> <span class='ocrx_word' id='word_1_68' title='bbox 795 716 869 764; x_wconf 89' lang='lat' dir='ltr'><strong>libros.</strong></span> 
     </span>
     <span class='ocr_line' id='line_1_9' title="bbox 84 783 868 847; baseline -0.003 -9"><span class='ocrx_word' id='word_1_69' title='bbox 84 790 189 840; x_wconf 72' lang='lat' dir='ltr'><strong>Amatorii</strong></span> <span class='ocrx_word' id='word_1_70' title='bbox 197 783 283 837; x_wconf 87' lang='lat' dir='ltr'><strong>deinde</strong></span> <span class='ocrx_word' id='word_1_71' title='bbox 293 789 342 837; x_wconf 84' lang='lat' dir='ltr'><strong>libri</strong></span> <span class='ocrx_word' id='word_1_72' title='bbox 352 789 380 837; x_wconf 89' lang='lat' dir='ltr'><strong>ab</strong></span> <span class='ocrx_word' id='word_1_73' title='bbox 390 810 416 837; x_wconf 88' lang='lat' dir='ltr'><strong>eo</strong></span> <span class='ocrx_word' id='word_1_74' title='bbox 426 802 469 837; x_wconf 90' lang='lat' dir='ltr'><strong>tres</strong></span> <span class='ocrx_word' id='word_1_75' title='bbox 480 789 532 837; x_wconf 89' lang='lat' dir='ltr'><strong>editi</strong></span> <span class='ocrx_word' id='word_1_76' title='bbox 543 801 600 843; x_wconf 90' lang='lat' dir='ltr'><strong>sunt,</strong></span> <span class='ocrx_word' id='word_1_77' title='bbox 612 809 666 847; x_wconf 89' lang='lat' dir='ltr'><strong>quos</strong></span> <span class='ocrx_word' id='word_1_78' title='bbox 677 788 712 837; x_wconf 90' lang='lat' dir='ltr'><strong>alii</strong></span> <span class='ocrx_word' id='word_1_79' title='bbox 723 788 775 837; x_wconf 88' lang='lat' dir='ltr'><strong>Sine</strong></span> <span class='ocrx_word' id='word_1_80' title='bbox 786 787 868 843; x_wconf 86' lang='lat' dir='ltr'><strong>Titulo,</strong></span> 
     </span>
     <span class='ocr_line' id='line_1_10' title="bbox 84 860 869 920; baseline -0.003 -9"><span class='ocrx_word' id='word_1_81' title='bbox 84 863 119 911; x_wconf 91' lang='lat' dir='ltr'><strong>alii</strong></span> <span class='ocrx_word' id='word_1_82' title='bbox 133 863 241 910; x_wconf 75' lang='lat' dir='ltr'><strong>Amorum</strong></span> <span class='ocrx_word' id='word_1_83' title='bbox 255 861 372 920; x_wconf 89' lang='lat' dir='ltr'><strong>appellant.</strong></span> <span class='ocrx_word' id='word_1_84' title='bbox 387 861 447 913; x_wconf 91' lang='lat' dir='ltr'><strong>Pleni</strong></span> <span class='ocrx_word' id='word_1_85' title='bbox 467 862 557 920; x_wconf 90' lang='lat' dir='ltr'><strong>quidem</strong></span> <span class='ocrx_word' id='word_1_86' title='bbox 577 862 655 909; x_wconf 86' lang='lat' dir='ltr'><strong>amoris</strong></span> <span class='ocrx_word' id='word_1_87' title='bbox 677 873 735 910; x_wconf 89' lang='lat' dir='ltr'><strong>sunt.</strong></span> <span class='ocrx_word' id='word_1_88' title='bbox 755 860 869 909; x_wconf 84' lang='lat' dir='ltr'><strong>Blanditur</strong></span> 
     </span>
     <span class='ocr_line' id='line_1_11' title="bbox 46 933 868 993; baseline -0.004 -7"><span class='ocrx_word' id='word_1_89' title='bbox 46 937 71 986; x_wconf 84' lang='grc'><strong>10</strong></span> <span class='ocrx_word' id='word_1_90' title='bbox 86 935 144 984; x_wconf 88' lang='lat' dir='ltr'><strong>enim</strong></span> <span class='ocrx_word' id='word_1_91' title='bbox 158 934 255 983; x_wconf 84' lang='lat' dir='ltr'><strong>amatrici</strong></span> <span class='ocrx_word' id='word_1_92' title='bbox 274 954 325 984; x_wconf 88' lang='lat' dir='ltr'><strong>suae</strong></span> <span class='ocrx_word' id='word_1_93' title='bbox 344 933 479 993; x_wconf 89' lang='lat' dir='ltr'><strong>eandemque</strong></span> <span class='ocrx_word' id='word_1_94' title='bbox 498 933 601 983; x_wconf 84' lang='lat' dir='ltr'><strong>Corinam</strong></span> <span class='ocrx_word' id='word_1_95' title='bbox 620 934 708 983; x_wconf 89' lang='lat' dir='ltr'><strong>nomine</strong></span> <span class='ocrx_word' id='word_1_96' title='bbox 726 933 780 983; x_wconf 81' lang='lat' dir='ltr'><strong>lalso</strong></span> <span class='ocrx_word' id='word_1_97' title='bbox 799 946 868 983; x_wconf 87' lang='lat' dir='ltr'><strong>vocat.</strong></span> 
     </span>
     <span class='ocr_line' id='line_1_12' title="bbox 52 1006 868 1074; baseline -0.001 -19"><span class='ocrx_word' id='word_1_98' title='bbox 52 1047 54 1049; x_wconf 92' lang='lat'><strong>.</strong></span> <span class='ocrx_word' id='word_1_99' title='bbox 84 1008 134 1056; x_wconf 84' lang='lat' dir='ltr'>Erat</span> <span class='ocrx_word' id='word_1_100' title='bbox 149 1007 230 1056; x_wconf 76' lang='lat' dir='ltr'><strong>femina</strong></span> <span class='ocrx_word' id='word_1_101' title='bbox 244 1009 284 1055; x_wconf 85' lang='lat' dir='ltr'><strong>ista</strong></span> <span class='ocrx_word' id='word_1_102' title='bbox 301 1008 377 1056; x_wconf 89' lang='lat' dir='ltr'><strong>litteris</strong></span> <span class='ocrx_word' id='word_1_103' title='bbox 395 1027 460 1066; x_wconf 88' lang='lat' dir='ltr'><strong>supra</strong></span> <span class='ocrx_word' id='word_1_104' title='bbox 477 1006 568 1055; x_wconf 79' lang='lat' dir='ltr'><strong>feminas</strong></span> <span class='ocrx_word' id='word_1_105' title='bbox 586 1007 669 1055; x_wconf 89' lang='lat' dir='ltr'><strong>erudita</strong></span> <span class='ocrx_word' id='word_1_106' title='bbox 686 1007 790 1074; x_wconf 20' lang='lat' dir='ltr'><strong>adeoque·</strong></span> <span class='ocrx_word' id='word_1_107' title='bbox 801 1008 868 1065; x_wconf 88' lang='lat' dir='ltr'><strong>perita</strong></span> 
     </span>
     <span class='ocr_line' id='line_1_13' title="bbox 85 1075 869 1139; baseline -0.003 -10"><span class='ocrx_word' id='word_1_108' title='bbox 85 1081 149 1130; x_wconf 86' lang='lat' dir='ltr'><strong>etiam</strong></span> <span class='ocrx_word' id='word_1_109' title='bbox 163 1081 186 1130; x_wconf 93' lang='lat' dir='ltr'><strong>in</strong></span> <span class='ocrx_word' id='word_1_110' title='bbox 201 1080 300 1130; x_wconf 80' lang='lat' dir='ltr'><strong>iaciendo</strong></span> <span class='ocrx_word' id='word_1_111' title='bbox 316 1093 384 1130; x_wconf 90' lang='lat' dir='ltr'><strong>metro</strong></span> <span class='ocrx_word' id='word_1_112' title='bbox 398 1081 458 1139; x_wconf 93' lang='lat' dir='ltr'><strong>quod</strong></span> <span class='ocrx_word' id='word_1_113' title='bbox 471 1098 565 1136; x_wconf 89' lang='lat' dir='ltr'><strong>versum,</strong></span> <span class='ocrx_word' id='word_1_114' title='bbox 579 1093 604 1129; x_wconf 90' lang='lat' dir='ltr'><strong>ut</strong></span> <span class='ocrx_word' id='word_1_115' title='bbox 615 1075 688 1129; x_wconf 75' lang='lat' dir='ltr'><strong>&#39;relertl</strong></span> <span class='ocrx_word' id='word_1_116' title='bbox 696 1079 807 1135; x_wconf 81' lang='lat' dir='ltr'><strong>Sidonius,</strong></span> <span class='ocrx_word' id='word_1_117' title='bbox 821 1080 869 1138; x_wconf 91' lang='lat' dir='ltr'><strong>ipso</strong></span> 
     </span>
     <span class='ocr_line' id='line_1_14' title="bbox 84 1152 869 1217; baseline -0.001 -15"><span class='ocrx_word' id='word_1_118' title='bbox 84 1175 135 1202; x_wconf 90' lang='lat' dir='ltr'><strong>curn</strong></span> <span class='ocrx_word' id='word_1_119' title='bbox 149 1154 238 1202; x_wconf 81' lang='lat' dir='ltr'><strong>Nasone</strong></span> <span class='ocrx_word' id='word_1_120' title='bbox 252 1154 368 1213; x_wconf 86' lang='lat' dir='ltr'><strong>aliquando</strong></span> <span class='ocrx_word' id='word_1_121' title='bbox 389 1154 514 1212; x_wconf 86' lang='lat' dir='ltr'><strong>compleret.</strong></span> <span class='ocrx_word' id='word_1_122' title='bbox 529 1153 585 1201; x_wconf 89' lang='lat' dir='ltr'><strong>Tres</strong></span> <span class='ocrx_word' id='word_1_123' title='bbox 606 1154 658 1201; x_wconf 88' lang='lat' dir='ltr'><strong>item</strong></span> <span class='ocrx_word' id='word_1_124' title='bbox 680 1152 745 1217; x_wconf 85' lang='lat' dir='ltr'><strong>libros</strong></span> <span class='ocrx_word' id='word_1_125' title='bbox 767 1152 795 1201; x_wconf 88' lang='lat' dir='ltr'><strong>de</strong></span> <span class='ocrx_word' id='word_1_126' title='bbox 815 1152 869 1201; x_wconf 79' lang='lat' dir='ltr'><strong>Arte</strong></span> 
     </span>
     <span class='ocr_line' id='line_1_15' title="bbox 83 1219 867 1286; baseline -0.001 -11"><span class='ocrx_word' id='word_1_127' title='bbox 83 1223 177 1275; x_wconf 69' lang='lat' dir='ltr'><strong>rimandi</strong></span> <span class='ocrx_word' id='word_1_128' title='bbox 192 1228 284 1286; x_wconf 89' lang='lat' dir='ltr'><strong>scripsit.</strong></span> <span class='ocrx_word' id='word_1_129' title='bbox 301 1228 343 1275; x_wconf 90' lang='lat' dir='ltr'><strong>Res</strong></span> <span class='ocrx_word' id='word_1_130' title='bbox 355 1228 445 1285; x_wconf 90' lang='lat' dir='ltr'><strong>quidem</strong></span> <span class='ocrx_word' id='word_1_131' title='bbox 456 1219 534 1276; x_wconf 83' lang='lat' dir='ltr'><strong>lasciva</strong></span> <span class='ocrx_word' id='word_1_132' title='bbox 546 1248 586 1275; x_wconf 92' lang='lat' dir='ltr'><strong>nec</strong></span> <span class='ocrx_word' id='word_1_133' title='bbox 598 1227 639 1285; x_wconf 83' lang='lat' dir='ltr'><strong>legi</strong></span> <span class='ocrx_word' id='word_1_134' title='bbox 650 1227 678 1275; x_wconf 90' lang='lat' dir='ltr'><strong>ab</strong></span> <span class='ocrx_word' id='word_1_135' title='bbox 690 1226 734 1274; x_wconf 92' lang='lat' dir='ltr'><strong>ullo</strong></span> <span class='ocrx_word' id='word_1_136' title='bbox 746 1227 810 1284; x_wconf 82' lang='lat' dir='ltr'><strong>digna</strong></span> <span class='ocrx_word' id='word_1_137' title='bbox 822 1228 867 1284; x_wconf 91' lang='lat' dir='ltr'><strong>qui,</strong></span> 
     </span>
    </p>

    <p class='ocr_par' dir='ltr' id='par_1_3' title="bbox 43 1299 877 1873">
     <span class='ocr_line' id='line_1_16' title="bbox 47 1299 869 1358; baseline -0.002 -10"><span class='ocrx_word' id='word_1_138' title='bbox 47 1303 70 1349; x_wconf 88' lang='grc'><strong>15</strong></span> <span class='ocrx_word' id='word_1_139' title='bbox 86 1302 117 1348; x_wconf 92' lang='lat' dir='ltr'><strong>uti</strong></span> <span class='ocrx_word' id='word_1_140' title='bbox 132 1314 256 1348; x_wconf 84' lang='lat' dir='ltr'><strong>commonet</strong></span> <span class='ocrx_word' id='word_1_141' title='bbox 271 1301 324 1358; x_wconf 91' lang='lat' dir='ltr'><strong>ipse,</strong></span> <span class='ocrx_word' id='word_1_142' title='bbox 340 1300 411 1358; x_wconf 80' lang='lat' dir='ltr'><strong>gravia</strong></span> <span class='ocrx_word' id='word_1_143' title='bbox 430 1314 451 1348; x_wconf 90' lang='lat' dir='ltr'><strong>et</strong></span> <span class='ocrx_word' id='word_1_144' title='bbox 470 1301 549 1358; x_wconf 89' lang='lat' dir='ltr'><strong>pudica</strong></span> <span class='ocrx_word' id='word_1_145' title='bbox 567 1300 626 1348; x_wconf 87' lang='lat' dir='ltr'><strong>velit.</strong></span> <span class='ocrx_word' id='word_1_146' title='bbox 647 1300 723 1347; x_wconf 88' lang='lat' dir='ltr'><strong>Libros</strong></span> <span class='ocrx_word' id='word_1_147' title='bbox 744 1299 822 1347; x_wconf 88' lang='lat' dir='ltr'><strong>deinde</strong></span> <span class='ocrx_word' id='word_1_148' title='bbox 841 1300 869 1347; x_wconf 88' lang='lat' dir='ltr'><strong>de</strong></span> 
     </span>
     <span class='ocr_line' id='line_1_17' title="bbox 84 1371 868 1427; baseline 0 -7"><span class='ocrx_word' id='word_1_149' title='bbox 84 1372 188 1421; x_wconf 91' lang='lat' dir='ltr'><strong>Remedio</strong></span> <span class='ocrx_word' id='word_1_150' title='bbox 202 1373 289 1421; x_wconf 70' lang='lat' dir='ltr'><strong>Amoris</strong></span> <span class='ocrx_word' id='word_1_151' title='bbox 304 1372 366 1427; x_wconf 92' lang='lat' dir='ltr'><strong>duos,</strong></span> <span class='ocrx_word' id='word_1_152' title='bbox 382 1372 409 1421; x_wconf 90' lang='lat' dir='ltr'><strong>de</strong></span> <span class='ocrx_word' id='word_1_153' title='bbox 428 1372 496 1421; x_wconf 88' lang='lat' dir='ltr'><strong>Fastis</strong></span> <span class='ocrx_word' id='word_1_154' title='bbox 514 1372 559 1421; x_wconf 89' lang='lat' dir='ltr'><strong>Xll</strong></span> <span class='ocrx_word' id='word_1_155' title='bbox 579 1372 654 1420; x_wconf 84' lang='lat' dir='ltr'><strong>edidit.</strong></span> <span class='ocrx_word' id='word_1_156' title='bbox 669 1371 780 1420; x_wconf 89' lang='lat' dir='ltr'><strong>Postremo</strong></span> <span class='ocrx_word' id='word_1_157' title='bbox 796 1371 868 1420; x_wconf 86' lang='lat' dir='ltr'><strong>Meta·</strong></span> 
     </span>
     <span class='ocr_line' id='line_1_18' title="bbox 85 1445 868 1505; baseline -0.003 -11"><span class='ocrx_word' id='word_1_158' title='bbox 85 1446 225 1505; x_wconf 89' lang='lat' dir='ltr'><strong>morphoseos</strong></span> <span class='ocrx_word' id='word_1_159' title='bbox 240 1466 295 1505; x_wconf 91' lang='lat' dir='ltr'><strong>opus</strong></span> <span class='ocrx_word' id='word_1_160' title='bbox 310 1445 368 1494; x_wconf 83' lang='lat' dir='ltr'><strong>lecit.</strong></span> <span class='ocrx_word' id='word_1_161' title='bbox 384 1446 444 1494; x_wconf 88' lang='lat' dir='ltr'><strong>Libri</strong></span> <span class='ocrx_word' id='word_1_162' title='bbox 460 1458 511 1494; x_wconf 91' lang='lat' dir='ltr'><strong>sunt</strong></span> <span class='ocrx_word' id='word_1_163' title='bbox 527 1446 561 1494; x_wconf 94' lang='lat' dir='ltr'><strong>isti</strong></span> <span class='ocrx_word' id='word_1_164' title='bbox 578 1446 675 1504; x_wconf 90' lang='lat' dir='ltr'><strong>quinque</strong></span> <span class='ocrx_word' id='word_1_165' title='bbox 690 1465 715 1493; x_wconf 88' lang='lat' dir='ltr'><strong>ac</strong></span> <span class='ocrx_word' id='word_1_166' title='bbox 731 1446 813 1500; x_wconf 86' lang='lat' dir='ltr'><strong>decem,</strong></span> <span class='ocrx_word' id='word_1_167' title='bbox 830 1445 868 1504; x_wconf 94' lang='lat' dir='ltr'><strong>qui</strong></span> 
     </span>
     <span class='ocr_line' id='line_1_19' title="bbox 84 1518 869 1577; baseline -0.001 -11"><span class='ocrx_word' id='word_1_168' title='bbox 84 1532 176 1567; x_wconf 84' lang='lat' dir='ltr'><strong>mutatas</strong></span> <span class='ocrx_word' id='word_1_169' title='bbox 191 1520 303 1566; x_wconf 89' lang='lat' dir='ltr'><strong>continent</strong></span> <span class='ocrx_word' id='word_1_170' title='bbox 317 1518 397 1566; x_wconf 73' lang='lat' dir='ltr'><strong>formas</strong></span> <span class='ocrx_word' id='word_1_171' title='bbox 419 1540 474 1577; x_wconf 89' lang='lat' dir='ltr'><strong>quae</strong></span> <span class='ocrx_word' id='word_1_172' title='bbox 495 1532 532 1567; x_wconf 92' lang='lat' dir='ltr'><strong>aut</strong></span> <span class='ocrx_word' id='word_1_173' title='bbox 552 1519 661 1566; x_wconf 90' lang='lat' dir='ltr'><strong>veteribus</strong></span> <span class='ocrx_word' id='word_1_174' title='bbox 682 1540 695 1566; x_wconf 90' lang='lat' dir='ltr'><strong>a</strong></span> <span class='ocrx_word' id='word_1_175' title='bbox 715 1518 785 1575; x_wconf 88' lang='lat' dir='ltr'><strong>poetis</strong></span> <span class='ocrx_word' id='word_1_176' title='bbox 806 1518 869 1566; x_wconf 87' lang='lat' dir='ltr'><strong>fictae</strong></span> 
     </span>
     <span class='ocr_line' id='line_1_20' title="bbox 83 1590 868 1654; baseline 0.001 -17"><span class='ocrx_word' id='word_1_177' title='bbox 83 1603 120 1638; x_wconf 87' lang='lat' dir='ltr'><strong>aut</strong></span> <span class='ocrx_word' id='word_1_178' title='bbox 134 1591 162 1638; x_wconf 88' lang='lat' dir='ltr'><strong>ab</strong></span> <span class='ocrx_word' id='word_1_179' title='bbox 177 1612 203 1639; x_wconf 91' lang='lat' dir='ltr'><strong>eo</strong></span> <span class='ocrx_word' id='word_1_180' title='bbox 217 1592 265 1648; x_wconf 92' lang='lat' dir='ltr'><strong>ipso</strong></span> <span class='ocrx_word' id='word_1_181' title='bbox 280 1590 370 1639; x_wconf 57' lang='lat' dir='ltr'><strong>Nasone*</strong></span> <span class='ocrx_word' id='word_1_182' title='bbox 383 1591 482 1640; x_wconf 86' lang='lat' dir='ltr'><strong>inventae</strong></span> <span class='ocrx_word' id='word_1_183' title='bbox 494 1592 548 1639; x_wconf 87' lang='lat' dir='ltr'><strong>sint.</strong></span> <span class='ocrx_word' id='word_1_184' title='bbox 566 1591 614 1640; x_wconf 87' lang='lat' dir='ltr'><strong>lllas</strong></span> <span class='ocrx_word' id='word_1_185' title='bbox 630 1592 688 1654; x_wconf 88' lang='lat' dir='ltr'><strong>enim</strong></span> <span class='ocrx_word' id='word_1_186' title='bbox 703 1591 793 1646; x_wconf 84' lang='lat' dir='ltr'><strong>artificio</strong></span> <span class='ocrx_word' id='word_1_187' title='bbox 807 1603 868 1638; x_wconf 86' lang='lat' dir='ltr'><strong>tanto</strong></span> 
     </span>
     <span class='ocr_line' id='line_1_21' title="bbox 43 1663 868 1722; baseline 0.002 -12"><span class='ocrx_word' id='word_1_188' title='bbox 43 1664 71 1711; x_wconf 82' lang='lat'><strong>20</strong></span> <span class='ocrx_word' id='word_1_189' title='bbox 86 1664 199 1722; x_wconf 87' lang='lat' dir='ltr'><strong>disposuit,</strong></span> <span class='ocrx_word' id='word_1_190' title='bbox 215 1666 327 1719; x_wconf 87' lang='lat' dir='ltr'><strong>enarravit,</strong></span> <span class='ocrx_word' id='word_1_191' title='bbox 340 1665 450 1713; x_wconf 86' lang='lat' dir='ltr'><strong>contexuit</strong></span> <span class='ocrx_word' id='word_1_192' title='bbox 463 1678 487 1713; x_wconf 93' lang='lat' dir='ltr'><strong>ut</strong></span> <span class='ocrx_word' id='word_1_193' title='bbox 499 1663 608 1722; x_wconf 77' lang='lat' dir='ltr'><strong>protectae</strong></span> <span class='ocrx_word' id='word_1_194' title='bbox 620 1685 664 1712; x_wconf 90' lang='lat' dir='ltr'><strong>uno</strong></span> <span class='ocrx_word' id='word_1_195' title='bbox 677 1664 704 1713; x_wconf 91' lang='lat' dir='ltr'><strong>ab</strong></span> <span class='ocrx_word' id='word_1_196' title='bbox 716 1676 810 1720; x_wconf 85' lang='lat' dir='ltr'><strong>auctore,</strong></span> <span class='ocrx_word' id='word_1_197' title='bbox 824 1685 868 1713; x_wconf 89' lang='lat' dir='ltr'><strong>non</strong></span> 
     </span>
     <span class='ocr_line' id='line_1_22' title="bbox 83 1727 877 1793; baseline 0.003 -11"><span class='ocrx_word' id='word_1_198' title='bbox 83 1756 95 1782; x_wconf 91' lang='lat' dir='ltr'><strong>a</strong></span> <span class='ocrx_word' id='word_1_199' title='bbox 110 1736 215 1793; x_wconf 88' lang='lat' dir='ltr'><strong>pluribus,</strong></span> <span class='ocrx_word' id='word_1_200' title='bbox 231 1737 359 1786; x_wconf 71' lang='lat' dir='ltr'><strong>videantur·</strong></span> <span class='ocrx_word' id='word_1_201' title='bbox 876 1727 877 1733; x_wconf 25' lang='lat'>¹</span> 
     </span>
     <span class='ocr_line' id='line_1_23' title="bbox 126 1808 868 1873; baseline 0.001 -17"><span class='ocrx_word' id='word_1_202' title='bbox 126 1808 187 1863; x_wconf 88' lang='lat' dir='ltr'><strong>Dum</strong></span> <span class='ocrx_word' id='word_1_203' title='bbox 201 1828 252 1857; x_wconf 91' lang='lat' dir='ltr'><strong>vero</strong></span> <span class='ocrx_word' id='word_1_204' title='bbox 267 1809 402 1867; x_wconf 90' lang='lat' dir='ltr'><strong>quietissimo</strong></span> <span class='ocrx_word' id='word_1_205' title='bbox 417 1809 457 1857; x_wconf 88' lang='lat' dir='ltr'><strong>hoc</strong></span> <span class='ocrx_word' id='word_1_206' title='bbox 473 1809 529 1857; x_wconf 85' lang='lat' dir='ltr'><strong>vitae</strong></span> <span class='ocrx_word' id='word_1_207' title='bbox 544 1821 639 1873; x_wconf 84' lang='lat' dir='ltr'><strong>statuae</strong></span> <span class='ocrx_word' id='word_1_208' title='bbox 652 1809 746 1856; x_wconf 91' lang='lat' dir='ltr'><strong>iocundo</strong></span> <span class='ocrx_word' id='word_1_209' title='bbox 759 1809 868 1857; x_wconf 85' lang='lat' dir='ltr'><strong>scribendi</strong></span> 
     </span>
    </p>

    <p class='ocr_par' dir='ltr' id='par_1_4' title="bbox 43 1879 868 2378">
     <span class='ocr_line' id='line_1_24' title="bbox 83 1879 868 1946; baseline 0.003 -19"><span class='ocrx_word' id='word_1_210' title='bbox 83 1881 130 1928; x_wconf 84' lang='lat' dir='ltr'><strong>ocio</strong></span> <span class='ocrx_word' id='word_1_211' title='bbox 145 1879 253 1930; x_wconf 75' lang='lat' dir='ltr'><strong>frueretur</strong></span> <span class='ocrx_word' id='word_1_212' title='bbox 271 1895 388 1940; x_wconf 81' lang='lat' dir='ltr'><strong>gratusque</strong></span> <span class='ocrx_word' id='word_1_213' title='bbox 406 1882 488 1930; x_wconf 88' lang='lat' dir='ltr'><strong>civitati</strong></span> <span class='ocrx_word' id='word_1_214' title='bbox 507 1903 531 1929; x_wconf 87' lang='lat' dir='ltr'><strong>ac</strong></span> <span class='ocrx_word' id='word_1_215' title='bbox 550 1881 643 1946; x_wconf 87' lang='lat' dir='ltr'><strong>principi</strong></span> <span class='ocrx_word' id='word_1_216' title='bbox 662 1881 777 1935; x_wconf 87' lang='lat' dir='ltr'><strong>videretur,</strong></span> <span class='ocrx_word' id='word_1_217' title='bbox 797 1883 868 1930; x_wconf 92' lang='lat' dir='ltr'><strong>evenit</strong></span> 
     </span>
     <span class='ocr_line' id='line_1_25' title="bbox 83 1953 867 2018; baseline 0.003 -18"><span class='ocrx_word' id='word_1_218' title='bbox 83 1953 139 2001; x_wconf 77' lang='lat' dir='ltr'><strong>torte</strong></span> <span class='ocrx_word' id='word_1_219' title='bbox 153 1966 177 2001; x_wconf 93' lang='lat' dir='ltr'><strong>ut</strong></span> <span class='ocrx_word' id='word_1_220' title='bbox 192 1956 279 2011; x_wconf 83' lang='lat' dir='ltr'><strong>regiam,</strong></span> <span class='ocrx_word' id='word_1_221' title='bbox 294 1968 401 2013; x_wconf 88' lang='lat' dir='ltr'><strong>quantum</strong></span> <span class='ocrx_word' id='word_1_222' title='bbox 414 1955 513 2010; x_wconf 80' lang='lat' dir='ltr'><strong>arbitror,</strong></span> <span class='ocrx_word' id='word_1_223' title='bbox 528 1954 653 2002; x_wconf 75' lang='lat' dir='ltr'><strong>familiarius</strong></span> <span class='ocrx_word' id='word_1_224' title='bbox 668 1974 734 2018; x_wconf 87' lang='lat' dir='ltr'><strong>quam</strong></span> <span class='ocrx_word' id='word_1_225' title='bbox 748 1954 821 2002; x_wconf 87' lang='lat' dir='ltr'><strong>liceret</strong></span> <span class='ocrx_word' id='word_1_226' title='bbox 834 1955 867 2002; x_wconf 41' lang='lat' dir='ltr'><strong>ina</strong></span> 
     </span>
     <span class='ocr_line' id='line_1_26' title="bbox 43 2026 868 2085; baseline 0.002 -12"><span class='ocrx_word' id='word_1_227' title='bbox 43 2027 70 2073; x_wconf 82' lang='lat'><strong>25</strong></span> <span class='ocrx_word' id='word_1_228' title='bbox 86 2046 170 2083; x_wconf 81' lang='lat' dir='ltr'><strong>gressus</strong></span> <span class='ocrx_word' id='word_1_229' title='bbox 185 2026 244 2075; x_wconf 85' lang='lat' dir='ltr'><strong>Naso</strong></span> <span class='ocrx_word' id='word_1_230' title='bbox 259 2028 374 2075; x_wconf 77' lang='lat' dir='ltr'><strong>offenderit</strong></span> <span class='ocrx_word' id='word_1_231' title='bbox 388 2029 516 2085; x_wconf 88' lang='lat' dir='ltr'><strong>principem,</strong></span> <span class='ocrx_word' id='word_1_232' title='bbox 532 2049 583 2075; x_wconf 86' lang='lat' dir='ltr'><strong>curn</strong></span> <span class='ocrx_word' id='word_1_233' title='bbox 597 2048 625 2083; x_wconf 43' lang='lat' dir='ltr'><strong>ea,</strong></span> <span class='ocrx_word' id='word_1_234' title='bbox 637 2041 736 2075; x_wconf 88' lang='lat' dir='ltr'><strong>tractaret</strong></span> <span class='ocrx_word' id='word_1_235' title='bbox 756 2038 811 2085; x_wconf 76' lang='lat' dir='ltr'><strong>quae</strong></span> <span class='ocrx_word' id='word_1_236' title='bbox 831 2048 868 2076; x_wconf 80' lang='lat' dir='ltr'><strong>oc·</strong></span> 
     </span>
     <span class='ocr_line' id='line_1_27' title="bbox 83 2098 867 2164; baseline 0.004 -17"><span class='ocrx_word' id='word_1_237' title='bbox 83 2098 140 2148; x_wconf 87' lang='lat' dir='ltr'><strong>culta</strong></span> <span class='ocrx_word' id='word_1_238' title='bbox 151 2100 253 2150; x_wconf 89' lang='lat' dir='ltr'><strong>omnibus</strong></span> <span class='ocrx_word' id='word_1_239' title='bbox 268 2120 314 2149; x_wconf 87' lang='lat' dir='ltr'><strong>esse</strong></span> <span class='ocrx_word' id='word_1_240' title='bbox 329 2121 369 2150; x_wconf 87' lang='lat' dir='ltr'><strong>nec</strong></span> <span class='ocrx_word' id='word_1_241' title='bbox 384 2101 451 2149; x_wconf 86' lang='lat' dir='ltr'><strong>videri</strong></span> <span class='ocrx_word' id='word_1_242' title='bbox 462 2101 490 2149; x_wconf 84' lang='lat' dir='ltr'><strong>ab</strong></span> <span class='ocrx_word' id='word_1_243' title='bbox 502 2101 546 2150; x_wconf 92' lang='lat' dir='ltr'><strong>ullo</strong></span> <span class='ocrx_word' id='word_1_244' title='bbox 557 2100 672 2150; x_wconf 88' lang='lat' dir='ltr'><strong>hominurn</strong></span> <span class='ocrx_word' id='word_1_245' title='bbox 683 2100 796 2164; x_wconf 70' lang='lat' dir='ltr'><strong>voluisset.⁴</strong></span> <span class='ocrx_word' id='word_1_246' title='bbox 808 2099 867 2157; x_wconf 85' lang='lat' dir='ltr'><strong>Quid</strong></span> 
     </span>
     <span class='ocr_line' id='line_1_28' title="bbox 83 2171 867 2237; baseline 0.001 -15"><span class='ocrx_word' id='word_1_247' title='bbox 83 2171 156 2222; x_wconf 88' lang='lat' dir='ltr'><strong>autern</strong></span> <span class='ocrx_word' id='word_1_248' title='bbox 170 2186 222 2223; x_wconf 88' lang='lat' dir='ltr'><strong>tunc</strong></span> <span class='ocrx_word' id='word_1_249' title='bbox 237 2187 308 2233; x_wconf 82' lang='lat' dir='ltr'><strong>ageret</strong></span> <span class='ocrx_word' id='word_1_250' title='bbox 323 2177 423 2234; x_wconf 91' lang='lat' dir='ltr'><strong>princeps</strong></span> <span class='ocrx_word' id='word_1_251' title='bbox 438 2176 511 2223; x_wconf 92' lang='lat' dir='ltr'><strong>inveni</strong></span> <span class='ocrx_word' id='word_1_252' title='bbox 533 2194 649 2234; x_wconf 83' lang='lat' dir='ltr'><strong>nusquam,</strong></span> <span class='ocrx_word' id='word_1_253' title='bbox 671 2175 709 2223; x_wconf 88' lang='lat' dir='ltr'><strong>sed</strong></span> <span class='ocrx_word' id='word_1_254' title='bbox 731 2174 867 2237; x_wconf 78' lang='lat' dir='ltr'><strong>facilemihi</strong></span> 
     </span>
     <span class='ocr_line' id='line_1_29' title="bbox 84 2246 867 2306; baseline 0.008 -14"><span class='ocrx_word' id='word_1_255' title='bbox 84 2248 168 2295; x_wconf 88' lang='lat' dir='ltr'><strong>animus</strong></span> <span class='ocrx_word' id='word_1_256' title='bbox 184 2248 299 2305; x_wconf 84' lang='lat' dir='ltr'><strong>persuadet</strong></span> <span class='ocrx_word' id='word_1_257' title='bbox 312 2261 361 2295; x_wconf 90' lang='lat' dir='ltr'><strong>tum</strong></span> <span class='ocrx_word' id='word_1_258' title='bbox 375 2268 387 2295; x_wconf 88' lang='lat' dir='ltr'><strong>a</strong></span> <span class='ocrx_word' id='word_1_259' title='bbox 401 2246 489 2296; x_wconf 88' lang='lat' dir='ltr'><strong>Nasone</strong></span> <span class='ocrx_word' id='word_1_260' title='bbox 504 2248 613 2296; x_wconf 80' lang='lat' dir='ltr'><strong>offensum</strong></span> <span class='ocrx_word' id='word_1_261' title='bbox 627 2249 751 2306; x_wconf 78' lang='lat' dir='ltr'><strong>Augustum</strong></span> <span class='ocrx_word' id='word_1_262' title='bbox 765 2270 816 2298; x_wconf 88' lang='lat' dir='ltr'><strong>cum</strong></span> <span class='ocrx_word' id='word_1_263' title='bbox 830 2263 867 2298; x_wconf 90' lang='lat' dir='ltr'><strong>aut</strong></span> 
     </span>
     <span class='ocr_line' id='line_1_30' title="bbox 83 2318 867 2378; baseline 0.004 -13"><span class='ocrx_word' id='word_1_264' title='bbox 83 2319 178 2365; x_wconf 88' lang='lat' dir='ltr'><strong>venereis</strong></span> <span class='ocrx_word' id='word_1_265' title='bbox 194 2318 292 2367; x_wconf 86' lang='lat' dir='ltr'><strong>lascivius</strong></span> <span class='ocrx_word' id='word_1_266' title='bbox 308 2332 404 2367; x_wconf 89' lang='lat' dir='ltr'><strong>uteretur</strong></span> <span class='ocrx_word' id='word_1_267' title='bbox 418 2332 456 2368; x_wconf 89' lang='lat' dir='ltr'><strong>aut</strong></span> <span class='ocrx_word' id='word_1_268' title='bbox 471 2339 536 2377; x_wconf 86' lang='lat' dir='ltr'><strong>supra</strong></span> <span class='ocrx_word' id='word_1_269' title='bbox 551 2320 671 2375; x_wconf 87' lang='lat' dir='ltr'><strong>humanum</strong></span> <span class='ocrx_word' id='word_1_270' title='bbox 687 2319 796 2378; x_wconf 79' lang='lat' dir='ltr'><strong>fastigium</strong></span> <span class='ocrx_word' id='word_1_271' title='bbox 811 2321 867 2369; x_wconf 87' lang='lat' dir='ltr'><strong>inter</strong></span> 
     </span>
    </p>
   </div>
   <div class='ocr_carea' id='block_1_3' title="bbox 43 2388 868 2597">
    <p class='ocr_par' dir='ltr' id='par_1_5' title="bbox 43 2388 868 2597">
     <span class='ocr_line' id='line_1_31' title="bbox 43 2388 868 2452; baseline 0.006 -15"><span class='ocrx_word' id='word_1_272' title='bbox 43 2388 71 2437; x_wconf 81' lang='lat'><strong>30</strong></span> <span class='ocrx_word' id='word_1_273' title='bbox 85 2388 165 2440; x_wconf 88' lang='lat' dir='ltr'><strong>ainicos</strong></span> <span class='ocrx_word' id='word_1_274' title='bbox 180 2405 260 2440; x_wconf 85' lang='lat' dir='ltr'><strong>secrete</strong></span> <span class='ocrx_word' id='word_1_275' title='bbox 275 2391 366 2441; x_wconf 90' lang='lat' dir='ltr'><strong>deorum</strong></span> <span class='ocrx_word' id='word_1_276' title='bbox 385 2392 526 2452; x_wconf 89' lang='lat' dir='ltr'><strong>dearumque</strong></span> <span class='ocrx_word' id='word_1_277' title='bbox 536 2393 611 2442; x_wconf 84' lang='lat' dir='ltr'><strong>habitu</strong></span> <span class='ocrx_word' id='word_1_278' title='bbox 630 2394 752 2442; x_wconf 87' lang='lat' dir='ltr'><strong>caenitaret.</strong></span> <span class='ocrx_word' id='word_1_279' title='bbox 766 2393 868 2442; x_wconf 88' lang='lat' dir='ltr'><strong>Delecta-</strong></span> 
     </span>
     <span class='ocr_line' id='line_1_32' title="bbox 83 2464 866 2528; baseline 0.005 -18"><span class='ocrx_word' id='word_1_280' title='bbox 83 2476 131 2511; x_wconf 90' lang='lat' dir='ltr'><strong>tum</strong></span> <span class='ocrx_word' id='word_1_281' title='bbox 140 2464 269 2523; x_wconf 71' lang='lat' dir='ltr'><strong>Augustum</strong></span> <span class='ocrx_word' id='word_1_282' title='bbox 284 2484 307 2513; x_wconf 91' lang='lat' dir='ltr'><strong>re</strong></span> <span class='ocrx_word' id='word_1_283' title='bbox 324 2478 415 2524; x_wconf 84' lang='lat' dir='ltr'><strong>utraque</strong></span> <span class='ocrx_word' id='word_1_284' title='bbox 432 2466 506 2514; x_wconf 87' lang='lat' dir='ltr'><strong>scribit</strong></span> <span class='ocrx_word' id='word_1_285' title='bbox 523 2466 672 2528; x_wconf 72' lang='lat' dir='ltr'><strong>Tranquillus.</strong></span> <span class='ocrx_word' id='word_1_286' title='bbox 687 2466 799 2524; x_wconf 88' lang='lat' dir='ltr'><strong>Quicquid</strong></span> <span class='ocrx_word' id='word_1_287' title='bbox 815 2486 866 2515; x_wconf 87' lang='lat' dir='ltr'><strong>vero</strong></span> 
     </span>
     <span class='ocr_line' id='line_1_33' title="bbox 83 2533 868 2597; baseline 0.006 -15"><span class='ocrx_word' id='word_1_288' title='bbox 83 2534 155 2591; x_wconf 84' lang='lat' dir='ltr'><strong>luerit,</strong></span> <span class='ocrx_word' id='word_1_289' title='bbox 171 2537 194 2584; x_wconf 89' lang='lat' dir='ltr'><strong>id</strong></span> <span class='ocrx_word' id='word_1_290' title='bbox 208 2557 255 2584; x_wconf 89' lang='lat' dir='ltr'><strong>esse</strong></span> <span class='ocrx_word' id='word_1_291' title='bbox 269 2538 369 2588; x_wconf 81' lang='lat' dir='ltr'><strong>visuma</strong></span> <span class='ocrx_word' id='word_1_292' title='bbox 387 2533 474 2586; x_wconf 86' lang='lat' dir='ltr'><strong>Nasone</strong></span> <span class='ocrx_word' id='word_1_293' title='bbox 492 2538 602 2597; x_wconf 87' lang='lat' dir='ltr'><strong>displicuit</strong></span> <span class='ocrx_word' id='word_1_294' title='bbox 619 2539 710 2597; x_wconf 88' lang='lat' dir='ltr'><strong>principi</strong></span> <span class='ocrx_word' id='word_1_295' title='bbox 729 2538 868 2588; x_wconf 86' lang='lat' dir='ltr'><strong>vehementer</strong></span> 
     </span>
    </p>
   </div>
   <div class='ocr_carea' id='block_1_4' title="bbox 45 2650 187 2661">
    <p class='ocr_par' dir='ltr' id='par_1_6' title="bbox 45 2650 187 2661">
     <span class='ocr_line' id='line_1_34' title="bbox 45 2650 187 2661; baseline 0.021 -4"><span class='ocrx_word' id='word_1_296' title='bbox 45 2650 187 2661; x_wconf 64' lang='lat'><strong>-—-—-.-..</strong></span> 
     </span>
    </p>
   </div>
   <div class='ocr_carea' id='block_1_5' title="bbox 78 2712 868 2762">
    <p class='ocr_par' dir='ltr' id='par_1_7' title="bbox 78 2712 868 2762">
     <span class='ocr_line' id='line_1_35' title="bbox 78 2712 868 2762; baseline 0.006 -12"><span class='ocrx_word' id='word_1_297' title='bbox 78 2712 163 2758; x_wconf 67' lang='lat' dir='ltr'><strong>4Quint.</strong></span> <span class='ocrx_word' id='word_1_298' title='bbox 176 2715 215 2753; x_wconf 75' lang='lat' dir='ltr'><strong>inu.</strong></span> <span class='ocrx_word' id='word_1_299' title='bbox 228 2715 250 2754; x_wconf 90' lang='lat' dir='ltr'><strong>X.</strong></span> <span class='ocrx_word' id='word_1_300' title='bbox 265 2714 335 2752; x_wconf 55' lang='lat' dir='ltr'><strong>tiss</strong></span> <span class='ocrx_word' id='word_1_301' title='bbox 373 2715 398 2752; x_wconf 86' lang='grc'><strong>12.</strong></span> <span class='ocrx_word' id='word_1_302' title='bbox 412 2714 468 2752; x_wconf 85' lang='lat' dir='ltr'><strong>Sidon.</strong></span> <span class='ocrx_word' id='word_1_303' title='bbox 481 2715 511 2759; x_wconf 78' lang='lat' dir='ltr'><strong>Ep.</strong></span> <span class='ocrx_word' id='word_1_304' title='bbox 524 2714 546 2752; x_wconf 86' lang='grc' dir='ltr'><strong>ΙΙ,</strong></span> <span class='ocrx_word' id='word_1_305' title='bbox 561 2716 587 2753; x_wconf 82' lang='grc'><strong>11].</strong></span> <span class='ocrx_word' id='word_1_306' title='bbox 597 2715 613 2753; x_wconf 83' lang='grc'><strong>6.</strong></span> <span class='ocrx_word' id='word_1_307' title='bbox 662 2715 868 2762; x_wconf 54' lang='lat' dir='ltr'><strong>sismusinum-70.</strong></span> 
     </span>
    </p>
   </div>
   <div class='ocr_carea' id='block_1_6' title="bbox 43 2811 185 2822">
    <p class='ocr_par' dir='ltr' id='par_1_8' title="bbox 43 2811 185 2822">
     <span class='ocr_line' id='line_1_36' title="bbox 43 2811 185 2822; baseline 0.007 -1"><span class='ocrx_word' id='word_1_308' title='bbox 43 2811 185 2822; x_wconf 40' lang='lat' dir='ltr'><strong>*m</strong></span> 
     </span>
    </p>
   </div>
   <div class='ocr_carea' id='block_1_7' title="bbox 43 2868 869 2995">
    <p class='ocr_par' dir='ltr' id='par_1_9' title="bbox 43 2868 869 2995">
     <span class='ocr_line' id='line_1_37' title="bbox 84 2868 869 2928; baseline 0.004 -12"><span class='ocrx_word' id='word_1_309' title='bbox 84 2868 114 2916; x_wconf 76' lang='grc'><strong>16.</strong></span> <span class='ocrx_word' id='word_1_310' title='bbox 128 2869 159 2919; x_wconf 80' lang='lat' dir='ltr'><strong>Ex</strong></span> <span class='ocrx_word' id='word_1_311' title='bbox 174 2872 374 2926; x_wconf 84' lang='lat' dir='ltr'><strong>Methamorphoseos</strong></span> <span class='ocrx_word' id='word_1_312' title='bbox 388 2891 437 2918; x_wconf 83' lang='lat' dir='ltr'><strong>corr.</strong></span> <span class='ocrx_word' id='word_1_313' title='bbox 451 2872 470 2919; x_wconf 92' lang='lat'>0</span> <span class='ocrx_word' id='word_1_314' title='bbox 485 2872 686 2928; x_wconf 76' lang='lat' dir='ltr'><strong>Methamorplioseos</strong></span> <span class='ocrx_word' id='word_1_315' title='bbox 707 2875 727 2920; x_wconf 91' lang='lat' dir='ltr'><strong>H</strong></span> <span class='ocrx_word' id='word_1_316' title='bbox 742 2876 869 2921; x_wconf 75' lang='lat' dir='ltr'><strong>Methamor-</strong></span> 
     </span>
     <span class='ocr_line' id='line_1_38' title="bbox 43 2937 772 2995; baseline 0.018 -17"><span class='ocrx_word' id='word_1_317' title='bbox 43 2950 112 2985; x_wconf 86' lang='lat' dir='ltr'><strong>poseos</strong></span> <span class='ocrx_word' id='word_1_318' title='bbox 127 2938 151 2983; x_wconf 82' lang='lat' dir='ltr'><strong>R.</strong></span> <span class='ocrx_word' id='word_1_319' title='bbox 207 2937 240 2984; x_wconf 76' lang='grc'><strong>24.</strong></span> <span class='ocrx_word' id='word_1_320' title='bbox 255 2938 356 2995; x_wconf 86' lang='lat' dir='ltr'><strong>(li)c(eret)</strong></span> <span class='ocrx_word' id='word_1_321' title='bbox 371 2946 384 2984; x_wconf 81' lang='grc' dir='ltr'><strong>ι’.</strong></span> <span class='ocrx_word' id='word_1_322' title='bbox 399 2959 422 2991; x_wconf 89' lang='lat' dir='ltr'><strong>r.;</strong></span> <span class='ocrx_word' id='word_1_323' title='bbox 436 2949 478 2985; x_wconf 78' lang='lat' dir='ltr'><strong>erat</strong></span> <span class='ocrx_word' id='word_1_324' title='bbox 492 2940 576 2987; x_wconf 69' lang='lat' dir='ltr'><strong>liberet?</strong></span> <span class='ocrx_word' id='word_1_325' title='bbox 770 2938 772 2941; x_wconf 88' lang='lat'><strong>.</strong></span> 
     </span>
    </p>
   </div>
   <div class='ocr_carea' id='block_1_8' title="bbox 0 0 1052 3253">
    <p class='ocr_par' dir='ltr' id='par_1_10' title="bbox 0 0 1052 3253">
     <span class='ocr_line' id='line_1_39' title="bbox 0 0 1052 3253; baseline 0 0"><span class='ocrx_word' id='word_1_326' title='bbox 0 0 1052 3253; x_wconf 95' lang='lat' dir='ltr'><strong> </strong></span> 
     </span>
    </p>
   </div>
  </div>
 </body>
</html>
