2093 3253
248 212 378 244 scnnronuu
392 212 517 244 niusriuuu
530 224 544 228 —
557 213 615 243 ursan
628 188 695 243 xnus
830 197 870 254 389

88 327 203 376 studuisse.
220 327 350 377 Meminerat
371 326 423 374 item
443 346 466 374 se
486 329 610 386 operatione
630 327 727 385 Pompeii
748 326 828 373 redisse
848 328 871 373 in

88 401 178 460 gratiam
188 399 285 449 Caesaris
295 413 361 459 atque
371 400 450 449 deinde
460 420 483 448 se
493 401 522 448 ita
532 421 583 449 eum
593 412 687 459 utroque
697 399 775 448 vixisse
784 412 809 447 ut
820 399 874 447 nihil

89 473 185 521 evenisse
198 486 305 521 constaret
318 492 357 520 cur
371 473 438 531 magis
452 473 487 520 isti
501 494 567 531 quarn
580 471 671 521 illiesse
683 486 721 521 aut
734 472 822 520 amicior
835 485 872 521 aut

89 545 196 595 inimicior
215 545 262 594 iure
280 557 361 604 possea
380 543 478 593 animum
497 544 538 593 siti
557 564 607 603 erga
626 558 744 604 utrumque
763 543 872 603 integrum

63 621 76 670 5
91 617 247 679 aequalemque
261 638 286 667 ac
300 618 394 667 eundem
408 618 450 667 hoc
460 617 520 666 bello
534 618 572 677 qui
586 617 656 668 iuerat
670 615 816 667 ante-bellum
826 637 873 666 esse

90 691 176 746 debere
192 690 320 740 satisfecisse
334 690 407 739 officio
423 711 470 745 suo,
486 691 504 738 si
520 691 548 739 ad
563 711 639 750 pacem
655 711 681 739 se
693 691 823 750 interponat;
840 691 873 739 sin

90 762 171 814 bellum
188 776 269 823 gerant.
287 763 328 813 sibi
345 784 396 813 cum
412 775 489 813 neutro
506 783 552 812 esse
568 763 638 820 licere;
655 764 790 824 Pompeium·
800 777 874 813 autern

90 837 218 897 reprehendi
229 857 293 895 posse
303 837 363 897 quod
373 837 442 886 sciens
452 857 477 885 ac
488 836 583 886 monitus
593 836 648 897 quid
657 835 757 886 laturum
766 857 789 885 se
799 851 874 886 contra

89 910 212 959 amicorum
224 908 312 959 consilia
327 908 358 957 illi
373 909 476 964 amicicia,
492 910 609 965 connubio,
625 909 712 960 loedere
727 910 873 960 coniunxisset

51 985 76 1032 10
92 1003 131 1031 nec
141 982 235 1040 amplius
246 982 268 1030 in
280 982 324 1030 lide
331 1002 398 1040 quarn
408 978 485 1030 vixerit
497 982 551 1030 Iulia
561 983 721 1041 permansisses
729 995 777 1030 tum
785 983 875 1041 quidem

89 1054 151 1103 illum
167 1066 189 1103 et
204 1074 287 1103 amasse
304 1054 419 1103 Caesarem
435 1066 457 1102 et
472 1054 539 1102 amari
555 1075 568 1102 a
584 1054 667 1103 cunctis
684 1054 722 1113 qui
739 1075 762 1103 se
778 1068 874 1105 amarent

90 1127 190 1181 voluisse
205 1148 263 1176 nunc
277 1146 328 1176 vero
344 1126 398 1178 lulia
411 1140 503 1181 mortua,
515 1127 576 1186 quasi
587 1147 635 1175 eam
648 1126 713 1175 simul
724 1140 745 1175 et
755 1128 875 1191 amiciciam

90 1199 207 1259 sepelisset,
224 1200 253 1249 ita
268 1212 362 1248 mutasse
377 1198 511 1248 voluntatem
525 1211 550 1248 ut
565 1199 627 1248 obrui
642 1200 715 1258 potius
730 1200 803 1248 omnia
817 1200 876 1249 bello

91 1293 157 1334 quarn
172 1272 279 1332 designari
295 1272 406 1321 consulem
422 1271 483 1321 illum
499 1272 566 1327 malit,
583 1292 649 1331 quem
664 1266 715 1321 iero
730 1285 752 1321 et
767 1292 839 1322 amare
854 1287 877 1322 et

52 1348 76 1396 15
91 1348 158 1396 amari
170 1346 257 1395 studere
267 1346 351 1402 soleret,
364 1347 458 1394 eundem
470 1347 520 1395 odio
532 1347 609 1395 habeat
620 1366 660 1395 nec
672 1345 741 1394 oderit
753 1346 819 1395 modo
829 1339 877 1405 ipse

91 1419 129 1467 sed
140 1419 179 1479 qui
191 1439 214 1467 se
224 1432 298 1468 ament
309 1418 361 1467 odio
372 1419 451 1467 habere
462 1417 530 1473 illum,
544 1420 604 1477 quasi
616 1439 654 1467 sua
666 1419 694 1467 ab
705 1418 783 1468 iniuria
794 1419 876 1478 depen-

90 1492 140 1540 deat
158 1492 258 1552 quisque,
273 1492 332 1540 velit.
374 1498 377 1502 ’
436 1521 437 1524 ¹
673 1495 675 1498 ’

133 1564 227 1624 Culpam
241 1577 337 1624 preterea
357 1564 407 1612 belli
427 1584 516 1612 omnem
535 1584 581 1612 esse
596 1565 623 1613 in
643 1564 755 1627 Pompeio
767 1564 875 1619 censebat,

41 1688 42 1691 ,
91 1638 151 1697 quod
161 1638 208 1686 eius
221 1636 294 1686 lavore
306 1650 372 1695 atque
384 1636 517 1696 indulgentia
531 1638 585 1685 hanc
599 1638 621 1685 in
635 1637 714 1687 molem
724 1651 790 1697 atque
800 1656 875 1696 super-

49 1711 77 1759 20
92 1710 151 1758 biam
164 1710 266 1760 crevisset
280 1709 359 1762 Caesar
372 1722 397 1758 ut
410 1709 490 1768 ipsum,
505 1722 529 1758 ut
543 1710 665 1769 optimates,
676 1722 700 1757 ut
711 1722 810 1759 senatum
824 1729 876 1758 con-

90 1795 194 1836 temnere,
205 1782 342 1830 consulatum
352 1794 427 1830 contra
437 1781 494 1840 leges
505 1794 585 1840 petere,
597 1782 619 1830 ni
630 1783 700 1835 detur,
710 1782 791 1840 patriae
799 1782 876 1830 minari

90 1875 115 1903 ac
125 1854 205 1904 inferre
215 1853 298 1903 bellum
307 1855 403 1903 auderet.
414 1854 488 1914 Atque
498 1853 552 1903 illud
562 1853 800 1914 displicebatCiceroni
811 1854 877 1904 velie-

92 1940 182 1984 menter,
195 1928 256 1989 quod
266 1941 340 1988 gentes
352 1947 377 1976 ac
388 1946 448 1987 reges
460 1927 562 1977 barbaros
575 1928 615 1977 lioc
626 1928 655 1977 ad
666 1927 877 1977 bellum-concitaret

91 2001 214 2061 Pompeius,
232 2014 280 2050 tum
297 2022 325 2050 ne
342 2002 398 2051 duce
415 2002 463 2060 ipso
480 2002 571 2058 invitati,
590 2002 669 2051 deinde
685 2001 803 2061 aliquando
820 2000 876 2051 lace-

50 2074 78 2122 25
93 2075 183 2124 rendam
200 2074 229 2124 ad
248 2075 331 2123 ltaliam
349 2094 374 2123 ac
391 2075 469 2123 urbem
486 2075 551 2124 etiam
567 2094 611 2123 non
626 2075 695 2123 vocati
712 2075 816 2130 venirent,
827 2073 876 2124 tum

91 2147 152 2206 quod
162 2166 199 2197 eos
210 2146 260 2202 fide.
272 2147 361 2203 viribus,
373 2160 418 2196 arte
429 2147 540 2207 pugnandi
552 2168 596 2197 non
606 2146 759 2207 adaequandos
771 2145 875 2197 militibus
893 2177 895 2181 ·

92 2220 189 2270 Caesaris
207 2231 254 2269 esse
271 2234 363 2280 putaret.
382 2219 460 2280 Neque
477 2240 528 2270 vero
545 2220 640 2281 suspicio
657 2222 730 2270 deerat
747 2220 877 2280 Pompeium

90 2312 159 2352 aeque
175 2305 199 2342 ut
216 2292 331 2343 Caesarem
346 2305 448 2352 appetere
464 2293 600 2347 dominatum
616 2314 656 2343 nec
672 2293 784 2353 reliquisse
799 2293 878 2341 urbem

92 2366 152 2425 quod
167 2365 283 2415 defendere
298 2365 358 2414 illam
373 2386 417 2415 non
433 2379 506 2425 posset
521 2387 592 2426 neque
609 2366 672 2416 Italia·
685 2365 801 2414 decessisse
815 2366 877 2425 quod

50 2436 78 2484 30
93 2438 114 2486 vi
129 2437 244 2498 pelleretur
261 2439 300 2487 sed
316 2451 400 2488 metum
415 2459 441 2488 ac
456 2438 531 2499 lugam
547 2458 573 2488 eo
589 2439 662 2489 animo
679 2438 791 2487 simulasse
807 2459 878 2500 eoque

91 2509 182 2560 consilio
193 2511 216 2560 in
227 2511 342 2561 Graeciam
352 2512 460 2561 traiecisse
471 2524 496 2561 ut
507 2512 615 2562 denudata
626 2512 681 2562 urbe
691 2511 782 2568 civibus,
794 2526 876 2568 senatu,

51 2612 53 2614 -
95 2584 220 2641 magistratu
234 2584 346 2632 induceret
361 2584 463 2632 barbaros
478 2585 516 2643 qui
530 2585 608 2633 urbem
623 2584 687 2632 simul
707 2597 772 2642 atque
794 2584 877 2633 ltaliam

94 2668 115 2704 et
129 2655 196 2704 classe
213 2656 319 2705 maritima
335 2668 436 2714 urgerent
452 2655 509 2705 lame
526 2669 547 2705 et
563 2656 631 2715 copiis
648 2657 785 2706 terrestribus
792 2656 876 2705 inflam-

94 2742 178 2777 marent
193 2742 259 2787 atque
274 2730 399 2788 diriperent.

48 2798 77 2847 35
138 2802 198 2850 Haec
211 2822 298 2860 nanque
311 2822 363 2851 cum
375 2802 448 2851 animo
461 2802 564 2861 cogitaret
578 2802 662 2857 Cicero,
676 2801 800 2852 iaciendum
814 2803 876 2852 multi

107 2980 136 3026 ll.
150 2999 225 3027 amasse
239 3001 263 3028 er
276 2982 369 3037 amar(i?)
383 2988 450 3027 statim
463 3000 512 3028 corr.
568 2982 600 3028 35.
615 2983 688 3040 Haec)
703 2989 716 3029 i.
731 3001 754 3035 r.;
769 2992 810 3029 erat
824 2983 849 3029 C.
