2093 3253
227 651 334 702 Siccours
349 653 480 702 Porrurour
496 653 565 701 Linon
581 647 728 703 Senuronuu
745 654 883 703 lieusrruuu

343 738 445 787 Lsrrunr
456 736 560 785 Liuouan
572 738 660 785 luetur
670 737 758 786 Pnruus

332 837 361 870 in
381 820 467 870 Furuu
487 820 631 870 Porrnonuu
652 821 770 870 Feucrrrn

229 1049 361 1108 Quanquam
382 1048 452 1103 nobis,
473 1048 579 1107 Polydore
599 1050 630 1096 mi
650 1050 777 1098 suavissime
796 1049 835 1103 fili,
860 1050 890 1098 ad
914 1069 970 1109 quae

186 1122 308 1171 intenderet
322 1117 571 1171 animus'docuinarum
586 1122 658 1170 studia
672 1123 700 1169 sit
714 1122 756 1170 ocii
773 1122 868 1171 multum
883 1141 968 1182 parum,

186 1195 247 1253 quod
261 1215 297 1243 me
308 1194 426 1253 aliquando
437 1194 551 1253 publicum
563 1214 651 1249 munus,
663 1195 775 1243 interdum
791 1194 884 1243 lorensis
902 1194 971 1249 labor,

188 1287 252 1326 saepe
265 1286 298 1315 res
312 1267 423 1315 familiaris
437 1266 549 1323 impediat,
563 1278 648 1324 partem
661 1286 749 1324 quoque
765 1267 807 1314 sibi
826 1263 915 1314 naturae
933 1287 972 1314 ne·

159 1339 171 1387 5
187 1340 276 1387 cessitas
293 1339 400 1394 vendicet,
418 1338 515 1388 adducor
532 1352 605 1388 tamen
624 1338 767 1389 delectatione
789 1340 885 1398 quadam
905 1339 972 1389 studii

186 1414 315 1468 litterarum,
331 1433 386 1472 quae
402 1412 456 1460 mihi
472 1426 523 1462 sunt
539 1412 602 1461 dulce
618 1412 724 1471 pabulum
744 1425 810 1472 atque
831 1413 927 1467 deliciae,
948 1424 973 1461 ut

187 1486 248 1545 quod
265 1506 355 1545 possum
372 1485 484 1543 temporis,
502 1485 634 1543 quantulum
651 1485 686 1539 sit,
709 1485 732 1533 id
754 1484 854 1543 colligam
875 1485 973 1544 undique

187 1572 253 1617 atque
268 1571 316 1607 tum
332 1557 408 1606 saltem
424 1553 475 1605 cum
491 1556 541 1605 data
556 1558 668 1606 vacatione
688 1557 755 1617 aliqui
776 1578 861 1613 somno,
883 1557 974 1616 quidam

186 1632 283 1686 inertiae,
295 1630 358 1680 multi
369 1630 518 1689 voluptatibus
529 1631 634 1686 serviuntss
645 1651 681 1679 me
691 1630 719 1680 ad
735 1630 802 1680 libros
817 1644 855 1679 aut
863 1627 974 1689 legendos

147 1705 173 1753 10
188 1718 225 1754 aut
233 1705 360 1754 scribendos
368 1703 451 1753 solicite
460 1702 596 1753 transferam.
602 1704 663 1760 Quid
668 1705 728 1753 enim
735 1723 774 1762 per
785 1704 852 1753 deum
865 1704 974 1771 optimum

187 1797 212 1825 ac
228 1789 379 1835 prepotentem
396 1775 518 1830 iocundius,
535 1776 590 1834 quid
606 1776 726 1832 honestius,
743 1776 798 1835 quid
813 1775 891 1825 melius
907 1795 974 1834 quam

188 1850 268 1898 versari
279 1851 302 1898 in
313 1849 390 1898 libris?
401 1849 446 1905 Qui
458 1850 498 1897 etsi
510 1849 565 1897 muti
577 1870 624 1897 esse
635 1869 660 1898 ac
671 1850 752 1897 mortui
764 1849 886 1905 videantur,
898 1851 975 1899 vivunt

187 1935 261 1971 tamen
271 1923 412 1981 magistrique
421 1923 477 1970 vitae
486 1914 538 1970 sunt
547 1942 572 1970 ac
582 1923 691 1971 studiosos
701 1924 735 1970 sui
745 1923 850 1970 continuo
859 1935 881 1970 et
890 1922 974 1969 doctio-

189 2014 222 2043 res
238 2008 260 2043 et
275 1995 375 2043 meliores
390 1994 495 2042 efficiunt.
511 1992 620 2052 Equidem
636 1994 678 2052 legi
694 1994 769 2048 multa,
786 1994 894 2052 quaedam
909 1995 975 2042 etiam

149 2067 173 2116 15
188 2068 273 2125 scripsi,
300 2087 356 2126 quae
383 2066 553 2127 haudquaquam
580 2066 727 2123 incommoda,
754 2080 862 2125 quantum
889 2068 975 2126 opinor,

188 2141 291 2189 studiosis
307 2153 378 2189 erunt.
393 2140 475 2197 Scripsi
490 2139 549 2187 enim
564 2139 592 2187 ad
606 2140 687 2188 amicos
702 2141 725 2188 in
740 2141 847 2189 orationes
863 2140 975 2189 Ciceronis

126 2224 127 2228 ’
188 2226 315 2272 argumenta
330 2213 432 2272 quedam3
446 2213 526 2271 scripsi.
536 2212 564 2261 de
577 2214 660 2261 ratione
673 2213 784 2267 studendi;
798 2213 874 2272 scripsi
888 2213 976 2272 detege
1029 2232 1031 2235 ’

189 2286 248 2334 bibia
262 2286 349 2344 plenam
363 2287 411 2334 ioco
425 2297 447 2333 et
461 2285 505 2334 risu
520 2284 637 2335 Catiniam.

233 2359 303 2408 Erunt
309 2380 405 2418 quoque,
412 2358 429 2405 si
438 2357 526 2406 dabitur
534 2358 615 2413 ocium,
621 2379 677 2418 quae
685 2360 784 2418 propicio
792 2380 817 2407 ac
825 2359 881 2408 bene
889 2358 976 2408 favente

147 2432 175 2481 20
190 2432 232 2480 deo
243 2432 323 2490 deique
334 2426 380 2480 filio
393 2432 442 2480 lesu
454 2429 543 2479 Christo
554 2430 581 2479 ad
593 2443 622 2485 te,
634 2432 672 2489 qui
684 2430 780 2480 liliorum
791 2432 860 2480 maior
876 2452 899 2480 es
915 2445 976 2486 natu,

190 2524 246 2562 quae
263 2504 290 2551 ad
308 2503 462 2562 Hippolytum,
480 2497 536 2561 quae
553 2503 581 2550 ad
599 2502 735 2558 Modestum,
753 2505 792 2562 qui
809 2504 843 2552 ius
861 2503 975 2562 profitetur

189 2575 260 2630 civile,
269 2596 325 2634 quae
333 2576 361 2624 ad
370 2574 521 2630 Prudentium,
531 2595 586 2633 quae
595 2573 623 2624 acl
634 2574 750 2632 lustinum,
759 2596 815 2636 quae
823 2576 851 2626 ad
861 2575 976 2631 Lazarum,

190 2649 271 2706 ingenii
286 2648 363 2697 docilis
381 2668 406 2696 ac
424 2648 520 2706 optimae
537 2647 617 2696 indolis
636 2667 736 2706 puerum,
756 2668 812 2708 quae
835 2648 930 2707 denique
948 2648 976 2697 ad

190 2720 330 2779 Gregorium,
346 2719 452 2768 infantem
468 2732 534 2778 atque
546 2720 656 2778 puellum,
674 2720 775 2769 scribam.
792 2720 849 2769 Sunt
865 2721 924 2768 enim
935 2716 981 2779 ipsi

187 2868 206 2913 8.
218 2867 280 2922 aliqui
295 2874 308 2912 ι’.
321 2887 337 2912 r.
349 2877 391 2912 erat
406 2866 495 2920 (plurimi
510 2867 541 2911 vel
554 2867 655 2921 plurique)
666 2866 760 2922 plurique
769 2866 797 2911 Η.
850 2866 879 2911 17,
889 2866 977 2921 quedam

150 2940 163 2979 i.
172 2952 198 2979 nr.
212 2932 257 2979 odd.
316 2934 345 2979 17.
354 2932 408 2978 Nota
416 2931 466 2987 quid
474 2931 533 2977 divus
540 2931 588 2978 Sico
596 2933 675 2987 scripsit
684 2940 697 2978 ι’,
705 2952 730 2979 ni.
739 2932 784 2979 add.
792 2934 819 2978 0².
860 2933 893 2980 24.
905 2951 918 2977 o
931 2933 978 2978 dul:

147 3001 177 3044 cis
191 3001 286 3053 genitoris
298 3000 358 3045 verba
371 3006 384 3044 ι’.
396 3018 422 3044 m.
434 2998 480 3043 odd.
492 2998 513 3042 0²
524 2992 598 3051 (dulcis
609 2998 707 3053 posteat'n
720 2998 835 3044 dulcissima
848 3017 897 3045 corr.
911 2998 947 3052 0⁵).
