2093 3253
142 209 182 254 234
442 221 535 252 sicconrs
549 220 664 251 roacnrour

183 337 235 385 baec
244 336 365 395 persecutio
374 336 397 383 iii
407 331 600 383 Christianosluit.
610 334 670 383 Tum
679 335 778 394 quisquis
787 347 832 384 erat
841 335 879 394 qui
889 356 967 388 nomen

150 432 155 437 ··
184 410 320 469 profiteretur
336 408 424 471 Christi,
436 408 454 456 is
465 408 608 457 damnabatur
625 409 689 457 morti
701 421 722 456 et
738 421 787 466 post
798 409 852 456 dura
862 420 968 461 tormenta
1026 417 1042 450 >3

184 483 212 529 ad
221 481 353 539 supplicium
362 481 393 528 uti
404 481 519 527 maiestatis
529 498 578 528 reus
588 493 609 528 et
618 481 688 538 turpis
698 480 752 528 latro
761 500 786 528 ac
795 480 968 532 sceleratissimus
1038 489 1047 519 ἓ

185 552 317 603 trahebatur.
332 551 414 602 Plinius
434 564 514 601 autem·
525 573 582 601 unus
602 554 703 602 omnium
723 553 893 611 magistratuum,
913 575 969 605 unus

158 629 171 677 5
189 628 288 676 omnium
302 627 406 686 gentium,
428 646 484 674 unus
505 629 604 674 omnium
626 627 740 675 hominum
756 625 797 674 luit
813 648 879 685 quem
895 627 970 677 Chris-

162 728 164 731 .
185 700 237 748 tiani
251 700 346 748 nominis
360 699 470 747 misereret
477 700 667 758 consideraretque
674 701 767 758 impium
774 720 821 747 esse
828 701 851 747 in
859 720 895 747 eos
903 703 970 751 sevire
1038 693 1046 703 ⁵

156 805 158 808 <
186 773 223 831 qui
239 772 299 821 nullo
311 784 377 837 vreatu
395 771 500 829 puniendi
517 785 596 820 essent.
615 772 706 829 Scripsit
723 773 796 829 itaque
812 773 840 819 ad
858 772 970 823 Caesarem
1040 821 1043 835 2

186 844 268 893 Plinius
286 865 309 893 se
327 844 417 903 quidem
434 844 556 902 pariturum
574 844 667 899 decreto,
679 862 755 893 verum
770 844 823 893 nibil
839 844 970 895 esseClrris-
1040 848 1041 851 ¹

188 919 248 965 tiano
267 919 289 964 in
310 917 398 964 homine
414 917 512 964 molestia
527 917 626 973 dignum,
643 918 704 974 quod
719 918 762 964 sint
778 917 876 964 homines
893 918 971 974 quibus

149 991 174 1036 10
189 989 312 1042 homicidia,
322 987 386 1040 furta,
396 987 507 1040 adulteria,
518 999 539 1034 et
548 987 614 1034 buius
623 988 682 1034 modi
691 987 773 1047 reliqua
782 1008 838 1047 quae
846 1002 884 1038 aut
893 985 972 1041 statum
1043 986 1045 1030 ἕ

188 1060 302 1119 publicum
316 1072 354 1109 aut
369 1061 475 1118 privatam
489 1061 556 1108 vitam
571 1059 683 1108 offendant
698 1059 826 1119 displiceant
841 1062 934 1120 penitus
950 1063 972 1113 id

189 1135 254 1182 modo
266 1155 311 1182 eses
320 1134 411 1188 adversi,
419 1133 480 1192 quod
491 1147 593 1191 negarent
601 1154 656 1192 quos
667 1134 744 1181 caeteri
756 1133 851 1182 colerent
862 1136 914 1184 deos
920 1156 972 1192 esse,
1043 1176 1046 1181 a

195 1208 267 1255 lesum
281 1220 354 1255 autem
371 1205 491 1259 Christum,
509 1206 619 1262 quendam
635 1206 768 1267 crucifixum,
787 1207 853 1254 deum
870 1228 916 1255 esse
933 1230 973 1266 pu·

189 1292 258 1329 tarent
269 1278 406 1337 eundemque
415 1291 465 1327 ante
474 1278 546 1327 lucem
555 1298 595 1327 suo
605 1280 655 1333 ritu,
666 1279 710 1327 suis
721 1279 843 1328 cerimoniis
853 1279 973 1332 adorarent.
1043 1277 1045 1279 ¹

151 1355 175 1403 l5
191 1353 251 1401 Haec
263 1354 342 1410 scripta
354 1363 454 1400 senatum
465 1372 491 1400 ac
503 1352 624 1409 principem
636 1365 801 1400 commoverunt
813 1352 974 1413 effecerantque
1043 1362 1045 1364 ’

189 1439 214 1473 ut
229 1426 381 1474 rescriberetur
395 1424 465 1472 Plinio
479 1445 504 1472 ac
518 1425 607 1473 caeteris
622 1425 660 1482 qui
675 1445 768 1482 usquam
782 1426 898 1482 provinciis
913 1445 974 1484 prae·
993 1453 995 1457 ¹
1044 1428 1046 1474 ]

193 1499 287 1546 siderent
299 1498 383 1556 placere
396 1496 545 1545 Christianum
557 1498 637 1555 inquiri
651 1497 742 1551 nullum,
756 1499 846 1546 cruciari
859 1499 925 1546 modo
937 1501 975 1556 qui

192 1571 256 1619 oblati
272 1569 350 1620 forent.
372 1567 373 1572 ¹

236 1644 332 1692 Functus
343 1656 416 1690 autem
428 1642 465 1689 illo
478 1643 602 1699 magistratu
614 1642 696 1690 Plinius
709 1663 759 1691 cum
771 1643 860 1691 redisset
877 1645 975 1700 Romam,
1045 1662 1046 1665 ’

151 1718 179 1764 20
194 1734 262 1773 augur
275 1716 297 1764 in
310 1715 383 1764 locum
397 1713 446 1762 Iulii
460 1713 565 1768 Frontini‚
586 1714 673 1773 auguris
691 1715 807 1769 demortui,
820 1715 924 1765 suffectus
937 1730 976 1766 est.
1045 1774 1047 1777 ι

185 1788 344 1839 rSacerdotium
356 1801 401 1836 erat
414 1785 469 1836 illud
481 1801 534 1836 tunc
547 1786 629 1836 Romae
641 1807 733 1837 sacrum.
748 1788 794 1837 Sibi
808 1789 867 1837 enim
879 1791 977 1838 vaticinia

124 1877 126 1882 '
164 1900 166 1902 -
193 1884 219 1909 ex
236 1862 312 1910 avibus
330 1859 470 1917 contemplari
488 1880 513 1907 ac
530 1859 638 1908 observari
656 1881 703 1908 mos
721 1873 772 1914 erat,
791 1880 831 1908 nec
848 1862 938 1919 quidem
955 1863 976 1909 ni

194 1934 294 1992 spectatis
309 1933 400 1982 dabatur
413 1931 464 1980 viris
478 1950 518 1979 nec
532 1931 718 1989 quemadmodum
728 1944 811 1981 caetera
821 1945 919 1992 tempore
930 1954 977 1982 mu-

160 2047 162 2051 ,
194 2007 287 2055 tabatur.
303 2008 384 2054 Romae
393 2007 483 2063 quidem
492 2005 534 2053 luit
544 2005 650 2052 Romulus
660 2024 728 2062 augur
737 2019 759 2053 et
767 2005 832 2053 urbis·
837 2004 978 2054 fundamenta

153 2079 184 2127 25-
196 2079 266 2137 prima
281 2078 355 2127 iecisse
370 2078 480 2136 auspicato
495 2075 570 2126 fertur.
586 2077 707 2134 Vestigium
723 2077 777 2125 illud
792 2078 830 2136 qui
846 2079 913 2127 secuti
929 2090 980 2127 sunt

195 2169 254 2207 reges
266 2150 342 2198 caeteri
353 2160 477 2196 tenuerunt.
489 2148 583 2206 Regibus
595 2167 645 2197 vero
656 2150 735 2197 exactis
747 2150 829 2197 nemini
840 2171 884 2197 non
894 2149 979 2209 egregio

196 2223 238 2271 civi
253 2222 276 2271 id
291 2240 371 2270 munus
382 2220 458 2269 datum
470 2241 510 2268 nec
521 2220 580 2279 apud
593 2220 703 2269 Romanos
714 2222 749 2278 agi
761 2222 879 2280 quicquam
890 2234 927 2271 aut
939 2243 980 2281 pu-

196 2296 252 2344 blice
261 2309 298 2345 aut
308 2296 390 2353 private
400 2292 431 2342 las
442 2314 488 2343 esse
498 2296 544 2342 sine
553 2296 654 2353 auspiciis
664 2295 785 2344 videbatur.

239 2368 298 2426 Opes
313 2381 386 2416 autem
401 2366 482 2413 Plinius
497 2364 640 2424 amplissimas
657 2367 740 2415 habuit.
757 2366 872 2415 Avunculo
887 2370 981 2416 enimet

155 2443 184 2491 30
198 2441 253 2500 patri
268 2440 378 2490 successit.
394 2438 480 2498 Nempe
495 2438 571 2488 babuit
585 2439 646 2489 villas
661 2439 780 2488 Veronensi
795 2441 817 2488 in
833 2458 890 2499 agro,
906 2441 982 2490 babuit

197 2513 322 2564 Tusculano
333 2515 356 2561 in
367 2532 424 2570 agro,
437 2512 512 2561 habuit
524 2512 657 2561 laurentino
667 2515 690 2561 in
701 2532 759 2571 agro,
772 2513 847 2561 babuit
858 2513 982 2571 Tyburtino

198 2588 220 2635 in
236 2604 294 2645 agro,
307 2587 382 2634 babuit
393 2585 531 2633 Praenestino
543 2585 565 2632 in
576 2604 635 2642 agro,
650 2585 725 2633 babuit
737 2585 838 2633 Cumano
849 2586 872 2633 in
888 2604 939 2645 agro
955 2585 982 2633 ad

198 2659 269 2710 lacum
284 2658 380 2709 Larium.
389 2657 426 2707 Sic
434 2657 493 2707 enim
500 2653 637 2716 appellabant
645 2670 728 2706 veteres
736 2658 807 2706 lacurn
816 2659 874 2707 unde
883 2658 982 2708 Cumano

198 2754 224 2781 ex
234 2752 285 2791 agro
295 2731 372 2781 fluvius
383 2731 457 2779 Ardua
467 2732 489 2778 in
499 2731 582 2779 Padum
592 2731 666 2779 currit.

160 2855 301 2862 ..-.--.

215 2928 231 2963 8.
245 2926 285 2962 Plin.
298 2927 328 2970 Ep.
341 2926 362 2963 Χ,
376 2925 399 2961 96
411 2924 455 2969 apud
467 2923 535 2961 Tertull
549 2925 597 2967 Apol.
611 2925 627 2961 2.
680 2923 706 2959 16.
715 2922 793 2968 Ρ11ῐι,Ερ,
803 2924 825 2961 Χ.
834 2925 857 2960 97
866 2925 910 2969 apud
917 2922 987 2961 Tertull.

161 2988 209 3032 Apol.
222 2988 237 3024 2.
