2093 3253
134 262 173 309 424
203 296 205 299 .
440 275 534 311 sicconis
549 276 666 307 nocturum

134 411 139 417 ¹·
175 392 384 451 defendendamque
394 393 422 440 ad
432 411 479 440 rem
489 392 599 450 publicam
609 393 683 452 copias
693 393 715 442 in
726 393 856 442 Macedonia
866 392 967 442 scribere.

176 466 256 513 Studio
276 465 373 522 denique
392 485 479 512 summo
498 466 580 512 curavit
599 465 677 513 Cicero
695 466 755 523 apud
773 486 840 514 novos
859 466 966 519 consules,

176 536 277 587 Hircium
295 549 316 585 et
328 536 427 592 Pansam,
440 548 583 595 senatumque
594 557 619 586 ac
631 537 739 596 populum
755 537 879 587 Romanum
894 537 968 587 verbis

177 609 281 659 omnibus
303 610 401 664 excitare,
421 609 545 664 accendere,
566 608 700 660 inflammare
719 610 803 660 animos
823 610 922 660 omnium
942 623 968 659 ut

152 684 165 732 5
180 681 293 732 communi
310 700 350 740 pro
366 682 464 731 libertate
481 694 555 731 contra
572 682 605 731 M.
622 682 750 738 Antonium,
767 683 804 743 qui
821 683 851 732 rei
868 682 969 743 publicae

179 755 248 803 bostis
256 767 319 807 esset,
328 755 421 813 quisque
428 773 494 808 arma,
503 775 578 813 equos,
586 774 645 813 opes,
654 756 709 804 vires
717 775 792 804 omnes
800 768 939 814 exponerent.

221 827 324 884 Quantus
335 827 400 880 enim,
412 825 488 884 qualis,
500 840 521 874 et
532 847 598 885 quam
608 828 724 875 vehemens
736 828 776 875 hoc
786 840 884 887 tempore
895 826 968 881 luerit,

180 920 234 958 quas
248 916 288 959 per
301 899 340 947 hos
354 899 400 948 dies
413 900 498 958 scripsit
512 899 614 958 epistolae
628 900 708 949 multae
721 920 745 949 ac
758 899 890 960 Philippicae
903 912 969 949 testes

181 985 239 1021 sunt.
254 971 317 1021 Nihil
330 985 362 1020 est
376 972 465 1031 quidem
478 972 506 1020 ab
520 993 546 1021 eo
559 973 723 1031 pretermissum
736 973 796 1032 quod
809 974 837 1022 ad
850 973 970 1031 perniciem

142 1047 168 1096 10
183 1045 272 1095 antonii
281 1057 302 1092 et
311 1044 403 1093 salutem
411 1046 441 1093 rei
450 1045 549 1103 publicae
555 1046 604 1094 'esse
612 1058 705 1105 putaret.
715 1046 762 1094 Nec
770 1047 793 1094 in
801 1046 887 1094 civitate
894 1058 970 1093 aucto-

182 1118 232 1165 ritas
243 1117 288 1164 eius
299 1136 364 1174 parva
375 1131 426 1166 erat.
438 1117 524 1176 Nempe
532 1118 635 1166 libertatis
644 1119 804 1176 recuperandae
812 1138 874 1176 spem
882 1138 971 1166 omnem

183 1190 242 1238 domi
253 1190 276 1238 in
286 1187 399 1244 Cicerone,
410 1188 462 1239 loris
473 1203 546 1239 autem
556 1190 578 1239 in
590 1190 623 1240 llll.
635 1190 704 1240 Bruto
715 1205 736 1240 et
747 1204 833 1241 senatus
844 1203 865 1239 et
875 1189 971 1250 populus

183 1263 324 1322 reponebant.
338 1262 417 1321 Neque
429 1283 480 1312 vero
492 1263 585 1312 dubium
597 1278 629 1313 est
641 1278 790 1323 recuperatam
801 1283 848 1314 rem
859 1262 972 1322 publicam
1046 1271 1047 1323 j

183 1336 250 1385 tuisse
260 1356 285 1384 ac
296 1336 368 1384 omnia
379 1335 534 1384 secundissime
545 1336 648 1391 evenisse,
660 1337 686 1391 si,
697 1337 729 1384 uti
741 1337 800 1385 dorni
811 1348 872 1384 erant
882 1334 972 1383 consilia

146 1410 171 1459 15
187 1408 305 1462 Ciceronis,
316 1409 345 1456 ita
355 1407 407 1456 loris
418 1428 491 1462 manu,
502 1408 552 1463 fide,
563 1409 644 1458 viribus
655 1408 738 1457 lactum
747 1421 810 1457 esset.
820 1408 850 1458 At
859 1426 911 1458 vero
920 1426 971 1466 pro·

185 1481 274 1531 luerunt
281 1500 360 1539 parum
367 1501 422 1539 quae
430 1482 490 1530 domi
498 1482 586 1535 consilia
593 1481 676 1537 fierent,
685 1503 736 1530 cum
743 1481 815 1530 omnia
823 1481 875 1529 loris
883 1474 973 1531 adversa

186 1567 264 1602 essent.
278 1553 334 1601 Rem
346 1553 435 1611 quidem
447 1553 469 1600 in
481 1553 535 1600 urbe
548 1552 625 1601 Cicero
637 1553 772 1610 procurabat,
785 1552 837 1600 loris
850 1565 923 1600 autem
935 1572 971 1609 ge-

187 1625 252 1674 renda
261 1625 300 1684 qui
309 1638 370 1673 erant
378 1624 429 1672 belli
438 1624 504 1672 duces
514 1625 542 1673 ita
551 1638 690 1684 susceperant
698 1639 723 1673 ut
732 1624 870 1672 Dolobellam
879 1625 901 1672 in
911 1623 974 1681 Syria

110 1739 113 1742 ,
188 1699 282 1752 Cassius,
293 1697 414 1747 Antonium
423 1716 474 1745 vero
484 1698 506 1745 in
516 1711 571 1745 terra
583 1697 642 1746 ltalia
653 1697 687 1746 M.
697 1697 777 1746 Brutus
786 1710 875 1746 arceret.
884 1697 974 1755 Quippe

146 1774 174 1821 20
189 1773 217 1819 ad
229 1770 312 1819 bellum
324 1770 455 1829 parabantur
467 1770 549 1828 copiae.
563 1770 632 1817 Rome
644 1783 717 1818 autem
729 1770 767 1828 qui
780 1770 831 1818 novi
843 1782 903 1818 erant
921 1789 975 1816 con-

188 1844 245 1893 sules
254 1843 364 1892 terrebant
372 1855 466 1902 tempus.
477 1843 582 1891 Senatum
590 1862 641 1892 vero
651 1844 769 1892 sententiae
778 1843 847 1892 variae
856 1841 974 1901 agitabant,

189 1917 249 1976 quod
258 1935 321 1965 amor
332 1916 445 1976 quosdam,
457 1916 533 1964 odium
543 1916 629 1971 multos¹
642 1929 711 1965 metus
722 1936 797 1964 omnes
808 1916 837 1964 ita
847 1914 976 1963 distraheret

189 2005 220 2045 ut,
232 2009 385 2048 quamcunque
397 1990 526 2037 sententiam
537 1990 636 2048 quamvis
648 1990 754 2048 optimam
762 1989 842 2038 diceret
850 1989 975 2046 quisquam,

190 2083 238 2110 earn
257 2061 380 2126 paucissimi
401 2062 573 2119 comprobarent.
595 2062 712 2110 Sententiis
733 2062 823 2118 quidem
843 2060 906 2108 variis
929 2078 977 2106 cer-

148 2137 177 2185 25
192 2135 251 2184 tabat
264 2146 350 2183 senatus
364 2134 424 2192 quod
437 2133 517 2192 legatos
530 2147 643 2183 censerent
656 2134 748 2194 quidam
761 2132 879 2182 mittendos
891 2131 921 2180 ad
930 2131 977 2179 An·
990 2187 992 2192 Α

191 2209 277 2257 tonium
287 2209 325 2266 qui
335 2208 425 2263 bellum,
435 2208 458 2256 ni
468 2208 581 2257 decederet
592 2208 687 2262 Mutina,
698 2207 832 2256 nunciarent.
848 2206 916 2255 Multi
932 2226 976 2253 non
1000 2230 1003 2234 ’

192 2280 343 2329 lacescendum
352 2280 417 2328 minis
427 2280 466 2328 sed
476 2279 577 2338 precibus
586 2299 611 2328 ac
621 2280 749 2328 condicione
758 2280 835 2338 quavis
844 2278 979 2327 flectendum

192 2355 220 2404 ad
234 2374 310 2414 pacem
326 2374 373 2403 esse
387 2352 500 2412 putabant.
517 2351 648 2401 Ulteriorem
661 2351 756 2403 Galliam
767 2351 925 2401 decernendam
936 2350 977 2399 sibi

194 2426 327 2485 provinciam
341 2426 407 2487 aliqui
422 2447 468 2476 esse
482 2445 523 2485 pro
537 2446 590 2484 pace
605 2426 712 2475 dicebant.
728 2426 809 2475 Contra
824 2438 884 2474 erant
898 2424 941 2480 alii,
957 2438 979 2472 et

110 2559 111 2563 Ἰ
153 2502 181 2549 30
196 2521 248 2549 cum
263 2500 297 2547 his
312 2500 389 2548 Cicero
403 2500 442 2548 lias
457 2501 573 2548 sententias
590 2500 754 2557 impugnabant.
771 2499 863 2556 Legatos
879 2499 944 2553 enim,
960 2499 977 2544 si

196 2573 332 2620 mitterentur
347 2572 374 2620 ab
390 2592 415 2620 eo
431 2573 468 2631 qui
485 2572 512 2620 de
527 2591 580 2630 pace
594 2584 689 2630 agerent,
705 2572 774 2621 audiri
794 2570 900 2629 placebat3
922 2570 980 2619 mitti

196 2665 247 2694 vero
257 2645 285 2693 ad
295 2665 347 2694 eurn
358 2665 424 2703 quarn
435 2646 528 2694 maxime
539 2644 673 2703 displicebat,
684 2658 733 2695 tum
741 2646 801 2704 quod
812 2657 899 2694 senatus
908 2643 979 2702 digni-

195 2731 263 2767 tatem
277 2719 374 2767 minuere
389 2738 444 2775 quae
457 2719 486 2767 ad
499 2718 561 2767 illum
575 2719 696 2768 mitteretur
710 2717 788 2777 legatio
801 2718 917 2771 videretur,
931 2729 982 2765 turn

196 2790 257 2850 quod
271 2809 347 2848 pacem
362 2789 444 2839 nullam
459 2788 555 2838 luturam
570 2789 669 2838 stabilem
684 2801 899 2849 tutamque'putaret
914 2807 982 2847 quarn

154 2914 301 2924 p-—-.....-.

198 2981 228 3025 17.
242 2980 362 3033 procurabat
376 2986 389 3025 i.
400 2998 424 3031 r.;
438 2988 481 3023 erut
490 2980 621 3033 gubernabat.
676 2978 708 3024 20.
723 2979 758 3035 qui
767 2986 780 3025 i.
791 2997 815 3030 r.;
825 2998 848 3024 ex
858 2976 982 3036 conquest)

155 3053 221 3090 statim
238 3065 285 3090 corr.
341 3044 373 3090 2l.
387 3045 426 3090 Pro
440 3047 536 3091 terebant.
761 3055 768 3064 ''
