2093 3253
150 174 190 220 292
262 199 264 201 ·
452 191 543 221 siccatus
557 191 673 222 eouauronr

192 306 257 354 modo
268 319 306 354 aut
318 303 405 353 militari
416 318 453 353 aut
464 319 537 363 togata
548 306 628 356 virtute
639 306 711 366 aliqua
722 305 814 365 praediti
826 327 873 355 esse
885 321 906 355 et
918 309 975 368 digni
1043 335 1045 369 3

126 379 128 383 ’
192 379 324 433 viderentur,
335 378 363 426 ad
374 378 465 426 honores
476 390 497 426 et
508 379 651 437 magistratus,
662 380 694 427 uti
705 392 777 427 essent
788 378 879 427 Romani
890 381 976 440 antiqua

192 450 259 509 stirpe
272 451 336 505 cives,
345 450 482 510 admitteret.
494 449 553 499 Hinc
566 452 653 501 enimsi
665 453 782 511 repetimus
793 465 871 507 vetera,
883 452 975 512 Claudii,
1043 454 1045 457 ’

194 523 294 578 Catones,
311 522 404 578 Manilii;
419 523 437 571 si
452 544 514 579 nova,
530 524 635 584 Pompeii,
651 524 724 579 Marii,
740 524 808 580 Didii,
824 524 891 574 Caelii
907 527 951 575 suis
965 552 976 578 e
1042 541 1046 547 ”

166 597 178 643 5
192 597 319 655 municipiis
327 597 437 644 venientes
446 598 542 654 primum
551 598 649 646 homines
658 598 708 647 novi
719 597 820 656 appellati
831 612 889 652 sunt,
899 600 976 650 deinde

192 687 243 716 vero
257 669 361 717 clarasiu
375 670 430 716 urbe
444 668 535 717 familias
550 670 679 718 habuerunt.
694 669 777 727 Populo
791 683 864 717 autem
879 671 975 721 Romano

191 753 252 790 vetus
261 742 304 790 iam
313 742 409 801 quaesita
418 754 512 800 potestas
521 756 565 790 erat
575 763 612 791 seu
622 742 649 791 de
657 742 715 801 plebi
725 763 763 791 seu
772 742 799 790 de
816 742 913 801 patribus
922 765 975 802 quos

192 814 256 863 vellet
266 814 365 864 consules
376 813 476 869 faciendi,
487 815 526 863 sed
536 828 607 873 patres
618 837 684 873 quarn
695 816 787 863 maxime
797 815 912 872 prohibere
922 818 975 866 nite·
1045 827 1047 830 ’

192 887 271 934 bantur
290 885 450 944 studebantque
469 887 528 934 omni
547 900 592 934 arte
611 900 635 935 ut
653 887 737 944 patricii
756 887 822 935 modo
840 887 975 938 consulatum
1043 910 1046 914 ¹

131 1008 134 1012 ,
152 959 177 1006 ll]
193 958 303 1014 haberent,
314 958 374 1018 quod
384 958 492 1017 inquinari
503 959 619 1017 imperium
629 959 741 1008 consulare
751 972 858 1018 putarent,
870 960 887 1007 si
898 980 975 1010 consu-

191 1031 221 1080 les
234 1044 272 1080 aut
285 1052 297 1079 e
309 1030 373 1090 plebe
385 1044 422 1080 aut
435 1032 528 1090 equestri
542 1052 568 1080 ex
580 1032 656 1080 ordine
668 1052 801 1091 quemquam
813 1053 859 1081 esse
872 1033 975 1084 viderent.
1045 1073 1047 1092 ;

193 1103 240 1151 Nec
257 1122 305 1151 raro
323 1103 375 1151 baec
392 1105 503 1151 contentio
520 1104 613 1152 comitiis
630 1105 779 1153 consularibus
792 1118 843 1152 orta
860 1106 975 1154 seditiones
1043 1114 1047 1128 ²

192 1177 323 1235 easdemque
338 1177 441 1224 maximas
455 1178 511 1225 inter
525 1190 596 1234 patres
610 1190 631 1225 et
645 1177 752 1236 populum
766 1178 873 1225 excitavit.

233 1249 361 1299 Ciceronem
372 1250 445 1307 itaque
456 1249 558 1308 repellere
569 1269 594 1297 ac
605 1250 720 1308 prohibere
731 1270 759 1298 ne
770 1250 845 1298 consul
861 1251 921 1299 fieret
933 1271 975 1299 non
1043 1243 1045 1245 i

151 1322 176 1370 15
192 1323 300 1371 Antonius
312 1335 333 1370 et
344 1320 437 1370 Catilina
448 1321 514 1371 modo
525 1323 563 1371 sed
574 1323 612 1381 qui
623 1323 654 1371 eis
665 1321 773 1377 favebant,
785 1322 876 1370 Crassus
888 1323 975 1371 Caesar-

191 1415 234 1453 que
248 1415 274 1442 ac
289 1396 359 1442 omnis
375 1413 443 1452 prope
458 1394 559 1442 nobilitas
574 1407 595 1442 et
609 1396 711 1453 patricius
726 1396 787 1449 ordo,
800 1415 889 1450 summo
904 1396 975 1443 studio
1045 1442 1047 1445 ,

191 1467 321 1517 nitebantur.
335 1467 411 1515 Latam
423 1487 511 1526 quoque
522 1487 534 1515 a
547 1466 659 1516 Callurnio
671 1468 740 1527 legem
759 1488 815 1527 quae
831 1468 913 1517 crimen
930 1462 974 1517 am-

191 1542 248 1588 bitus
264 1541 390 1589 coherceret
402 1540 544 1588 audacissime
560 1553 581 1588 et
593 1541 702 1589 Antonius
713 1553 734 1588 et
745 1540 838 1589 Catilina
853 1540 974 1598 spernebat.

191 1613 252 1669 Quae
261 1625 320 1661 tanta
330 1630 406 1660 eorum
415 1612 504 1661 audacia
514 1612 641 1670 displicebat
656 1632 722 1671 quam
737 1613 829 1661 maxime
844 1613 941 1669 patribus
951 1632 974 1660 ac
1045 1613 1047 1616 ’

147 1685 176 1733 20
191 1684 357 1742 εἰνίὺυςβοηὶε,
370 1683 504 1744 eandemque
516 1683 615 1734 inhibere
625 1698 688 1734 aucta
700 1685 752 1743 legis
764 1705 834 1743 poena
846 1684 974 1743 cogitabant.
1046 1719 1047 1739 Ξ

192 1759 236 1808 Sed
251 1758 357 1808 Catilinae
376 1759 443 1815 gratia
462 1758 597 1806 intercedens
616 1758 645 1824 Q.
666 1759 751 1807 Mutius
772 1758 908 1812 Hortensius,
928 1771 974 1806 tum

190 1831 246 1880 iorte
262 1832 363 1881 tribunus
380 1831 456 1889 plebis,
474 1844 574 1880 senatum
590 1832 617 1880 de
634 1853 703 1889 poena
719 1831 818 1889 augenda
834 1832 904 1888 legem
919 1829 974 1878 lerre

191 1904 309 1963 probibuit.
325 1902 418 1958 Moleste
432 1903 454 1951 id
467 1902 517 1952 tulit
531 1916 624 1959 senatus,
639 1904 699 1963 quod
713 1903 811 1962 exemplo
824 1904 973 1962 turpissimum

189 1997 235 2025 esse
250 1977 332 2026 videret
346 1977 481 2034 magistratus
495 1977 532 2034 qui
545 1977 619 2025 virtuti
633 1977 763 2025 deberentur
776 1997 801 2024 ac
813 1978 859 2025 dari
875 1977 973 2029 solerent,
1045 2002 1047 2039 3

147 2050 174 2096 25
191 2069 226 2097 eos
239 2062 314 2097 contra
327 2049 383 2105 leges
396 2061 417 2096 et
430 2049 527 2110 instituta
541 2049 647 2102 maiorum
659 2068 698 2106 per
710 2049 835 2106 superbiam
847 2061 868 2095 et
881 2049 974 2104 largitio¹
1045 2101 1047 2103 ¹

190 2141 241 2169 nem
247 2121 328 2170 haberi.
335 2121 411 2169 Cicero
420 2134 493 2169 autem
501 2120 593 2169 candida
601 2121 624 2169 in
632 2133 689 2178 toga,
696 2141 739 2179 qua
745 2121 910 2179 magistratuum
915 2139 973 2168 com-
1045 2120 1047 2122 ¹

190 2196 292 2252 petitores
303 2194 498 2243 'demonstrandam
513 2194 542 2242 ad
557 2195 703 2242 innocentiam
719 2195 842 2252 utebantur,
859 2195 882 2241 in
898 2205 972 2241 senatu

189 2266 278 2323 paulum
293 2279 343 2314 ante
359 2265 496 2313 comitiorum
518 2265 576 2313 diem
596 2277 670 2313 contra
685 2266 806 2314 Antonium
822 2279 843 2314 et
859 2263 974 2314 Catilinam
1045 2272 1047 2274 “

189 2339 350 2388 mordacissime
364 2339 461 2387 invectus
476 2351 515 2387 est.
530 2337 591 2387 Nihil
605 2338 664 2387 enim
677 2339 744 2387 tacuit
758 2339 818 2399 quod
832 2351 869 2388 aut
883 2339 906 2387 in
920 2335 972 2385 urbe

146 2413 175 2461 30
190 2425 226 2461 aut
241 2413 264 2460 in
278 2411 394 2471 provinciis
410 2432 503 2469 usquam
518 2411 625 2470 flagiciose
639 2412 667 2460 ab
682 2413 712 2460 eis
728 2411 810 2461 lactum
825 2425 880 2461 esset
896 2424 917 2460 et
932 2409 973 2457 dici

150 2517 152 2520 <
176 2503 239 2534 ¹vere
253 2485 350 2544 ipsorum
365 2484 392 2533 ad
407 2484 567 2538 contumeliam¹
577 2485 724 2543 ignominiam,
734 2485 914 2543 vituperationem
922 2501 970 2542 pos-

136 2592 138 2596 ›
157 2589 159 2592 >
188 2572 227 2606 set.
243 2558 343 2607 Ciceroni
354 2577 442 2616 quoque
452 2559 610 2616 responderunt
621 2558 651 2606 illi
662 2560 700 2607 sed
711 2559 764 2606 nibil
774 2571 846 2616 preter
856 2560 972 2614 novitatem

188 2632 271 2688 generis
282 2630 342 2690 quod
352 2630 602 2686 obicerenthabuerunt.
614 2631 679 2687 Quae,
685 2644 757 2679 tamen
768 2644 819 2679 sunt
829 2631 857 2679 ab
867 2631 898 2678 eis
909 2630 971 2681 dicta,

189 2724 213 2751 ea
229 2703 318 2761 quidam
330 2702 441 2751 Ciceronis
452 2703 480 2750 ad
491 2701 603 2750 infamiam
615 2703 722 2751 etodium
734 2702 873 2761 collegerunt.

187 2825 219 2872 34.
233 2826 281 2871 Post
294 2824 423 2878 collegerunt,
437 2824 513 2869 Acriter
523 2822 607 2880 quidem
615 2824 666 2869 clam
675 2824 818 2880 propalamque
828 2826 922 2880 utrinque
932 2838 972 2868 cer*

147 2905 217 2937 tatum.
232 2893 274 2938 Sed
288 2892 406 2937 Ciceronem
420 2890 500 2936 honoris
514 2908 575 2941 amor,
590 2889 633 2935 illos
642 2902 710 2935 autem
718 2892 796 2946 ubique
805 2909 889 2945 regnans
898 2886 972 2935 invidia

148 2970 168 3003 et
181 2959 298 3003 dominandi
312 2956 403 3002 studium
416 2957 537 3002 accendebat
551 2964 617 3004 stetim
630 2957 668 3003 del.
682 2967 701 3003 et
715 2958 785 3005 Va-cat
799 2976 843 3004 sscr.
