2093 3253
170 192 209 239 310
472 205 564 238 srcconrs
578 205 693 238 Possumus

210 320 239 368 ris
254 341 307 380 quas
319 320 347 369 ad
359 319 475 369 Catilinam
486 341 567 379 quasve
578 321 607 369 ad
618 320 710 380 populos
724 320 807 370 Galliae
819 320 946 371 deferendas
958 338 994 373 aut
1046 360 1047 363 =

209 393 334 442 Volturcius
344 405 381 441 aut
391 394 508 451 quisquam
519 393 613 446 baberet,
630 394 658 441 ad
673 393 785 441 consulem
801 393 930 442 Ciceronem
945 414 995 445 cum

210 466 253 515 iam
269 465 397 516 elucesceret
415 466 555 515 reducuntur.

254 537 315 588 Tum
329 538 406 588 Cicero
420 539 493 588 animo
506 540 632 598 quantisper
646 559 763 598 suspensus
773 559 801 587 ac
815 539 895 588 dubius
909 540 963 598 quid
977 543 994 590 ei

185 612 197 660 5
213 624 272 660 tanta
283 623 339 660 esset
350 612 373 659 in
384 630 407 660 re
417 610 542 660 laciendum
553 611 675 669 pensitabat
686 612 763 660 tacitus
775 631 856 659 secum.
869 611 927 660 Hinc
938 611 996 662 enim

213 684 292 742 gaudio
302 696 346 731 erat
356 683 440 742 plenus,
450 696 498 732 tum
508 684 568 741 quod
578 703 607 738 se,
618 684 679 742 quod
688 684 745 732 cives
755 684 831 737 bonos,
842 685 903 741 quod
912 684 995 740 urbem,

213 757 273 815 quod
287 754 458 813 rempublicam
474 755 567 804 maximo
583 776 595 803 e
610 755 706 813 periculo
722 776 831 814 manuque
851 776 876 803 ac
898 755 996 805 faucibus

213 828 348 888 perditorum
356 828 470 878 hominum
478 841 563 887 ereptos
571 828 715 887 liberatosque
722 829 811 885 videret,
819 842 868 878 tum
875 830 935 888 quod
943 846 997 880 esset

213 915 323 951 assecutus
335 902 381 949 sine
393 901 437 949 ullo
447 901 544 950 tumultu
554 915 576 949 et
588 903 632 949 rixa
643 902 704 960 quod
714 902 799 960 assequi
811 922 874 959 posse
886 923 997 960 nunquam

176 975 202 1024 l0
216 975 239 1022 ni
254 994 333 1031 magno
341 993 392 1021 cum
401 974 518 1021 certamine
526 992 551 1020 ac
560 973 686 1021 difficultate
694 985 787 1031 putaret.
797 973 852 1031 Spes
861 994 948 1033 nanque
957 974 997 1022 sibi

214 1044 284 1095 luerat
293 1067 405 1105 nunquam
413 1045 456 1096 ulla
465 1044 564 1095 luturum
573 1067 670 1104 unquam
678 1047 739 1104 quod
747 1067 786 1095 sua
794 1047 817 1095 in
823 1066 889 1094 manu
897 1059 918 1094 et
926 1061 997 1105 potes*

215 1132 258 1168 tate
274 1119 362 1168 baberet
378 1119 486 1177 principes
502 1119 587 1167 sceleris
603 1119 641 1177 qui
657 1119 758 1167 audiente
776 1132 852 1167 senatu
872 1139 897 1167 ac
917 1120 998 1177 populo

168 1231 170 1234 .
216 1192 314 1241 Romano
326 1190 479 1240 coniurationis
492 1190 580 1250 consilia
591 1211 616 1239 ac
628 1209 674 1239 rem
686 1211 774 1239 omnem
785 1190 904 1240 faterentur
916 1205 937 1240 et
948 1212 998 1250 ape-

216 1266 290 1318 rirent,
299 1285 333 1318 ne,
342 1263 519 1312 utiaffirmabant
524 1264 563 1323 qui
571 1264 604 1312 sui
613 1277 673 1312 erant
681 1263 763 1312 inimici
771 1284 796 1312 ac
801 1264 925 1329 ,credebant
929 1264 998 1319 multi,

170 1337 202 1387 ,15
217 1356 327 1386 accusasse
336 1335 391 1384 lalso
401 1337 458 1384 cives
468 1335 551 1385 nobiles
561 1336 676 1385 videretur.
689 1336 743 1385 lnde
752 1355 803 1385 vero
813 1335 906 1385 leticiam
916 1337 999 1385 minue*

215 1409 253 1457 bat
267 1408 410 1457 consideratio
425 1407 515 1467 periculi
531 1408 572 1463 sui,
588 1408 648 1467 quod
663 1407 727 1466 plane
742 1407 831 1462 videret,
847 1409 865 1456 si
882 1408 999 1457 Lentulum

216 1503 240 1531 ac
248 1494 343 1531 caeteros
355 1481 393 1540 qui
405 1494 476 1530 essent
489 1481 511 1530 in
523 1480 578 1530 urbe
589 1480 637 1540 capi
649 1480 733 1530 iuberet
745 1501 889 1540 poenamque,
905 1483 937 1530 uti
954 1502 999 1530 mos

216 1556 298 1615 patrius
308 1567 329 1604 et
339 1553 424 1603 sceleris
434 1555 535 1603 atrocitas
544 1553 642 1613 exigebat
649 1575 675 1603 ac
682 1567 743 1603 erent
750 1555 807 1603 bene
815 1554 893 1608 meriti,
899 1568 999 1609 sumeret,

217 1628 316 1677 futurum
329 1628 376 1675 sine
389 1627 457 1675 dubio
470 1627 531 1686 quod
543 1627 585 1675 sibi
598 1627 730 1687 permaxima
743 1627 831 1682 invidia,
845 1641 931 1676 aeterna
945 1627 999 1683 odia,

176 1702 205 1751 20
219 1702 314 1760 ingentia
327 1700 422 1760 pericula
435 1720 465 1749 ac
474 1693 591 1749 certemina
605 1721 656 1749 curn
670 1700 714 1750 suis
729 1721 755 1749 ex
770 1699 863 1749 inimicis
882 1713 904 1749 et
923 1700 1000 1750 invidis

217 1787 265 1823 tum
273 1774 360 1822 illorum
368 1793 395 1822 ex
403 1774 478 1821 amicis
487 1793 511 1821 ac
521 1774 645 1822 necessariis
653 1774 767 1821 orirentur.
776 1773 817 1821 His
825 1773 915 1831 quidem
923 1793 1000 1831 angus-

217 1846 253 1892 tiis
268 1863 342 1893 secum
354 1844 412 1892 baud
423 1862 501 1901 parurn
514 1844 607 1893 multum
622 1843 757 1892 conflictatus
773 1856 813 1892 est.
829 1843 899 1892 Evicit
913 1844 1001 1891 tandem

218 1918 256 1978 qui
264 1918 349 1967 animus
358 1916 398 1965 viri
406 1915 469 1966 fortis
477 1929 499 1966 et
507 1916 662 1967 consulisboni
671 1929 723 1967 erut.
732 1916 821 1977 Quippe
830 1916 922 1967 salutern
930 1916 1001 1977 publi-

218 2012 266 2041 cam
277 1992 340 2041 saluti
351 2011 402 2040 suae
413 1991 507 2040 omnino
513 1992 687 2050 anteponendam
698 2011 745 2039 esse
755 1990 875 2040 constituit.
887 1990 951 2039 Missi
963 1990 1001 2038 ita-

177 2065 205 2114 25
221 2085 264 2123 que
278 2064 306 2112 ab
320 2084 346 2112 eo
361 2063 433 2112 subito
445 2063 481 2112 alii
494 2064 532 2122 qui
546 2063 673 2117 Gabinium,
686 2063 722 2111 alii
735 2063 773 2121 qui
787 2062 903 2116 Statilium,
916 2063 951 2110 alii
965 2062 1001 2120 qui

176 2190 178 2194 A
220 2136 349 2196 Cethegum,
366 2136 402 2184 alii
419 2136 462 2196 qui,
475 2135 600 2192 Lentulum,
618 2135 654 2185 alii
671 2136 709 2196 qui
727 2135 857 2195 Caeparium
874 2135 1006 2196 (effugerant

219 2211 296 2259 caeteri
305 2209 368 2267 urbe)
377 2210 405 2258 ad
413 2230 436 2258 se
444 2210 555 2264 ducerent,
564 2209 600 2258 alii
609 2210 646 2268 qui
656 2223 756 2258 senatum
764 2210 845 2275 interea
852 2222 1002 2258 convocarent.

263 2283 422 2339 Decembribus
433 2283 474 2330 hoc
484 2282 555 2331 Nonis
564 2283 614 2330 tuit.
627 2283 673 2330 lam
682 2283 741 2330 enim
751 2277 875 2331 consulatus
886 2282 932 2329 eius
943 2301 1003 2329 men-

220 2355 249 2401 sis
263 2367 372 2402 extremus
383 2367 435 2402 erat.
449 2353 524 2412 lpsum
535 2366 615 2408 autem,
628 2353 681 2402 dum
693 2366 779 2402 senatus
791 2352 913 2411 legitimum
923 2352 952 2401 ad
964 2373 1003 2400 nu¹

178 2427 207 2477 30
222 2446 307 2476 merum
320 2426 450 2482 conveniret,
464 2426 572 2475 adhortari
587 2425 711 2475 nitebantur
724 2425 814 2485 quidam
827 2438 851 2474 ut
865 2446 919 2485 quas
932 2438 1003 2485 captas

219 2500 312 2549 babebat
326 2499 407 2548 litteras
421 2501 520 2558 aperiret,
541 2499 627 2557 legeret,
648 2499 737 2553 videret,
753 2520 787 2553 ne,
803 2499 821 2546 si
841 2498 901 2547 aliud
915 2497 1004 2547 fortasse

186 2576 188 2578 ’
219 2593 286 2631 quam
300 2591 339 2621 sua
353 2583 408 2620 esset
423 2571 497 2630 opinio
511 2572 653 2625 continerent,
673 2570 730 2629 capti
750 2589 837 2620 rumore
856 2569 910 2619 lalso
929 2590 955 2619 ac
973 2582 1004 2617 ten

219 2663 278 2693 mere
290 2645 347 2693 cives
359 2644 414 2691 tanti
426 2664 451 2692 ac
464 2644 570 2692 Lentulus
580 2644 635 2702 ipse,
649 2644 687 2702 qui
699 2656 755 2691 esset
768 2656 854 2701 praetor
865 2641 1004 2701 acpatricius‚
1022 2704 1024 2707 ·

219 2717 351 2767 viderentur.
362 2716 407 2766 Sed
417 2737 550 2776 quamquam
560 2716 583 2765 id
594 2716 642 2770 sibi,
653 2716 714 2776 quod
724 2729 779 2765 esset
790 2715 873 2771 consul,
884 2716 931 2765 sine
941 2713 1004 2764 dubi-

179 2791 207 2840 35
222 2792 303 2841 tatione
316 2792 396 2847 liceret,
410 2791 466 2838 flecti
480 2804 552 2839 tamen
566 2811 578 2839 a
591 2791 677 2839 nemine
691 2790 762 2849 potuit
776 2803 799 2838 ut
813 2789 893 2838 litteras
907 2789 1004 2847 aperiret.

178 2875 179 2878 ’
222 2864 327 2925 Senatum
336 2863 426 2921 quidem
435 2861 593 2920 expectandum
601 2862 725 2920 litterasque
734 2861 764 2918 ad,
771 2874 870 2909 senatum
879 2860 1005 2924 deferendas

221 2936 253 2985 uti
262 2948 322 2985 erant
332 2934 397 2993 signis
407 2935 495 2992 integris
505 2934 586 2984 statuit.
598 2931 724 2983 lllisauteni
733 2934 845 2992 respondit
854 2946 932 2992 patres,
942 2932 1006 2981 etiam
