2093 3253
134 167 173 215 272
409 196 411 200 s
435 181 526 213 siccome
540 180 656 211 rorsurour

177 298 245 346 virtus
261 297 283 345 in
298 295 468 354 bellorgerendo
484 294 544 353 apud
561 293 656 343 Graecos
673 292 791 342 clarissima
808 292 880 346 luerit,
903 309 962 352 patre

178 383 252 418 tamen
266 383 299 419 est
314 381 377 417 natus
395 367 473 429 humili
489 387 514 416 ac
530 367 659 423 tenuissime
675 367 769 425 primam
785 378 882 415 aetatem·
894 367 961 420 duxit.
1029 359 1033 430 Ξ

178 443 305 499 Agatoclem
316 460 367 489 vero
378 439 451 499 regem
462 460 474 487 e
484 441 563 487 lenone
573 440 656 488 tactum
667 438 741 488 Sicilia
751 451 772 486 et
783 438 838 486 vidit
848 451 870 485 et
877 438 962 491 habuit.
1031 431 1034 496 Ξ

179 514 298 566 Aristidem
304 513 366 561 tenui
373 512 455 560 familia
463 531 488 560 ac
495 513 561 571 inope
569 524 658 570 parente
666 524 741 560 natum
750 511 818 559 virtus
829 530 927 559 summos
937 515 963 563 ad

153 589 166 636 5
183 587 319 645 magistratus
335 585 412 634 evexit.
422 585 470 633 Nec
479 585 549 633 Roma
558 584 662 644 exemplis
672 584 737 633 caret.
747 583 820 641 Quem
829 585 876 643 ipsa
890 601 964 643 regum

182 674 268 708 sextum
281 660 358 707 babuit
371 659 473 705 Servium
487 658 586 712 Tullum,
601 661 619 705 is
634 671 697 706 natus
711 675 772 705 serva
785 676 811 705 ac
824 675 899 705 servus
908 656 964 708 luit.

182 730 302 779 Consulare
317 731 434 787 imperium
452 731 532 787 septies
550 743 661 777 assecutus
685 741 718 776 est
741 728 768 777 C.
788 729 873 777 Marius
886 730 965 779 ¹senior

181 805 294 864 clarosque
307 804 334 852 de
347 803 446 851 hostibus
457 803 519 852 victis
529 803 653 862 triumphos
665 803 715 860 egit,
727 803 767 850 etsi
778 801 881 860 lignarius
892 822 917 850 ac
927 803 966 860 lig.

183 878 243 926 nario
259 891 319 935 patre
335 889 398 924 natus
414 888 477 923 esset.
489 875 644 932 Dyoclicianus
655 889 677 922 et
687 888 751 932 gente
762 874 864 922 Dalmata
874 888 895 921 et
911 874 966 923 filius

145 951 170 999 l0
185 949 268 997 scribae
282 948 331 998 luit.
347 948 433 997 Patrem
449 947 524 996 habuit
540 948 667 997 libertinum
686 948 793 1002 Pertinax,
815 948 853 1007 qui
872 947 967 997 decimus

184 1043 255 1071 nonus
274 1023 356 1072 Romae
374 1035 423 1081 post
444 1023 525 1072 Iulium
543 1022 659 1071 Caesarem
677 1021 798 1080 imperavit.
817 1021 968 1079 Argentarium
1034 1072 1038 1089 Ξ

185 1095 253 1144 luisse
263 1109 348 1155 patrem
358 1094 479 1145 Octaviano
489 1095 580 1154 quidam
590 1095 662 1143 testati
673 1107 731 1143 sunt.
743 1094 822 1153 Neque
833 1113 884 1143 vero
895 1109 969 1145 natum

185 1189 208 1215 se
223 1168 300 1216 clarius
313 1188 379 1225 quam
391 1167 473 1216 familia
485 1168 567 1215 ordinis
580 1169 686 1225 equestris
699 1168 760 1215 dixit.

228 1239 333 1288 Venirent
348 1238 371 1286 in
386 1239 510 1297 exemplum
526 1238 596 1286 multi.
613 1238 657 1286 Sed
673 1259 701 1286 ne
717 1238 863 1296 digrediamur
879 1238 969 1297 longius,

148 1313 173 1362 15
189 1310 322 1363 revertamur
337 1312 365 1360 ad
381 1310 517 1361 Ciceronem.
535 1311 630 1359 Maiores
646 1311 712 1368 igitur
728 1311 761 1359 sui
777 1332 790 1359 e
805 1312 932 1370 municipio,
948 1327 971 1361 ut

188 1386 240 1440 dixi,
256 1385 341 1443 Arpino
357 1385 443 1433 oriundi
458 1386 525 1433 veteri
542 1384 636 1432 familiae
651 1397 796 1441 cognomento
811 1398 862 1432 sunt
878 1385 972 1442 primum

189 1457 257 1505 Tullii
272 1456 381 1515 appellati.
404 1456 430 1504 Id
445 1476 526 1504 nomen
541 1456 604 1504 tertia
622 1456 730 1515 geminata
746 1455 817 1504 littera
834 1456 973 1506 scribendum

190 1531 312 1578 Priscianus
321 1530 391 1577 docet.
400 1529 508 1577 Additum
516 1549 567 1578 vero
576 1542 651 1588 postea
659 1535 683 1577 ut
692 1530 730 1588 qui
739 1543 810 1578 essent
819 1530 859 1577 hac
870 1531 910 1578 ista
921 1550 933 1578 e
943 1529 952 1578 1
965 1559 974 1570 -
1044 1544 1045 1573 1

190 1602 249 1651 milia
256 1602 382 1651 Tulliorum
392 1602 457 1650 etiarn
468 1602 585 1650 Cicerones
595 1616 741 1660 cognomento
751 1601 819 1650 altero
832 1601 974 1660 appellentur.

149 1677 177 1723 20
193 1675 265 1723 Huius
276 1675 306 1723 rei
317 1694 404 1722 causam
414 1673 450 1721 alii
461 1673 525 1721 aliam
536 1693 582 1721 esse
595 1687 680 1732 putant.
697 1673 837 1722 Benvenutus
855 1675 974 1728 {molensis

191 1747 343 1805 grammaticus
354 1745 451 1804 alioquin
462 1746 539 1795 doctus
549 1765 575 1794 ac
583 1746 687 1794 memoria
698 1765 736 1794 sua
751 1745 831 1795 multae
843 1746 975 1796 auctoritatis

192 1833 212 1868 et
228 1817 305 1873 lamae,
322 1839 373 1866 cum
388 1820 411 1866 in
422 1818 532 1867 Valerium
544 1819 667 1868 Maximum
678 1820 781 1868 scriberet
792 1821 865 1867 nescio
876 1841 921 1878 quo
931 1822 975 1874 sed,
1044 1834 1046 1836 ’

193 1904 300 1949 quantum
311 1892 395 1948 opinor,
407 1891 455 1938 rudi
467 1905 524 1938 certe
534 1910 560 1938 ac
568 1897 623 1938 vano
631 1904 719 1939 auctore
727 1910 787 1944 usus,
797 1891 926 1939 Ciceronem
934 1892 977 1939 Ro-

194 1982 258 2010 mana
272 1961 345 2021 lingua
361 1961 430 2009 solere
450 1962 538 2020 cignum
559 1962 669 2020 appellari,
686 1976 803 2021 ortumque
819 1964 870 2011 iude
885 1962 978 2011 familiae

152 2036 180 2086 25
197 2036 247 2085 huic
260 2054 388 2093 cognomen,
404 2035 465 2095 quod
479 2036 567 2094 signum
582 2035 606 2084 in
619 2048 681 2085 scuto
691 2049 735 2085 tres
747 2034 813 2085 lerret
824 2037 906 2097 cignos,
918 2036 978 2086 dixit.

162 2165 163 2168 Ξ
195 2109 304 2157 Prisciano
312 2121 385 2157 autem
393 2107 613 2157 Ciceronemafaciei
624 2109 700 2156 habitu
709 2108 843 2167 appellatum
852 2110 929 2167 placet.
938 2109 979 2157 As·
1046 2140 1047 2149 .

195 2181 261 2229 sentit
270 2181 289 2228 ei
301 2180 428 2229 Leonardus
443 2180 554 2229 Aretinus
570 2180 616 2229 Suo
631 2181 690 2229 enim
701 2181 724 2229 in
735 2181 841 2230 Cicerone
852 2194 925 2231 ortum
935 2190 980 2230 esse

197 2255 238 2303 boc
249 2273 370 2312 cognomen
381 2253 463 2308 scribit,
475 2255 535 2313 quod
546 2267 641 2302 extrema
652 2256 674 2302 in
686 2255 731 2303 nasi
743 2267 804 2313 parte
814 2246 912 2304 eminens
921 2254 980 2314 quic·
1046 2300 1047 2303 ,

197 2348 263 2386 quam
280 2328 302 2376 in
320 2327 413 2385 figuram
429 2327 504 2375 ciceris
521 2328 559 2385 qui
575 2329 659 2384 primus
674 2340 707 2375 est
722 2328 761 2375 hac
779 2349 790 2374 e
807 2327 889 2376 familia
905 2328 981 2377 Cicero

156 2401 184 2449 30
199 2401 365 2458 cognominatus
376 2399 472 2448 haberet.
486 2399 540 2449 Inde
550 2421 671 2458 cognomen
683 2401 705 2449 id
713 2400 813 2449 additum
824 2415 848 2449 ut
859 2400 895 2449 ille
906 2400 986 2458 suique

197 2473 260 2522 liberi
275 2493 300 2522 ac
316 2472 397 2532 posteri
413 2491 489 2520 omnes
505 2473 548 2521 sint
559 2472 676 2522 Cicerones
687 2473 752 2523 simul
763 2487 784 2523 et
795 2472 863 2523 Tullii
874 2470 983 2534 appellati.

201 2547 226 2594 Id
241 2567 330 2605 quoque
345 2545 437 2594 testibus
448 2545 522 2593 multis
539 2560 629 2602 constat,
647 2547 756 2596 Romanos
773 2547 828 2596 hanc
844 2545 983 2596 consuetudi*

145 2674 147 2712 Ῑ
196 2691 222 2727 n.
235 2691 281 2727 suo.
294 2692 336 2735 nug.
349 2691 365 2727 2.
417 2691 699 2738 ts.t2nsc.raa.11.23(11,p.
719 2692 741 2729 ss
762 2692 791 2737 rc).
842 2692 871 2730 21.
890 2692 927 2730 noe
945 2702 985 2733 opus

159 2767 192 2789 non
204 2752 267 2789 editum
279 2762 309 2788 est.
362 2752 391 2788 26,
403 2753 452 2790 Prisc.
465 2754 505 2790 Inst.
519 2752 539 2789 11.
552 2753 575 2789 24
592 2752 621 2797 (ΙΙ,
638 2768 654 2796 p.
672 2754 695 2790 58
713 2753 743 2797 K).
798 2753 827 2790 27.
845 2753 883 2790 Hoc
897 2767 938 2797 opus
953 2764 986 2786 non

160 2812 222 2850 editum
234 2821 263 2849 est.

203 2943 222 2988 2.
236 2945 311 2998 duxilt)
326 2951 369 2988 1'.r.
427 2945 456 2988 18.
471 2944 528 2988 docet
542 2951 556 2987 i.
570 2963 586 2988 r.
630 2971 631 2975 =
