2093 3253
255 140 385 172 SCRIPTORUM
399 139 524 170 lLLUSTRIUM
537 150 551 155 -
565 139 623 170 LIBER
637 139 673 169 vlt.
838 124 875 170 l93

82 258 150 320 ¹quod
160 277 203 317 qua
213 268 282 305 aetate
293 253 328 303 ille
341 253 406 303 rebus
419 253 517 303 maximis
530 253 594 312 gestis
607 253 696 302 orientis
708 252 825 317 imperium
835 252 875 301 do-

91 331 188 384 muisset,
196 329 243 388 ipse
251 325 306 376 nihil
319 346 398 385 magno
412 326 458 376 viro
471 326 569 386 dignum,
583 325 638 376 nihil
652 323 791 375 memorabile
804 325 875 375 inten-

90 416 163 455 tasset.
178 402 236 450 Hinc
248 400 356 449 enimtax
367 399 404 448 illa
416 412 448 448 est
460 399 537 448 dietim
549 400 617 457 magis
629 412 694 458 atque
707 399 775 456 magis
787 417 876 447 accensa

91 497 146 539 quae
154 474 204 524 belli
214 473 282 522 civilis
292 471 378 521 flamme
387 485 452 532 atque
461 472 562 521 incendio
570 485 645 533 postea
654 484 675 520 et
684 471 762 521 urbem
770 484 792 520 et
801 471 876 520 orbern
945 515 947 519 .

64 554 77 603 5
92 550 175 601 evertit.
742 590 743 593 ,

133 625 240 682 Quaestor
255 642 343 681 quoque
357 622 448 670 amitam
461 621 545 677 Iuliam,
561 642 616 681 quae
627 622 717 670 senioris
729 621 796 670 Marii
806 619 877 669 tuerat

92 716 146 749 uxor
160 709 232 755 atque,
247 707 272 745 ut
288 694 379 753 predixi,
396 694 461 744 Marii
477 694 567 744 iunioris
583 708 657 750 mater,
674 707 702 750 et,
721 715 788 754 quam
803 694 876 743 stricte

92 771 184 824 amabat,
201 768 340 823 Cornelliam‚
357 787 447 816 uxorem
463 788 532 822 suam,
548 768 598 816 unis
614 768 669 817 lorte
685 769 762 817 diebus
778 770 822 817 vita
838 769 876 816 de·

92 845 177 892 lunctas
192 841 287 889 laudavit
304 859 344 899 pro
361 840 444 888 rostris.
462 839 581 898 Templum
599 832 680 888 Romae
697 841 719 888 in
737 839 785 888 loro
801 839 877 899 appel-

55 921 81 970 10
95 916 166 966 labant
181 927 256 969 rostra,
270 913 330 974 quod
344 912 422 962 Latino
436 912 493 962 bello
506 914 556 962 victi
569 913 670 961 Anciates
684 915 739 962 inter
752 914 811 972 pacis
824 934 877 963 con·
898 910 899 914 ¹

94 985 188 1039 diciones
201 989 275 1046 ipsum
288 987 363 1035 rostris
376 988 465 1035 navium
478 999 623 1035 exornassent.
638 986 687 1034 Hoc
699 987 772 1044 itaque
785 988 808 1034 in
821 987 876 1040 loco,

94 1061 153 1122 quod
164 1061 186 1108 in
197 1080 223 1107 eo
234 1057 336 1119 frequens
348 1058 442 1118 populus
453 1058 584 1114 conveniret,
598 1057 665 1107 lulius
677 1057 756 1108 Caesar
765 1058 793 1107 ad
804 1058 877 1109 uxoris
910 1067 911 1070 ’

94 1149 115 1184 et
129 1125 207 1183 amitae
219 1133 306 1181 laudem
319 1132 426 1180 orationes
439 1131 620 1180 luculentissimas
634 1131 716 1180 habuit.
729 1131 774 1199 §ed
787 1132 878 1181 cum‘de

94 1208 158 1256 amita
169 1217 247 1264 ageret,
260 1225 327 1264 genus
339 1226 404 1253 suum
415 1218 437 1253 et
447 1217 563 1263 paternum
573 1217 595 1253 et
606 1217 728 1254 maternum
739 1204 834 1254 laudavit
845 1204 878 1253 his

57 1282 81 1330 15
96 1280 173 1330 verbis:
189 1279 291 1327 «Amitae
302 1299 362 1326 meae
374 1278 440 1327 Iuliae
451 1290 573 1326 maternum
584 1298 651 1335 genus
662 1278 689 1326 ab
701 1277 787 1342 regibus
798 1291 877 1332 ortum,

95 1364 209 1411 paternum
219 1371 271 1399 cum
282 1350 323 1399 diis
335 1351 493 1399 immortalibus
505 1351 647 1399 coniunctum
657 1363 697 1398 est.
708 1350 768 1399 Nam
778 1350 805 1399 ab
817 1350 878 1399 Anco

95 1425 175 1474 Martio
190 1437 241 1473 sunt
253 1423 328 1473 Martii
340 1441 408 1482 reges,
420 1444 464 1483 quo
476 1425 565 1473 nomine
576 1423 618 1473 fuit
626 1416 701 1479 maten
709 1444 722 1473 a
730 1423 814 1473 Venere
822 1424 878 1480 Iulii,

94 1499 155 1547 cuius
170 1499 239 1555 gentis
258 1497 339 1545 familia
357 1510 430 1545 nostra
447 1509 487 1545 est.
505 1496 545 1551 Est,
561 1515 611 1555 ergo
629 1509 703 1564 nostro
721 1498 744 1545 in
762 1495 839 1554 genere
858 1509 879 1545 et

94 1571 194 1619 sanctitas
210 1588 293 1627 regum,
310 1570 347 1628 qui
363 1569 483 1628 plurimum
498 1570 554 1619 inter
569 1569 667 1618 homines
683 1569 772 1630 pollent,
789 1582 810 1618 et
825 1570 879 1634 ceri7

55 1645 82 1693 20
97 1644 167 1692 monia
182 1644 280 1697 deorum,
295 1661 389 1701 quorum
403 1643 444 1701 ipsi
458 1643 481 1691 in
495 1655 600 1701 potestate
614 1655 665 1691 sunt
679 1659 766 1700 reges.»
781 1642 879 1691 Gratiam

96 1715 186 1763 multam
198 1729 290 1774 utraque
303 1715 433 1769 laudatione,
447 1715 486 1763 sed
499 1715 563 1773 longe
576 1715 679 1763 maiorem
691 1715 720 1762 ob
733 1716 880 1764 laudationem

96 1787 216 1838 Cornelliae
226 1801 336 1838 assecutus
347 1801 387 1838 est.
398 1787 519 1838 Plurimum
529 1789 588 1837 enim
599 1786 677 1838 favoris
687 1799 712 1837 ac
722 1788 880 1838 benivolentiae

95 1861 204 1919 popularis
214 1862 321 1910 contraxit
330 1882 381 1910 cum
391 1862 494 1910 orationis
504 1861 608 1920 elegantia
618 1873 640 1910 et
649 1861 761 1923 dignitate,
772 1861 832 1920 quod
842 1862 880 1911 de-

96 1933 167 1982 limata
175 1934 253 1983 “verbis
265 1946 286 1983 et
297 1933 361 1992 plena
372 1934 490 1983 modestiae
500 1954 526 1983 ac
537 1934 676 1983 humanitatis
687 1947 750 1989 esset,
761 1947 809 1983 tum
820 1934 881 1995 quod

2 2062 3 2065 Ἴ
56 2005 86 2062 25,
98 2008 180 2063 primus
195 2008 341 2055 laudationem
351 2008 477 2055 demortuae
489 2007 582 2055 leminae
592 2009 676 2055 iuvenis
689 2007 806 2055 habuisset.
823 2008 881 2055 Lau-

96 2078 141 2125 dari
155 2079 245 2137 quidem
259 2077 372 2127 defunctas
387 2090 494 2128 matronas
509 2100 564 2137 quae
578 2093 630 2128 natu
644 2092 715 2127 essent
728 2081 819 2137 grandes
834 2100 880 2127 mos

97 2149 207 2200 Romanus
217 2164 269 2207 erat,
279 2152 368 2201 iuvenes
378 2164 451 2201 autem
460 2150 559 2207 feminas,
570 2152 669 2211 quamvis
679 2151 762 2201 nobiles
773 2165 794 2200 et
804 2171 880 2201 uxores

95 2223 205 2273 adamatae
213 2225 312 2279 luissent,
322 2225 404 2274 laudari
412 2225 475 2274 illum
483 2226 506 2274 in
514 2225 574 2274 diem
581 2245 621 2283 pro
630 2226 704 2274 rostris
713 2225 773 2274 nullo
782 2225 881 2284 exemplo

96 2296 195 2345 auditum
209 2310 262 2346 erat.
277 2297 373 2347 Uxorem
387 2316 438 2347 vero
451 2311 526 2357 postea
534 2299 561 2362 in
575 2293 648 2346 locum
661 2297 777 2346 defunctae
791 2298 882 2347 Cornel-

1 2385 3 2387 ’
58 2365 85 2415 30
99 2368 138 2416 liae
148 2370 209 2419 duxit
219 2371 298 2419 Caesar
307 2370 440 2430 Pompeiam,
451 2370 479 2429 Q.
489 2370 586 2431 Pompeii
596 2371 663 2420 liliam
672 2384 737 2431 atque
746 2371 881 2431 illius'ipsius

96 2441 166 2498 Syllae
177 2456 266 2502 neptem
277 2444 315 2503 qui
326 2456 383 2499 ante,
395 2456 419 2499 ut
430 2444 482 2499 dixi,
493 2443 570 2493 luisset
581 2444 673 2493 dictator
683 2464 708 2492 ac
719 2445 774 2503 vitae
785 2464 836 2493 suae
847 2445 881 2493 in-

96 2514 185 2564 sidiatus
200 2529 262 2566 esset.
761 2576 763 2578 ,

138 2586 189 2635 Post
198 2601 336 2646 quaesturam
345 2608 397 2653 vero
405 2589 480 2637 aedilis
486 2589 585 2644 cumulis,
592 2602 641 2647 post
646 2589 777 2637 aedilitatem
785 2590 883 2648 pontifex

98 2659 202 2708 maximus
217 2673 301 2710 creatus
313 2670 353 2710 est.
366 2661 415 2719 Qua
427 2662 450 2710 in
463 2679 485 2710 re
498 2662 649 2720 competitores
662 2662 719 2709 viros
732 2662 797 2710 etiam
809 2661 882 2714 claris,-

58 2750 198 2765 x*

92 2787 108 2825 s.
120 2789 166 2828 sua.
179 2793 211 2831 m.
224 2792 240 2829 a.
261 2771 262 2774 ’
292 2793 318 2833 u.
332 2794 373 2830 rua.

65 2900 115 2958 ,9.
130 2904 221 2959 (rostlris.
235 2905 344 2959 Templum
358 2913 371 2951 i.
387 2926 402 2951 r.
479 2932 490 2939 ’-

96 3055 115 3092 ts
