2093 3253
254 115 385 148 scauronuu
399 115 525 147 nausrnruu
538 126 551 133 -
565 115 623 146 arran
637 88 681 145 xiu.
836 101 876 148 365

50 278 52 282 Α
93 233 202 291 Quintum
219 231 314 281 laudavit
331 251 423 285 summe,
442 231 501 290 quod
519 231 564 279 eius
582 231 661 279 virtute
678 229 760 278 iactum
778 243 832 279 esset
850 252 877 279 ne

93 306 183 355 hiberna
204 306 276 353 hostes
297 305 370 353 subito
390 305 473 362 impetu
493 317 601 362 caperent.

138 378 217 425 Crasso
238 397 326 436 quoque
348 394 413 434 opera
434 376 530 435 Pompeii
552 377 616 425 rediit
637 378 660 424 in
683 377 772 434 gratiam
794 376 877 424 Cicero.

97 450 162 502 Illum
179 450 237 500 enim
254 471 280 499 eo
297 449 398 509 perduxit
415 449 608 510 Pompeiusquod
624 469 674 508 erga
691 449 819 498 Ciceronem
836 449 877 498 ini-

68 524 191 576 5micicias
209 524 282 582 posuit
299 544 325 572 ac
343 522 470 582 priusquam
488 523 510 571 in
528 523 617 572 Parthos
635 524 675 571 iret
693 522 752 581 apud
770 543 821 571 eum
838 542 878 581 pro

94 599 156 655 signo
175 617 200 645 ac
219 597 344 645 testimonio
363 595 473 643 amiciciae
492 609 513 643 et
533 597 611 654 gratiae
631 597 742 644 restitutae
761 596 845 644 cenavit
855 597 878 643 in

95 669 313 729 ortis'Crassipedis,
340 668 412 729 generi
437 668 555 717 Ciceronis.
580 669 667 718 Deinde
691 687 742 717 vero
766 669 878 718 absentem
922 727 924 729 v

94 744 156 792 illum
168 744 245 792 Cicero
257 744 280 791 in
292 755 368 791 senatu
380 742 539 790 commendavit
551 743 645 791 multum
656 763 681 790 ac
693 763 756 800 saepe
773 741 877 792 defendit.

135 816 225 865 Curavit
240 836 326 875 nanque
342 814 425 868 Cicero,
441 828 582 874 posteaquam
596 827 628 864 est
643 815 670 863 ab
686 815 749 863 exilio
759 829 878 873 revocatus,

57 894 82 941 10
97 889 200 947 Pompeio
218 888 340 947 Crassoque
358 908 383 935 ac
400 887 486 935 Caesari
503 887 618 936 adhaerere
636 900 701 946 atque
718 888 748 936 ita
764 888 837 937 vivere
853 904 878 938 ut

46 988 48 990 ·
94 961 148 1011 nihil
163 961 191 1010 ab
207 981 233 1008 eo
249 960 332 1009 dictum
348 960 415 1009 videri
432 971 468 1007 aut
484 958 566 1008 factum
581 971 653 1019 posset
669 960 729 1019 quod
745 960 777 1008 bis
798 962 877 1020 princi-

96 1034 160 1093 pibus
183 1033 320 1092 displiceret„
335 1033 372 1081 Sic
394 1032 453 1080 enim
474 1045 572 1090 tempora
594 1032 705 1081 iubebant.
722 1033 773 1080 Non
789 1034 878 1091 quidem

95 1106 164 1155 libens
176 1126 202 1154 ac
214 1105 288 1154 volens
302 1102 370 1153 haesit
380 1104 428 1158 illis,
440 1104 500 1163 quod
510 1124 561 1152 eum
574 1124 618 1153 non
631 1103 706 1152 lateret
716 1104 802 1153 vivendi
814 1106 878 1154 ration

96 1200 147 1228 nem
159 1171 260 1238 ipsorum
277 1178 352 1237 procul
370 1170 437 1226 dubio
453 1177 551 1235 patribus
567 1197 592 1225 ac
609 1177 638 1226 rei
656 1177 756 1241 publicae
772 1179 878 1237 pernicio-

57 1257 81 1303 15
98 1273 144 1300 sam
160 1251 221 1305 iore;
238 1251 277 1299 sed
292 1265 378 1299 coactus
396 1250 467 1304 minis,
484 1250 574 1305 insidiis,
591 1244 686 1299 audacia
695 1249 833 1300 inimicorum
850 1253 879 1300 ita

96 1325 136 1375 sibi
157 1321 275 1374 vi'vendum
295 1344 341 1373 esse
361 1323 473 1373 constituit
493 1336 517 1372 ut
538 1343 561 1372 se
576 1323 637 1383 quasi
653 1324 760 1382 praesidio
775 1324 878 1383 quodam,

97 1419 148 1446 cum
161 1398 204 1446 alio
218 1419 262 1445 non
277 1411 357 1455 posset,
372 1397 451 1445 borum
464 1396 537 1445 favore
552 1409 573 1445 et
587 1397 684 1455 potentia
698 1409 801 1446 tueretur.
817 1396 879 1446 Exilii

98 1491 184 1529 nanque
204 1470 349 1524 acerbitatem,
370 1470 478 1518 bonorum
498 1469 649 1528 direptionem,
670 1469 808 1518 inimicorum
827 1470 878 1526 vim,

97 1543 218 1604 periculum
233 1543 289 1592 vitae
304 1541 369 1591 semel
385 1555 485 1601 expertus
496 1542 574 1591 iterum
585 1542 657 1591 subire
667 1535 879 1601 penitus'devitabat.

56 1620 84 1667 20
99 1617 290 1674 Quemadmodum
312 1617 371 1665 enim
393 1616 501 1674 naviganti
523 1637 567 1664 non
583 1616 658 1664 eadem
674 1635 758 1674 semper
780 1616 818 1664 sed
839 1615 880 1664 alia

97 1689 171 1746 quieto
188 1689 229 1738 alia
246 1710 271 1737 ac
289 1709 352 1747 saepe
369 1689 475 1736 contraria
491 1688 578 1737 turbato
596 1688 649 1737 mari
667 1688 721 1736 ratio
738 1701 770 1736 est
780 1688 879 1741 tenenda,

97 1761 126 1810 ita
147 1761 188 1810 sibi
209 1761 322 1821 permultis
344 1760 495 1811 insidiantibus
521 1760 613 1810 inimicis
634 1773 656 1810 et
676 1774 763 1819 patrum
788 1763 880 1811 auctori-

97 1848 141 1883 tate
157 1847 281 1894 contempta
299 1834 468 1893 haudquaquam
484 1847 509 1883 ut
526 1834 586 1893 prius
603 1853 676 1883 severe
693 1854 718 1882 ac
734 1833 801 1882 libere
818 1835 840 1883 in
858 1854 880 1882 re

97 1908 184 1965 publica
201 1909 332 1956 versandum
350 1908 388 1955 sed
406 1927 445 1965 pro
463 1921 567 1965 tempore,
586 1928 637 1955 cum
652 1907 711 1955 aliud
726 1907 811 1955 nullum
826 1922 881 1956 esset
924 1949 925 1964 2

57 1981 85 2028 25
100 1981 227 2034 remedium,
246 1981 286 2028 sibi
304 1980 421 2028 vivendum
438 1999 492 2033 esse,
501 1980 591 2037 putavit.
609 1979 702 2027 Proinde
719 1979 781 2027 illurn
797 2000 841 2038 quo
858 1981 881 2027 in

98 2071 121 2101 re
139 2052 226 2111 publica
244 2054 276 2102 uti
295 2052 377 2102 solebat
395 2065 445 2101 ante
463 2051 551 2112 exilium
569 2051 635 2101 animi
654 2050 761 2101 fervorem
779 2051 881 2112 illamque

98 2124 207 2173 licentiam
232 2126 317 2173 dicendi
342 2124 409 2173 libere
432 2125 460 2172 ad
484 2125 633 2172 cohercendos
655 2125 765 2182 improbos
790 2126 881 2173 civitatis

99 2216 169 2246 mores
186 2219 211 2246 ac
227 2198 355 2246 consulendi
372 2198 477 2258 quicquid
494 2219 506 2246 e
523 2217 545 2246 re
562 2197 649 2258 publica
665 2218 711 2245 esse
728 2211 823 2246 censeret
841 2199 881 2247 mi-

98 2273 156 2320 nime
174 2273 275 2331 deinceps
293 2272 335 2320 sibi
353 2272 487 2319 retinendam
505 2293 551 2319 esse
569 2271 687 2326 constituit,
705 2284 753 2320 tum
771 2272 831 2330 quod
848 2272 881 2319 in-

57 2346 85 2391 30
99 2344 203 2401 telligeret
218 2345 265 2392 illos
280 2346 318 2403 qui
333 2346 352 2392 ei
367 2344 529 2392 inimicarentur
544 2357 565 2392 et
579 2345 652 2402 ipsum
667 2345 764 2391 occidere
778 2358 882 2402 cuperent

98 2416 152 2465 nibil
168 2417 251 2466 avidius
269 2430 386 2477 expectare,
404 2416 485 2477 audire,
502 2417 574 2465 videre
591 2436 657 2476 quarn
674 2429 697 2465 ut
714 2417 775 2465 solita
797 2416 882 2466 dicendi

99 2489 189 2538 licentia,
204 2503 225 2538 et
245 2490 311 2538 animi
332 2488 480 2548 magnitudine
500 2510 524 2537 ac
544 2490 656 2538 severitate
675 2487 742 2537 fretus
766 2491 882 2550 quicquam

99 2562 235 2610 diceret'aut
254 2576 338 2611 curaret
357 2583 402 2621 quo
421 2562 462 2610 sibi
481 2561 560 2610 iaceret
579 2562 677 2610 inimicos
697 2562 807 2617 Crassum,
828 2563 882 2611 Cae-

98 2653 174 2689 sarem,
190 2635 325 2693 Pompeium,
341 2635 378 2694 qui
393 2656 444 2684 eum
458 2636 590 2693 permaxime
604 2635 676 2684 favore
691 2655 730 2683 suo
749 2656 774 2683 ac
788 2638 883 2693 potentia

58 2707 85 2754 35
100 2718 219 2761 tuerentur,
239 2721 287 2755 tum
306 2707 366 2767 quod
384 2707 467 2755 videret
485 2707 549 2767 plane
568 2720 673 2762 senatum,
693 2707 715 2755 in
736 2728 780 2767 quo
799 2717 883 2757 summa

100 2779 185 2840 imperii
205 2794 226 2829 et
246 2781 306 2831 urbis
326 2794 347 2830 et
367 2780 426 2829 orbis
446 2781 545 2840 dignitas,
565 2793 667 2841 potestas,
688 2780 786 2829 maiestas
806 2779 885 2831 soleret

99 2867 152 2907 esse,
170 2855 226 2902 adeo
243 2855 350 2901 corruisse
366 2875 391 2900 ac
409 2854 535 2911 prolapsum
556 2875 603 2901 esse
628 2854 688 2918 quod
705 2855 748 2900 iam
765 2873 833 2911 prope
850 2853 884 2902 lu-
