2093 3253
234 194 371 225 SCRIPTORIUM
386 193 509 225 ILLUSTRIIIM
522 206 536 210 -
550 194 610 223 LIBER
624 194 668 224 VIII.
826 178 861 224 23l

82 313 171 360 modum
186 322 207 357 et
226 308 324 356 insolitae
344 309 500 366 magnitudinis
519 310 575 355 circa
595 321 692 356 montem
712 327 768 355 eum·
782 308 866 355 arderet

82 383 228 433 vehementius
243 381 368 439 apparebat.
384 379 413 437 Ea
430 381 613 439 prospicientibus
630 381 708 429 habere
724 381 818 438 speciem
832 398 867 427 ar-

82 458 139 505 boris
153 455 181 501 ad
197 453 243 512 pini
260 452 425 501 similitudinem
441 453 562 502 videbatur.
577 453 650 501 'Hanc
660 453 741 501 Plinius
759 453 817 500 baud
833 452 867 499 ni-

83 530 150 578 mium
162 547 174 575 e
187 526 306 585 longinquo
318 525 452 585 prospiciens
465 547 540 576 secum
552 526 607 586 quid
619 527 649 575 rei
662 539 717 575 esset
730 539 803 575 mente
815 546 868 574 con-

57 607 69 656 5
85 602 169 652 siderat.
185 599 295 648 Romanae
309 598 371 647 classi
385 612 438 648 tunc
453 613 549 659 praeerat
559 613 580 648 et
591 598 647 648 Ione
660 599 720 659 apud
733 599 867 654 Messanam,

82 673 256 734 promuntorium
278 672 416 730 Campaniae,
440 673 570 721 morabatur.
600 672 683 722 Vesevo
704 672 815 730 proximus
837 684 869 719 est

85 747 204 805 Messenus.
228 743 329 793 llllontem
350 743 409 793 bunc
430 743 560 793 Messenum
581 743 683 802 Virgilius
703 742 836 803 appellatum
856 764 869 792 a

85 821 193 873 Messeno,
209 818 247 877 qui
257 817 343 866 Aeneae
353 818 423 867 socius
435 818 462 866 sit
472 818 504 866 ibi
515 818 620 876 sepultus,
631 817 704 867 tradit.
715 818 817 876 Denique
828 818 869 867 mi-

84 893 155 940 raculo
164 892 193 938 rei
203 911 271 938 novae
280 904 392 949 permotus
401 904 426 939 ut
435 892 524 949 propius
533 892 644 939 accederet
653 911 678 939 ac
686 891 775 944 videret.
786 891 867 938 Plinius

48 969 72 1015 ll]
86 965 174 1012 omnino
189 963 308 1010 constituit.
325 962 376 1011 Erat
393 964 482 1023 quidem
499 963 608 1011 studiosus
625 963 767 1022 investigandi
785 962 869 1011 occulta

84 1051 177 1087 naturae.
193 1036 359 1093 Quadriremem
372 1037 437 1094 igitur
451 1056 501 1085 mox
514 1038 583 1096 parari
597 1037 663 1092 iubet,
673 1038 764 1095 navigat,
776 1036 868 1084 flammis

85 1111 223 1168 propinquat.
240 1108 286 1157 lam
298 1110 321 1156 in
334 1129 411 1157 navem
424 1122 445 1157 et
457 1107 544 1157 lervens
557 1122 578 1157 et
591 1109 692 1167 frequens
706 1109 795 1170 cadebat
808 1109 868 1161 cinis,

85 1182 189 1229 cadebant
204 1181 293 1239 punices
303 1181 358 1238 nigri
368 1181 463 1230 ambusti
473 1194 495 1229 et
505 1181 587 1240 lapides
597 1181 674 1229 ardore
682 1173 752 1229 lracli.
763 1180 869 1228 Flammas

86 1273 172 1315 quoque
187 1252 293 1301 excitabat
308 1265 386 1302 ventus
402 1265 423 1301 et
438 1252 513 1302 lavilas
535 1251 617 1302 larebat
632 1255 655 1302 in
671 1252 745 1309 altum,
762 1253 871 1302 micabant

50 1329 72 1378 l5
88 1347 150 1386 saepe
164 1325 221 1375 laces
240 1339 262 1374 et
281 1326 363 1375 lumina
383 1327 456 1375 subito
475 1327 604 1385 spargebant
624 1319 774 1376 cum'terrore
794 1326 871 1377 multo.

86 1401 162 1448 Nubes
176 1413 249 1447 autem
264 1400 416 1447 obscurissima
431 1412 476 1447 erat
491 1414 512 1447 et
527 1399 633 1448 illustrem
647 1401 743 1457 alioquin
764 1400 822 1447 diem
841 1401 871 1446 ita

86 1472 213 1521 obscurabat
225 1484 249 1519 ut
261 1492 304 1520 nox
315 1490 361 1520 esse
373 1471 488 1528 nigerrima
499 1471 615 1520 videretur.
628 1471 721 1520 Proinde
732 1472 770 1530 qui
782 1472 871 1520 aderant

87 1548 176 1605 remiges
189 1567 214 1594 ac
227 1547 282 1594 servi
296 1546 323 1595 de
335 1547 379 1595 vita
392 1546 456 1594 diffisi
469 1567 494 1594 ac
508 1564 596 1604 prorsus
610 1547 636 1594 de
650 1567 672 1594 se
685 1560 757 1594 actum
770 1548 810 1594 rati
822 1560 870 1594 ten-

88 1619 166 1666 debant
180 1618 289 1677 supplices
305 1618 333 1665 ad
348 1618 433 1667 caelum
448 1618 530 1677 palmas
546 1632 568 1666 et
585 1638 640 1677 quos
656 1620 708 1667 deos
724 1620 819 1677 deasque
834 1639 871 1666 co-

49 1692 75 1739 ΖΟ
89 1690 161 1739 lebant
175 1710 251 1739 ornnes
269 1689 343 1739 multis
359 1691 460 1750 precibus
477 1691 603 1751 fatigabant.
621 1690 767 1741 Stimulabant
784 1711 871 1750 quoque

57 1783 59 1786 ⁴
88 1763 181 1812 Plinium
195 1778 219 1812 ut
234 1764 321 1812 rediret.
342 1764 478 1813 Sedvanimo
498 1778 599 1812 constans
619 1765 665 1822 ipse
685 1764 790 1824 progredi·
806 1784 872 1823 quam

88 1849 159 1893 posset
174 1835 263 1896 propius
275 1836 402 1895 imperabat.
414 1835 504 1886 Nullam
515 1838 562 1897 ipse
573 1850 689 1886 ventorum
700 1837 788 1893 rabiem,
801 1835 872 1886 nullos

89 1911 151 1957 maris
168 1909 253 1963 fluctus,
271 1909 356 1958 nullutn
372 1909 470 1958 flammae
487 1911 594 1965 ardorem,
606 1910 690 1958 nullum
703 1910 758 1958 lumi
774 1909 872 1964 fetorem,

89 1981 173 2029 nullum
184 1982 278 2040 denique
289 1981 345 2030 vitae
357 1982 480 2040 periculum
492 1982 610 2030 metuebat.
622 1982 683 2030 Adeo
695 1983 784 2040 quidem
796 1982 873 2040 plenus

51 2051 76 2099 25
91 2066 134 2100 erat
149 2053 256 2102 desiderio
269 2054 357 2102 videndi
367 2066 392 2112 ¹et
406 2074 484 2112 magno
497 2055 570 2102 animo
583 2053 692 2103 terebatur
705 2054 765 2112 quod
778 2072 802 2102 re
815 2053 874 2102 nulla

89 2126 207 2182 perciperet
222 2138 304 2182 quanto
319 2145 369 2172 cum
384 2126 509 2173 discrimine
524 2126 640 2183 navigaret.
658 2126 683 2173 ln
698 2125 748 2173 litus
763 2138 836 2173 autem
851 2146 874 2171 e-

58 2212 62 2217 *
90 2214 173 2252 gressus
185 2210 218 2245 est
230 2197 319 2246 tandem
331 2193 400 2257 atquev
409 2197 502 2256 pedibus
515 2198 546 2246 ire
559 2218 625 2256 quam
638 2198 727 2257 propius
739 2197 807 2256 possit
820 2217 874 2246 nave

82 2268 177 2317 dimissa
191 2270 268 2328 pergit,
283 2284 308 2318 ut
329 2291 354 2319 ex
374 2271 505 2329 propinquo,
528 2274 600 2328 quam
614 2270 658 2318 dixi
678 2270 760 2318 arboris
780 2269 874 2318 formam

91 2339 174 2395 habere,
192 2342 256 2390 nubis
273 2354 358 2390 motum
373 2342 509 2401 figuramque
524 2342 614 2396 videret,
631 2342 819 2401 contemplaretur,
836 2362 872 2389 co-

52 2410 78 2459 30
92 2428 209 2469 gnosceret.
225 2414 327 2474 Denique
335 2415 508 2473 proficiscentem
516 2418 588 2474 ipsum
596 2415 682 2463 flamma
690 2428 717 2469 et,
727 2416 764 2474 qui
772 2416 882 2463 omnibus-

91 2484 182 2534 flammis
197 2488 273 2536 noxior
290 2501 352 2543 esset,
370 2488 436 2536 olens·
447 2486 521 2536 tumus
538 2508 563 2536 ac
581 2479 710 2546 sulphureus
728 2487 784 2536 letor
800 2487 875 2536 iniecit

90 2573 190 2618 retroque
210 2562 286 2610 cedere
306 2561 415 2610 volentem
436 2562 590 2620 nolentemque
610 2563 687 2619 coegit.
708 2562 755 2609 Nec
775 2562 874 2620 passibus
937 2560 945 2571 ”

92 2632 164 2680 multis
179 2647 341 2692 regressus'est.
357 2634 461 2683 Occisum
475 2635 548 2693 ipsum
562 2654 574 2681 a
588 2652 650 2682 servo
664 2634 764 2682 dixerunt
778 2635 875 2693 quidam,

55 2737 191 2751 Μ.-

105 2801 120 2836 7.
133 2802 180 2845 vag.
193 2802 233 2842 nea.
247 2803 275 2840 vr.
286 2803 370 2842 234235.
439 2804 440 2807 ¹
486 2793 488 2806 ³

56 2893 192 2907 *Q-

108 2955 190 3004 1th
205 2962 300 3014 pumices.
356 2963 388 3006 32.
404 2962 491 3007 caedere.
