2093 3253
256 172 395 226 [scurronum
410 189 537 221 raausmruar
551 201 564 205 -
578 190 635 220 tiara
651 190 664 220 1.
850 175 876 218 25

53 337 67 350 ν
96 309 197 361 medendi
217 327 291 356 curam
308 328 398 356 omnem
416 319 437 355 et
459 305 574 355 artificium
596 318 721 365 posuerunt,
744 306 804 354 veriti
827 307 879 355 deos

93 385 157 434 iratos
172 402 218 430 esse
232 393 297 439 atque
311 382 334 428 in
350 401 401 429 eum
415 380 505 444 acerbae·
518 380 593 428 mortis
603 378 697 436 exegisse
708 399 801 437 poenam
811 379 878 438 quod,

93 477 120 504 ne
135 454 233 505 homines
250 464 391 507 morerentur,
408 472 449 509 ope
461 452 554 499 humana
565 451 672 509 depellere
683 451 770 498 morbos
781 450 877 500 auderet.

96 529 127 578 lta
141 527 201 587 quasi
216 525 300 574 caelesti
319 526 379 573 iussu
399 525 513 573 interdicta
532 525 662 584 quingentos
682 523 710 571 ad
729 543 797 572 annos
813 525 878 573 iacuit

68 603 80 652 5
96 600 209 651 medicina.
225 598 279 646 Eam
293 599 388 653 tandem,
403 618 454 645 cum
473 598 543 656 sopita
562 598 706 646 obdormisset
724 598 776 651 diu,
792 597 876 656 lpocras

94 674 193 722 excitavit
209 692 290 730 suaque
310 671 413 753 sapientia
433 672 460 719 ad
479 690 544 719 usum
564 670 678 718 hominum
697 670 877 728 disciplinamque

94 746 185 795 reduxit
202 744 284 793 Docuit
296 745 354 792 enim
367 743 464 792 homines
477 742 557 801 stolide
566 743 652 792 credere
665 743 706 791 diis
719 742 771 791 haec
776 743 876 808 remedia

94 817 213 875 displicere,
225 836 275 865 curn
287 815 401 864 hominum
411 815 439 863 ad
449 815 556 878 salutern
550 815 592 873 ipsi
603 810 705 863 virtutem
716 813 794 862 herbis
795 806 877 863 radici

94 891 178 948 busque
192 889 309 937 dedissent

57 965 82 1013 ll]
139 963 199 1011 Haec
216 961 243 1009 de
263 961 384 1016 medicina„
399 960 465 1009 Nunc
487 961 592 1018 originem
612 960 722 1009 videamus
743 961 823 1018 legum.
846 961 877 1008 lta

94 1036 152 1084 enirn
162 1046 212 1083 sunt
221 1034 348 1082 coniunctae
357 1033 460 1082 affinitate
469 1045 494 1082 ut
512 1033 559 1092 ipso
569 1053 581 1081 e
590 1032 650 1081 fonte
660 1032 809 1092 philosophiae
818 1045 877 1080 utra·

95 1128 144 1167 que,
160 1107 198 1156 sed
212 1106 277 1155 altera
293 1126 305 1154 e
322 1107 419 1161 naturali,
436 1106 501 1155 altera
518 1127 530 1155 e
547 1106 621 1156 morali
632 1103 738 1161 irascatur,
755 1119 879 1164 togatorum

94 1193 167 1229 autern
182 1198 229 1237 pars
245 1180 344 1232 maxima,
357 1181 397 1226 etsi
409 1179 516 1226 doctrinas
529 1179 602 1226 laudet
613 1198 696 1232 omnes,
710 1179 746 1226 has
759 1192 831 1226 tamen
843 1179 877 1225 in-

94 1253 175 1301 tentius
190 1264 292 1310 sequatur
308 1252 368 1305 duas,
385 1251 445 1310 quod
455 1251 503 1298 illae
516 1251 672 1309 pulcherrimae
679 1253 745 1306 scitu,
756 1252 808 1299 istae
818 1250 878 1298 truc-

57 1328 81 1375 15
96 1339 120 1374 tu
132 1325 219 1373 meliore
233 1338 255 1373 et
269 1324 373 1373 auriferae
389 1325 509 1373 videantur.
526 1324 641 1375 Enimvero
657 1325 675 1373 si
691 1324 784 1383 primam
805 1324 877 1382 legum

57 1441 58 1445 ,
95 1399 247 1456 perquirimus,
263 1418 287 1445 ea
302 1398 370 1445 videri
386 1397 439 1445 mihi
455 1397 508 1445 solet
524 1417 591 1456 quam
606 1397 688 1445 mundo
704 1410 775 1445 creato
789 1417 815 1445 ac
829 1398 877 1455 ipso

95 1477 167 1518 r'erum
182 1469 288 1528 principio
303 1469 404 1518 dominus
417 1468 470 1517 deus
482 1469 565 1527 parenti
577 1469 637 1517 dedit
649 1482 722 1517 nostro
734 1470 815 1517 dicens:
828 1485 837 1509 <t
845 1468 877 1516 Ειι

95 1544 155 1591 omni
171 1543 229 1600 ligno
245 1542 338 1601 paradisi
354 1542 451 1595 comede:
467 1543 494 1590 de
510 1542 568 1599 ligno
584 1555 657 1590 autem
672 1543 773 1590 scientiae
789 1541 841 1590 boni
857 1555 879 1589 et

75 1612 77 1614 ’
96 1613 145 1666 mali
157 1633 184 1660 ne
195 1613 302 1661 comedas.
316 1613 341 1661 ln
352 1632 482 1671 quacunque
493 1611 528 1660 die
539 1611 657 1660 comederis
669 1633 738 1667 exeo,
750 1625 819 1660 morte
831 1632 878 1660 mo-

55 1685 83 1733 20
97 1685 164 1732 rieris.
175 1702 183 1725 ι
197 1684 244 1733 Hac
257 1685 366 1742 verolege
379 1695 503 1742 contempta
514 1684 578 1732 nullis
591 1696 642 1731 sunt
655 1684 753 1732 homines
765 1684 843 1731 deinde
851 1684 879 1731 ad

81 1757 175 1806 multos
190 1777 258 1806 annos
273 1756 357 1815 legibus
372 1757 485 1815 presertim
500 1756 585 1816 scriptis
600 1756 641 1812 usi,
657 1756 717 1816 quod
728 1757 803 1816 'neque
818 1777 877 1815 opes,

80 1885 82 1890 ,
96 1851 151 1890 quae
162 1831 210 1880 lites
219 1831 319 1886 sscitant,
328 1830 411 1889 antiqui
421 1843 520 1879 curarent
529 1830 627 1879 homines
637 1851 676 1879 nec
684 1831 723 1890 qui
732 1831 814 1889 peritus
823 1844 887 1879 esset

95 1902 165 1951 ullum
179 1923 205 1951 ex
219 1903 293 1951 codice
310 1902 344 1951 vel
361 1902 445 1961 digesto
462 1902 614 1951 discernendas
631 1902 659 1951 ad
675 1922 749 1951 causas
767 1903 878 1952 haberent.

76 1975 80 2018 Ῐ
95 1975 203 2036 Principio
220 1976 310 2036 quidem
326 1976 354 2025 ad
371 1976 474 2032 seniores,
492 1996 543 2025 cum
560 1975 676 2026 violaretur
693 1976 816 2036 quisquam,
833 1988 879 2025 erat

55 2048 82 2097 25
97 2070 221 2105 concursus,
238 2049 297 2109 quod
312 2050 364 2098 boni
379 2070 425 2097 esse
441 2049 539 2098 homines
554 2050 679 2108 anteireque
693 2050 781 2098 caeteris
796 2050 829 2098 uti
843 2069 879 2096 ae·

65 2119 67 2122 ’
96 2134 139 2169 tate
152 2123 182 2170 ita
196 2123 311 2181 prudentia
324 2135 390 2181 atque
403 2122 488 2170 iusticia
502 2122 633 2171 viderentur.
647 2122 742 2180 Populos
755 2123 790 2169 isti
804 2135 879 2170 aucto·

96 2195 164 2249 ritate,
178 2215 222 2244 non
235 2195 326 2253 imperio
340 2194 496 2252 gubernatam
509 2194 557 2243 lites
569 2207 643 2244 autem
655 2194 786 2243 dirimebant
794 2195 831 2243 'uti
843 2214 879 2242 ae·

95 2285 165 2326 quum
178 2267 317 2317 esseiudicio
329 2268 425 2327 quodam
436 2267 527 2317 naturali
539 2268 651 2327 putabant.
664 2267 758 2316 Causam
769 2286 820 2315 vero
832 2265 896 2323 tan<v

96 2340 146 2389 dem
161 2340 244 2399 legibus
260 2340 379 2389 scribendis
395 2341 456 2389 dedit
471 2341 532 2399 quod
547 2355 618 2389 essent
634 2341 724 2423 quidam
739 2341 886 2399 opinionibus,

54 2410 82 2459 30
97 2413 157 2468 varii,
168 2411 291 2480 insulsi,
264 2433 340 2470 ierunn
327 2412 418 2472 aliqui
434 2413 501 2462 etiam
516 2413 591 2468 odio,
585 2431 623 2468 rra,-
632 2414 723 2462 avaricia
733 2413 879 2469 flecterentur;

95 2476 209 2547 quosdam
216 2485 312 2537 moveret
326 2506 394 2537 amor,
412 2486 495 2536 Tum
490 2481 567 2545 igitur
572 2488 646 2536 visum
663 2500 696 2536 est
703 2487 787 2537 multis
806 2500 879 2536 tutum

94 2559 151 2617 leges
167 2561 244 2609 habere
259 2562 349 2617 scriptas
365 2581 420 2617 quae
436 2561 464 2607 ad
479 2561 590 2608 universos
606 2581 649 2608 una
665 2560 743 2623 lronte,
759 2580 803 2609 una
818 2581 878 2615 voce,

56 2673 198 2682 Ἣ

92 2735 118 2772 17.
130 2736 171 2774 Gen.
184 2737 200 2773 Ζ.
216 2736 274 2772 16-17.

56 2832 198 2841 Μ..

94 2893 128 2939 22.
142 2902 155 2939 i.
170 2914 193 2946 e,
204 2879 273 2940 ordine
285 2894 384 2945 ltodierno,
398 2912 435 2939 nec
449 2894 545 2940 haberent
558 2893 622 2940 ullum
637 2896 671 2948 qui
690 2895 764 2948 peritus
782 2907 833 2939 esset
846 2894 878 2940 ad.

55 2956 87 3003 23.
101 2959 164 3006 ullum
178 2969 190 3008 i.
206 2980 230 3012 r.;
244 2981 267 3007 ei:
282 2980 327 3006 sscr.
382 2962 415 3008 3l.
429 2960 495 3005 multis
509 2967 523 3006 i.
536 2979 551 3005 ι’.
561 2960 581 3005 O
591 2956 694 3023 plurisque
703 2962 730 3007 H.
778 2995 785 3000 -v
