2093 3253
137 192 176 239 220
441 207 532 237 sicconis
547 205 662 236 soxuuroru

179 322 221 368 tiae
235 320 365 380 ambiguitas
386 320 485 368 oriretur.
501 319 617 369 Petebatur
637 319 727 378 quidem
749 318 848 377 pecunia,
869 317 908 367 sed
927 322 963 379 qui
1024 352 1029 377 χ

182 394 269 452 petebat
285 395 357 442 datam
373 393 438 440 modo
453 393 568 451 pecuniam
582 406 762 450 numeratamque
777 391 869 444 dicebat,
883 389 965 442 lactum

181 485 232 514 vero
248 486 291 513 non
305 465 391 519 tabulis,
406 486 450 513 non
463 466 562 519 testibus,
579 465 618 513 sed
634 465 746 513 honestate
761 464 817 511 vitae
832 482 890 516 suae,
906 467 964 521 quod

181 538 296 587 haberetur
311 536 368 587 lama
383 538 478 586 nominis
492 538 525 585 vir
539 539 642 597 optimus,
657 536 769 586 edocebat.
786 536 806 585 ls
820 548 893 584 autem
906 538 963 586 unde

154 613 166 661 5
183 611 297 669 petebatur
312 611 411 659 omniurn
430 612 536 669 pessimus
556 624 600 659 erat
619 611 735 669 datamque
754 608 869 667 pecuniam
888 608 929 657 sibi
947 625 967 659 et
1024 607 1033 666 3⁵

181 683 253 732 lronte
264 684 341 732 audaci
354 697 376 731 et
388 684 459 731 verbis
472 683 572 742 plurimis
585 684 712 741 denegabat.
725 683 812 731 Patroni
825 695 886 730 erant
898 684 965 731 utrin-

182 776 224 814 que
233 756 295 804 multi
304 768 325 804 et
333 755 391 803 docti
400 755 448 804 viri.
457 756 501 813 Qui
509 769 583 804 autem
596 757 689 816 petentis
703 776 790 804 causam
797 754 921 810 tuebantur,
936 755 964 812 hi,
1008 790 1010 794 .
1026 750 1032 823 ἓν,

181 830 286 887 quoniam
301 828 360 877 nulla
371 829 458 886 penitus
470 829 532 877 datae
543 830 647 888 pecuniae
659 829 759 887 probatio
770 827 892 882 haberetur,
903 848 965 887 argu·

182 903 261 949 mentis
271 922 296 949 ex
306 904 362 950 vitae
372 902 469 949 moribus
484 902 608 949 utebantur.
624 902 682 949 Hinc
696 903 756 949 enim
767 902 902 948 honestatem
911 901 966 948 vitae

142 975 169 1022 ll)
184 975 284 1032 petentis,
300 973 350 1021 inde
370 973 483 1030 perfidiam
502 974 600 1031 negantis
614 994 638 1021 ac
652 975 708 1021 vitae
722 972 881 1030 turpitudinem
900 973 967 1021 addu-

182 1046 267 1096 cebant.
284 1046 363 1106 Neque
376 1046 462 1094 veroid
478 1045 532 1095 lalso
549 1046 699 1095 dictumerat.
716 1045 773 1095 Satis
786 1045 845 1094 enim
857 1045 967 1094 constabat

184 1140 234 1168 eum
255 1121 293 1178 qui
311 1132 394 1178 peteret
416 1121 487 1169 virum
504 1140 550 1168 esse
568 1119 731 1168 existimationis
748 1119 825 1173 borrae,
843 1118 967 1177 inculpatis·

183 1192 250 1240 simae
266 1193 322 1241 vitae
339 1193 481 1250 cognitaeque
496 1213 520 1240 ac
537 1204 636 1250 expertae
651 1192 702 1240 fidei
714 1192 817 1250 opinione
828 1191 920 1240 civitatis
932 1192 969 1239 lra-

185 1265 239 1312 beri.
252 1263 331 1323 Neque
346 1264 369 1312 id
384 1263 449 1323 vulgo
462 1263 571 1313 terebatur
583 1264 661 1320 solum,
673 1266 825 1313 verumetiam
837 1264 934 1323 exempla
944 1284 967 1313 ac
1026 1259 1036 1329 ’ᾗ

146 1340 171 1387 15
191 1337 259 1386 multa
270 1351 291 1386 et
302 1339 358 1387 clara
369 1338 467 1396 exempla
478 1338 547 1385 bonae
558 1337 609 1386 fidei
620 1358 644 1385 ac
656 1338 784 1385 sinceritatis
801 1357 851 1385 suae
862 1337 968 1385 bonorum

184 1411 299 1459 bominum
305 1411 430 1459 testimonio
437 1412 626 1467 expromebantur.
634 1411 717 1458 Contra
724 1430 774 1458 vero
782 1413 799 1457 is
806 1412 844 1469 qui
856 1429 905 1458 reus
912 1424 966 1457 esset

183 1503 208 1532 ae
223 1496 311 1541 negaret
321 1483 386 1531 homo
396 1482 486 1531 callidus
496 1502 521 1531 ac
530 1496 629 1531 versutus
639 1495 691 1536 erat,
701 1484 723 1531 in
733 1504 778 1542 quo
789 1482 843 1530 nihil
852 1483 904 1535 veri,
916 1482 969 1530 nibil
980 1530 982 1532 ,

184 1555 243 1609 fidei,
254 1555 308 1604 nihil
318 1556 393 1608 sancti,
403 1555 476 1603 nullus
486 1556 520 1604 dei
530 1556 595 1604 timor
605 1569 668 1605 esset.
677 1556 749 1604 Alieni
760 1576 848 1615 quoque
857 1567 966 1614 appetem,

184 1645 268 1683 avarus,
280 1647 352 1686 rapax,
364 1628 424 1675 omni
436 1629 530 1686 denique
540 1630 584 1676 vita
594 1630 664 1687 turpis
675 1650 700 1676 ac
711 1629 819 1682 sordidus,
836 1648 875 1676 nec
886 1646 934 1675 raro
944 1628 965 1673 in

143 1701 171 1747 20
187 1700 305 1748 mendaciis
321 1699 468 1757 deprehensus
479 1699 544 1759 vulgo
555 1699 677 1759 plenusque
688 1700 828 1759 perfidiarum
839 1700 938 1749 omnium
949 1712 970 1746 et

185 1772 288 1821 fraudum
300 1772 462 1821 ostendebatur.
478 1774 553 1833 ltaque
565 1795 616 1822 cum
630 1774 679 1822 data
694 1774 786 1833 pecunia
799 1773 859 1822 nullo
871 1773 967 1822 testimo·

185 1847 229 1900 nio,
244 1846 303 1894 nulla
316 1845 390 1894 tabula
404 1847 539 1903 probaretur,
554 1847 620 1894 homo
634 1847 725 1894 callidus
739 1847 785 1894 sine
804 1847 894 1904 pudore,
909 1845 969 1894 vultu

185 1931 267 1975 aperto,
284 1918 353 1967 multo
368 1917 462 1966 clamore
477 1938 500 1965 se
516 1919 603 1972 dimitti,
620 1920 736 1977 petitorem
751 1919 848 1967 damnari
865 1918 971 1966 calumnia

186 1990 318 2038 stimulabat.
332 1988 393 2044 Quae
405 2003 479 2037 autem
491 1991 518 2037 de
530 1992 644 2048 utriusque
656 1993 700 2039 vita
712 2005 733 2038 et
750 1989 813 2038 lactis
826 1991 968 2042 obicerentur,

144 2063 171 2111 25
188 2083 213 2110 ea
227 2084 271 2111 non
286 2062 347 2111 aliter
362 2061 458 2111 diluebat
472 2084 539 2122 quam
552 2063 635 2112 soleant
649 2065 687 2123 qui
701 2064 757 2113 vitae
771 2085 822 2113 suae
836 2062 971 2112 manifestam

186 2135 347 2194 turpitudinem
355 2136 411 2183 tueri
422 2136 540 2185 honestatis
549 2137 657 2194 praesidio
667 2136 727 2184 nullo
737 2151 836 2194 possunt:
847 2157 871 2185 ea
880 2137 969 2195 quidem

187 2207 214 2255 de
224 2226 246 2255 re
262 2228 317 2266 quae
331 2208 426 2256 advitae
437 2207 517 2256 lamam
533 2208 566 2258 vel
582 2206 694 2258 infamiam
709 2210 842 2268 pertinerent
858 2223 911 2258 tunc
926 2226 970 2256 ser·
1035 2217 1040 2270 ζ

187 2301 275 2328 monem
290 2281 369 2329 habere
383 2281 502 2340 officiperdi
517 2283 669 2337 esse'dicebau
685 2285 789 2341 quoniam
802 2284 862 2341 apud
875 2282 970 2331 iudicem

187 2353 214 2400 de
223 2354 322 2412 pecunia,
333 2374 377 2401 non
386 2354 446 2411 apud
455 2373 567 2402 censorem
577 2355 604 2403 de
615 2356 712 2403 moribus
722 2368 829 2413 ageretur.
841 2356 910 2404 ludex
918 2371 968 2402 vero
1035 2342 1047 2372 ’Ψ

145 2426 174 2473 30
188 2425 215 2473 Α.
231 2424 322 2480 Gellius,
338 2425 375 2483 qui
390 2424 461 2473 officio
475 2440 520 2474 erat
538 2427 594 2475 inter
608 2441 727 2487 utrumque
741 2429 833 2483 medius,
850 2428 901 2477 hinc
911 2445 973 2475 reum
1032 2427 1045 2493 lg]

187 2499 233 2556 lege
253 2498 411 2547 absolvendum
425 2499 508 2554 videns,
523 2500 574 2548 inde
592 2500 660 2549 vitam
675 2501 790 2559 utriusque
806 2521 880 2550 secum
898 2500 970 2548 animo

187 2590 279 2629 pensans
293 2570 408 2619 dubitabat
420 2583 492 2619 utram
505 2572 528 2620 in
535 2585 619 2630 partem
632 2573 730 2621 iudicans
743 2573 863 2622 inclinaret.
871 2569 971 2621 Consulti
1036 2582 1047 2632 fs

187 2643 277 2700 quidem
292 2643 355 2692 amici
368 2644 406 2702 qui
419 2645 490 2693 neutri
508 2643 604 2693 faverent
622 2647 677 2703 parti
690 2646 729 2694 sed
746 2646 786 2693 viri
799 2658 870 2694 essent
887 2658 909 2694 et
921 2642 973 2692 iuris

187 2717 276 2763 scientia
287 2716 338 2764 clari
350 2729 371 2763 et
382 2716 404 2763 in
415 2716 499 2774 legibus
511 2717 586 2776 populi
598 2718 691 2766 Romani
703 2719 818 2767 noscendis
829 2720 972 2777 interpretan-
1037 2747 1047 2753 η

144 2789 173 2838 35
190 2788 267 2848 disque
273 2789 393 2848 plurimum
399 2791 532 2839 auctoritatis
540 2790 644 2840 haberent
650 2805 671 2840 et
677 2792 700 2840 in
712 2793 772 2840 omni
784 2811 849 2851 opera
855 2790 897 2840 lori
903 2801 974 2839 essent
1037 2780 1046 2829 ,1ss

188 2862 283 2910 celebres
292 2882 318 2909 ac
327 2863 417 2919 experti,
427 2863 531 2920 quoniam
541 2864 614 2911 datam
623 2884 670 2911 esse
679 2865 795 2921 pecuniam
804 2885 849 2912 non
858 2873 972 2913 constaret,

188 2934 346 2984 absolvendum
356 2953 417 2983 reum
426 2935 562 2985 affirmabant
572 2956 654 2985 omnes.
666 2937 744 2995 Neque
754 2955 805 2985 vero
813 2937 874 2995 apud
882 2937 910 2986 Α.
920 2933 972 2987 Gela
