2093 3253
137 205 178 251 400
438 216 531 248 srccorvrs
545 216 663 248 rournrovr

180 333 241 386 iram,
253 331 320 382 ad
292 350 367 385 minas,
379 330 407 380 ad
417 349 476 379 arma
487 330 585 379 conversi
596 330 619 379 in
630 351 687 379 eum
692 329 768 388 gladiis
779 329 862 378 eductis
873 341 898 378 ut
909 334 964 381 occi·

181 406 257 453 derent
272 402 360 475 multo
348 415 438 467 impetu
460 403 576 457 irruerunt,
598 415 648 451 turn
668 403 729 460 quod
751 400 865 450 manifesto
887 405 965 454 sentire
1034 398 1047 421 ³⁸³

181 497 231 526 cum
246 456 337 526 Caesare
351 475 467 530 videretur,
478 487 527 524 tum
538 473 598 534 quod
609 486 665 523 esset
676 473 752 533 Magni
763 465 859 533 Pompeii
871 474 965 527 edictum
1036 464 1038 474 .

181 563 206 598 ut
216 570 253 610 qur
247 548 347 597 ''redire
342 568 365 595 rn
376 546 460 596 ltaliam
468 560 589 604 attentaret,
600 548 625 604 is,
636 547 734 608 quisquis
744 560 806 603 esset.
817 559 848 596 utr
842 546 964 597 hostis
936 568 965 598 rer

152 623 168 688 ,5
184 620 283 681 publicae
298 619 419 669 haberetur.
431 618 519 679 Quippe
529 621 612 669 occisus
623 633 675 670 tum·
682 632 738 669 esset
749 618 833 675 Cicero,
845 619 867 668 ni
878 620 913 670 Μ.
924 620 965 669 Ca-
1037 667 1046 687 ¹5

181 695 239 743 tonis
257 712 331 752 preces
349 692 422 751 ipsum
440 704 462 740 et
480 692 616 751 interpositio
640 705 794 741 conservasset.
817 689 865 740 Nec
888 692 966 741 Catoni
1035 689 1047 748 Ξ

183 787 260 826 parum
269 765 311 815 tuit
321 765 404 823 negocii
414 779 436 814 et
445 765 524 815 laboris
534 766 609 815 sedare
618 765 738 816 tumultum
748 778 769 814 et
778 765 874 814 furentes
884 766 966 814 animos
1039 816 1047 836 Ξ

184 841 213 889 ita
228 840 294 888 lenire
307 851 331 888 ut
345 837 474 887 Ciceronem
487 838 528 887 sibi
542 840 699 897 permitterent.
713 838 803 887 Catonis
816 840 889 896 itaque
902 859 943 897 ope
956 861 967 888 e
1036 837 1047 858 ¹

185 934 250 962 manu
265 913 330 961 iratae
344 911 489 960 multitudinis
509 910 610 960 liberatus
631 932 724 970 moxque
743 913 791 969 ipso
810 932 822 960 a
842 911 925 960 Catone
935 912 967 960 di-

147 986 265 1033 inmissus
281 983 357 1032 Cicero
372 982 520 1032 Brundusium
539 984 653 1041 navigavit.

227 1056 344 1114 Regressus
359 1068 432 1103 autem
446 1076 459 1102 e
473 1055 565 1103 Graecia
575 1055 598 1102 in
610 1055 694 1103 ltaliam
704 1056 793 1104 victoria
808 1068 868 1114 parta
879 1056 913 1105 Μ.
924 1056 968 1104 An-

186 1129 262 1177 tonius>
272 1127 301 1176 ad
311 1126 446 1183 Ciceronem.
457 1148 524 1196 quam
534 1129 630 1188 primum
640 1128 752 1178 advenisse
762 1129 851 1184 audivit,
863 1129 921 1178 misit
931 1131 968 1188 qui
1042 1187 1043 1191 Ἰ

186 1202 285 1250 iuberent
297 1200 354 1249 bona
364 1221 415 1249 curn
425 1201 487 1249 venia
497 1201 557 1260 quod
567 1200 639 1250 abiret>
645 1202 718 1249 subito
729 1222 768 1249 nec
779 1222 871 1260 usquam
882 1202 905 1249 in
914 1215 970 1265 terra

189 1273 252 1323 Italia
264 1286 390 1329 moraretur,
406 1273 600 1332 renunciarentque
614 1273 736 1324 Antonium
749 1274 790 1323 hoc
810 1274 877 1323 invite
897 1274 970 1323 iubere

149 1348 175 1398 15
189 1347 228 1397 sed
242 1346 314 1406 ipsum
329 1345 415 1397 Caesari
425 1361 525 1407 oportere
539 1366 620 1407 parere.
631 1348 704 1407 Atque
714 1360 738 1397 ut
754 1347 851 1397 Caesaris
862 1348 903 1397 hoc
913 1348 970 1397 edic·

189 1435 237 1470 tum
252 1441 296 1469 non
310 1440 375 1469 suum
384 1440 430 1469 esse
439 1422 528 1476 videret.
538 1422 597 1470 misit
605 1421 730 1478 exemplum
738 1421 858 1470 litterarum
867 1422 970 1470 Caesaris.

190 1494 270 1541 Earum
284 1512 369 1540 summa
381 1505 426 1541 erat
438 1513 465 1541 ne
477 1513 544 1552 quem
555 1513 568 1542 e
579 1493 716 1552 Pompeianis
729 1493 766 1553 qui
779 1513 791 1542 e
803 1512 875 1552 pugna
887 1493 971 1548 rediret,

154 1625 156 1627 ‚
190 1567 213 1613 ni
227 1584 314 1612 causam
328 1565 374 1612 eius
394 1565 454 1625 prius
473 1578 612 1623 cognosceret
632 1565 718 1621 Caesar,
739 1565 845 1614 demorari
865 1565 972 1614 Antonius
1040 1563 1047 1615 i

190 1639 213 1685 in
227 1639 286 1686 Italia
297 1650 412 1695 pateretur,
423 1637 459 1684 Ad
470 1638 522 1684 haec
533 1638 611 1685 Cicero
621 1658 645 1685 se
655 1638 736 1685 redisse
747 1638 804 1684 bona
814 1657 865 1685 curn
877 1638 972 1685 Caesaris

149 1711 177 1758 20
192 1710 302 1758 voluntate
316 1708 427 1766 respondit
439 1730 464 1757 ac
476 1729 500 1766 ea
512 1710 539 1758 de
551 1729 574 1758 re
586 1710 699 1758 certiorem
711 1708 762 1757 tecit
773 1709 901 1758 Antonium.
914 1708 973 1758 Tum
1040 1705 1047 1766 Ξ

192 1783 282 1841 quidem
296 1779 355 1829 siluit
370 1781 479 1830 Antonius
495 1783 646 1841 demoratique
662 1782 791 1835 Ciceronem
806 1783 873 1830 libere
888 1803 913 1832 ac
929 1783 974 1831 sine

193 1854 289 1905 molestia
304 1873 379 1913 passus
390 1866 429 1903 est.
441 1853 518 1903 Cicero
528 1868 601 1904 autem
611 1854 736 1903 Brundusio
747 1853 844 1902 discessit
855 1876 973 1914 nunquam,
1041 1906 1044 1921 ÷

193 1942 307 1987 expectans
322 1926 395 1986 quoad
406 1926 471 1975 rebus
484 1927 506 1974 in
518 1927 618 1986 Aegipto,
631 1928 654 1975 in
666 1925 746 1983 Africa,
759 1928 781 1975 in
794 1928 899 1986 Hispania
911 1929 974 1987 gestis
1041 1929 1047 1994 Ξ

194 2000 273 2048 Caesar
287 2000 309 2047 in
326 1999 409 2047 Italiam
424 1999 494 2047 rediit.
1043 1995 1047 2011 Ξ

152 2074 180 2122 25
239 2072 321 2121 lnterea
332 2091 382 2120 vero
393 2071 488 2128 Quintus
499 2071 563 2121 frater
573 2073 638 2121 simul
649 2094 700 2121 cum
709 2072 754 2121 filio
764 2072 854 2130 Quinto,
865 2073 975 2122 insolentis
1043 2090 1047 2105 ³

194 2168 219 2195 ac
234 2146 339 2204 superbae
353 2145 431 2193 indolis
446 2147 530 2200 iuvene,
545 2148 668 2204 properavit
681 2147 710 2194 ad
724 2146 838 2195 Caesarem
852 2147 976 2204 curavitque
1016 2150 1018 2154 ’

195 2218 281 2277 quantis
296 2216 481 2269 criminationibus
495 2218 566 2274 potuit
579 2229 604 2266 ut
617 2218 696 2266 iratum
709 2217 771 2266 illurn
785 2217 884 2266 Ciceroni
898 2238 923 2266 ac
936 2217 975 2266 ini·
1045 2210 1047 2226 .

196 2291 338 2338 micissimum
352 2288 438 2337 taceret.
448 2289 521 2338 Veteri
532 2310 625 2353 nanque,
636 2303 660 2339 ut
671 2290 762 2344 dicebat,
773 2291 851 2339 iniuria
861 2290 976 2343 lacessitus,
1045 2334 1046 2349 2

159 2395 161 2399 ι
196 2361 302 2422 quicquid
316 2361 393 2419 perdiu
406 2362 549 2411 occultaverat
562 2363 613 2418 odii,
627 2364 650 2412 id
662 2375 734 2412 totum
747 2362 780 2410 his
789 2362 870 2412 diebus
879 2353 977 2413 'evomuit
1045 2362 1047 2379 ³

156 2437 184 2485 30
198 2456 239 2484 nec
252 2434 383 2494 pretermisit
396 2435 513 2498 quicquam
525 2435 586 2493 quod
597 2435 736 2484 afflictionem
748 2455 825 2493 augere
837 2437 916 2485 afflicto
928 2456 978 2494 pos-

139 2549 140 2553 ,
197 2522 237 2557 set.
252 2506 361 2556 Omnibus
376 2507 466 2566 quidem
480 2508 532 2556 locis
547 2521 568 2556 et
581 2501 641 2566 apud
655 2528 730 2557 ornnes
745 2507 842 2557 Caesaris
856 2510 936 2570 amicos
950 2508 978 2555 ita

198 2582 225 2629 de
240 2580 345 2628 Cicerone
355 2579 439 2627 locutus
450 2593 482 2627 est
492 2592 557 2640 atque
568 2581 653 2639 scripsit
662 2592 688 2628 ut
698 2582 753 2629 sicut
763 2593 807 2629 erat
818 2583 864 2640 ipse
873 2580 940 2636 fratri.
951 2580 978 2627 ita

157 2671 298 2680 --.-——--

208 2714 233 2750 16.
246 2712 281 2750 Cic.
294 2714 330 2751 Art.
343 2713 372 2750 xi.
386 2714 402 2748 7.
416 2713 432 2751 2.

158 2798 304 2808 .--—---

191 2855 192 2858 ’
216 2845 245 2890 10.
257 2845 297 2892 ΕΞ
305 2842 439 2890 Brundusium
452 2862 502 2891 corr.
515 2845 582 2899 (etium
592 2851 611 2891 in
621 2846 699 2902 indice).
751 2845 786 2891 ¹12.
795 2846 871 2892 audivit
879 2853 893 2893 i.
907 2863 930 2896 n:
939 2850 980 2890 erat

159 2913 226 2957 sensit.
295 2911 327 2957 20.
341 2929 364 2955 ac
377 2930 400 2955 ea
413 2918 426 2957 ι’.
441 2930 464 2963 r.;
479 2921 522 2957 erat
536 2913 589 2966 Qua.
644 2912 676 2958 20.
687 2913 814 2959 certiorem...
823 2914 934 2960 Antonium
943 2918 956 2957 ἰ.
966 2928 981 2955 r·

161 2978 193 3022 22.
207 2978 237 3024 Ex
251 2976 363 3023 Brondusio
377 2996 425 3023 corr.
