<?xml version="1.0" encoding="UTF-8"?>
<!DOCTYPE html PUBLIC "-//W3C//DTD XHTML 1.0 Transitional//EN"
    "http://www.w3.org/TR/xhtml1/DTD/xhtml1-transitional.dtd">
<html xmlns="http://www.w3.org/1999/xhtml" xml:lang="en" lang="en">
 <head>
  <title>
</title>
<meta http-equiv="Content-Type" content="text/html;charset=utf-8" />
  <meta name='ocr-system' content='tesseract 3.04.00' />
  <meta name='ocr-capabilities' content='ocr_page ocr_carea ocr_par ocr_line ocrx_word'/>
</head>
<body>
  <div class='ocr_page' id='page_1' title='image "MN40033ucmf_2_0209.png"; bbox 0 0 2093 3253; ppageno 0'>
   <div class='ocr_carea' id='block_1_1' title="bbox 262 135 938 182">
    <p class='ocr_par' dir='ltr' id='par_1_1' title="bbox 262 135 938 182">
     <span class='ocr_line' id='line_1_1' title="bbox 262 135 938 182; baseline -0.003 0"><span class='ocrx_word' id='word_1_1' title='bbox 262 150 391 182; x_wconf 77' lang='lat' dir='ltr'>scnrrronun</span> <span class='ocrx_word' id='word_1_2' title='bbox 406 149 530 181; x_wconf 75' lang='lat' dir='ltr'>rmusrnruu</span> <span class='ocrx_word' id='word_1_3' title='bbox 542 161 557 166; x_wconf 81' lang='lat'><em>—</em></span> <span class='ocrx_word' id='word_1_4' title='bbox 570 149 629 179; x_wconf 72' lang='lat' dir='ltr'>arnan</span> <span class='ocrx_word' id='word_1_5' title='bbox 643 150 670 179; x_wconf 87' lang='lat' dir='ltr'>rv.</span> <span class='ocrx_word' id='word_1_6' title='bbox 839 135 874 181; x_wconf 77' lang='lat'>135</span> <span class='ocrx_word' id='word_1_7' title='bbox 937 169 938 172; x_wconf 20' lang='grc' dir='ltr'>ι</span> 
     </span>
    </p>
   </div>
   <div class='ocr_carea' id='block_1_2' title="bbox 58 263 941 2655">
    <p class='ocr_par' dir='ltr' id='par_1_2' title="bbox 67 263 878 770">
     <span class='ocr_line' id='line_1_2' title="bbox 91 263 877 325; baseline -0.006 -7"><span class='ocrx_word' id='word_1_8' title='bbox 91 283 134 318; x_wconf 83' lang='lat' dir='ltr'>tate</span> <span class='ocrx_word' id='word_1_9' title='bbox 147 268 240 317; x_wconf 88' lang='lat' dir='ltr'>donatus</span> <span class='ocrx_word' id='word_1_10' title='bbox 254 278 294 314; x_wconf 77' lang='lat' dir='ltr'>est.</span> <span class='ocrx_word' id='word_1_11' title='bbox 314 263 469 314; x_wconf 82' lang='lat' dir='ltr'>Convenientia</span> <span class='ocrx_word' id='word_1_12' title='bbox 483 263 548 313; x_wconf 86' lang='lat' dir='ltr'>rebus</span> <span class='ocrx_word' id='word_1_13' title='bbox 562 263 626 316; x_wconf 75' lang='lat' dir='ltr'>verba</span> <span class='ocrx_word' id='word_1_14' title='bbox 640 263 691 315; x_wconf 78' lang='lat' dir='ltr'>lecit</span> <span class='ocrx_word' id='word_1_15' title='bbox 702 280 769 325; x_wconf 81' lang='lat' dir='ltr'>atque</span> <span class='ocrx_word' id='word_1_16' title='bbox 783 265 877 314; x_wconf 79' lang='lat' dir='ltr'>lauream</span> 
     </span>
     <span class='ocr_line' id='line_1_3' title="bbox 71 336 878 422; baseline -0.006 -31"><span class='ocrx_word' id='word_1_17' title='bbox 71 380 73 383; x_wconf 86' lang='lat'><em>-</em></span> <span class='ocrx_word' id='word_1_18' title='bbox 92 343 156 400; x_wconf 84' lang='lat' dir='ltr'>capiti</span> <span class='ocrx_word' id='word_1_19' title='bbox 170 341 223 394; x_wconf 90' lang='lat' dir='ltr'>eius,</span> <span class='ocrx_word' id='word_1_20' title='bbox 238 340 342 422; x_wconf 81' lang='lat' dir='ltr'>quierat,</span> <span class='ocrx_word' id='word_1_21' title='bbox 358 350 383 386; x_wconf 93' lang='lat' dir='ltr'>ut</span> <span class='ocrx_word' id='word_1_22' title='bbox 397 337 448 392; x_wconf 80' lang='lat' dir='ltr'>dixi,</span> <span class='ocrx_word' id='word_1_23' title='bbox 463 352 549 389; x_wconf 86' lang='lat' dir='ltr'>senator</span> <span class='ocrx_word' id='word_1_24' title='bbox 562 336 629 393; x_wconf 87' lang='lat' dir='ltr'>urbis,</span> <span class='ocrx_word' id='word_1_25' title='bbox 645 338 722 394; x_wconf 89' lang='lat' dir='ltr'>Ursus,</span> <span class='ocrx_word' id='word_1_26' title='bbox 741 338 878 405; x_wconf 74' lang='lat' dir='ltr'>Anguilariae</span> 
     </span>
     <span class='ocr_line' id='line_1_4' title="bbox 93 409 878 471; baseline -0.005 -7"><span class='ocrx_word' id='word_1_27' title='bbox 93 434 171 468; x_wconf 82' lang='lat' dir='ltr'>comes,</span> <span class='ocrx_word' id='word_1_28' title='bbox 188 412 276 462; x_wconf 89' lang='lat' dir='ltr'>nomine</span> <span class='ocrx_word' id='word_1_29' title='bbox 292 410 354 470; x_wconf 81' lang='lat' dir='ltr'>regis,</span> <span class='ocrx_word' id='word_1_30' title='bbox 366 410 454 459; x_wconf 89' lang='lat' dir='ltr'>nomine</span> <span class='ocrx_word' id='word_1_31' title='bbox 465 409 564 469; x_wconf 78' lang='lat' dir='ltr'><strong>collegae,</strong></span> <span class='ocrx_word' id='word_1_32' title='bbox 576 411 664 460; x_wconf 90' lang='lat' dir='ltr'>nomine</span> <span class='ocrx_word' id='word_1_33' title='bbox 675 433 723 468; x_wconf 88' lang='lat' dir='ltr'>suo,</span> <span class='ocrx_word' id='word_1_34' title='bbox 734 412 822 461; x_wconf 91' lang='lat' dir='ltr'>nomine</span> <span class='ocrx_word' id='word_1_35' title='bbox 838 433 878 471; x_wconf 81' lang='lat' dir='ltr'>po·</span> 
     </span>
     <span class='ocr_line' id='line_1_5' title="bbox 94 482 878 552; baseline -0.004 -17"><span class='ocrx_word' id='word_1_36' title='bbox 94 488 138 545; x_wconf 92' lang='lat' dir='ltr'>puli</span> <span class='ocrx_word' id='word_1_37' title='bbox 151 485 243 534; x_wconf 89' lang='lat' dir='ltr'>Romani</span> <span class='ocrx_word' id='word_1_38' title='bbox 254 504 280 531; x_wconf 86' lang='lat' dir='ltr'>ac</span> <span class='ocrx_word' id='word_1_39' title='bbox 291 495 377 531; x_wconf 89' lang='lat' dir='ltr'>senatus</span> <span class='ocrx_word' id='word_1_40' title='bbox 389 483 500 552; x_wconf 84' lang='lat' dir='ltr'><strong>imposuit.</strong></span> <span class='ocrx_word' id='word_1_41' title='bbox 512 482 562 532; x_wconf 87' lang='lat' dir='ltr'>Fuit</span> <span class='ocrx_word' id='word_1_42' title='bbox 574 483 616 532; x_wconf 88' lang='lat' dir='ltr'>hoc</span> <span class='ocrx_word' id='word_1_43' title='bbox 627 484 742 534; x_wconf 88' lang='lat' dir='ltr'>nativitatis</span> <span class='ocrx_word' id='word_1_44' title='bbox 754 505 805 533; x_wconf 85' lang='lat' dir='ltr'>suae</span> <span class='ocrx_word' id='word_1_45' title='bbox 821 505 878 532; x_wconf 89' lang='lat' dir='ltr'>anno</span> 
     </span>
     <span class='ocr_line' id='line_1_6' title="bbox 67 554 879 615; baseline -0.004 -7"><span class='ocrx_word' id='word_1_46' title='bbox 67 564 80 614; x_wconf 81' lang='grc'>5</span> <span class='ocrx_word' id='word_1_47' title='bbox 96 558 138 608; x_wconf 80' lang='lat' dir='ltr'>Vll</span> <span class='ocrx_word' id='word_1_48' title='bbox 154 571 175 607; x_wconf 88' lang='lat' dir='ltr'>et</span> <span class='ocrx_word' id='word_1_49' title='bbox 189 555 254 605; x_wconf 86' lang='lat' dir='ltr'>XXX</span> <span class='ocrx_word' id='word_1_50' title='bbox 264 555 339 605; x_wconf 91' lang='lat' dir='ltr'>Idibus</span> <span class='ocrx_word' id='word_1_51' title='bbox 347 554 466 614; x_wconf 77' lang='lat' dir='ltr'>Aprilibus,</span> <span class='ocrx_word' id='word_1_52' title='bbox 474 576 518 615; x_wconf 88' lang='lat' dir='ltr'>quo</span> <span class='ocrx_word' id='word_1_53' title='bbox 527 555 562 605; x_wconf 92' lang='lat' dir='ltr'>die</span> <span class='ocrx_word' id='word_1_54' title='bbox 570 556 754 606; x_wconf 82' lang='lat' dir='ltr'>Pascatumlorte</span> <span class='ocrx_word' id='word_1_55' title='bbox 762 557 797 606; x_wconf 87' lang='lat' dir='ltr'>dei</span> <span class='ocrx_word' id='word_1_56' title='bbox 810 557 879 606; x_wconf 88' lang='lat' dir='ltr'>eccle·</span> 
     </span>
     <span class='ocr_line' id='line_1_7' title="bbox 94 628 877 691; baseline -0.001 -10"><span class='ocrx_word' id='word_1_57' title='bbox 94 635 123 682; x_wconf 88' lang='lat' dir='ltr'>sia</span> <span class='ocrx_word' id='word_1_58' title='bbox 138 629 265 680; x_wconf 85' lang='lat' dir='ltr'>celebrabat.</span> <span class='ocrx_word' id='word_1_59' title='bbox 278 629 377 678; x_wconf 83' lang='lat' dir='ltr'>Multum</span> <span class='ocrx_word' id='word_1_60' title='bbox 388 628 429 678; x_wconf 85' lang='lat' dir='ltr'>sibi</span> <span class='ocrx_word' id='word_1_61' title='bbox 442 648 474 677; x_wconf 88' lang='lat' dir='ltr'>res</span> <span class='ocrx_word' id='word_1_62' title='bbox 487 630 533 684; x_wconf 86' lang='lat' dir='ltr'>ista,</span> <span class='ocrx_word' id='word_1_63' title='bbox 546 643 570 678; x_wconf 82' lang='lat' dir='ltr'>ut</span> <span class='ocrx_word' id='word_1_64' title='bbox 582 629 652 680; x_wconf 85' lang='lat' dir='ltr'><strong>solent</strong></span> <span class='ocrx_word' id='word_1_65' title='bbox 663 649 772 691; x_wconf 89' lang='lat' dir='ltr'>prospera,</span> <span class='ocrx_word' id='word_1_66' title='bbox 790 630 877 680; x_wconf 85' lang='lat' dir='ltr'>honoris</span> 
     </span>
     <span class='ocr_line' id='line_1_8' title="bbox 94 702 877 770; baseline -0.001 -17"><span class='ocrx_word' id='word_1_67' title='bbox 94 721 115 754; x_wconf 80' lang='lat' dir='ltr'>et</span> <span class='ocrx_word' id='word_1_68' title='bbox 129 704 215 770; x_wconf 82' lang='lat' dir='ltr'>gloriae,</span> <span class='ocrx_word' id='word_1_69' title='bbox 230 704 281 751; x_wconf 90' lang='lat' dir='ltr'>inde</span> <span class='ocrx_word' id='word_1_70' title='bbox 295 703 340 751; x_wconf 89' lang='lat' dir='ltr'>odii</span> <span class='ocrx_word' id='word_1_71' title='bbox 354 715 375 750; x_wconf 91' lang='lat' dir='ltr'>et</span> <span class='ocrx_word' id='word_1_72' title='bbox 389 702 482 750; x_wconf 88' lang='lat' dir='ltr'>invidiae</span> <span class='ocrx_word' id='word_1_73' title='bbox 496 702 542 750; x_wconf 88' lang='lat' dir='ltr'>aliis</span> <span class='ocrx_word' id='word_1_74' title='bbox 556 703 616 751; x_wconf 86' lang='lat' dir='ltr'>aliud</span> <span class='ocrx_word' id='word_1_75' title='bbox 629 703 773 753; x_wconf 90' lang='lat' dir='ltr'>obicientibus</span> <span class='ocrx_word' id='word_1_76' title='bbox 786 705 877 762; x_wconf 87' lang='lat' dir='ltr'>peperit.</span> 
     </span>
    </p>

    <p class='ocr_par' dir='ltr' id='par_1_3' title="bbox 95 772 877 912">
     <span class='ocr_line' id='line_1_9' title="bbox 137 772 876 834; baseline -0.005 -5"><span class='ocrx_word' id='word_1_77' title='bbox 137 779 256 829; x_wconf 86' lang='lat' dir='ltr'>Laureatus</span> <span class='ocrx_word' id='word_1_78' title='bbox 269 794 319 825; x_wconf 88' lang='lat' dir='ltr'>vero</span> <span class='ocrx_word' id='word_1_79' title='bbox 333 795 388 834; x_wconf 89' lang='lat' dir='ltr'>quae</span> <span class='ocrx_word' id='word_1_80' title='bbox 402 774 487 829; x_wconf 85' lang='lat' dir='ltr'>dixerit,</span> <span class='ocrx_word' id='word_1_81' title='bbox 501 793 557 833; x_wconf 89' lang='lat' dir='ltr'>quae</span> <span class='ocrx_word' id='word_1_82' title='bbox 570 772 651 830; x_wconf 87' lang='lat' dir='ltr'>fecerit,</span> <span class='ocrx_word' id='word_1_83' title='bbox 664 775 724 834; x_wconf 89' lang='lat' dir='ltr'>apud</span> <span class='ocrx_word' id='word_1_84' title='bbox 736 796 791 834; x_wconf 91' lang='lat' dir='ltr'>quos</span> <span class='ocrx_word' id='word_1_85' title='bbox 804 775 876 831; x_wconf 84' lang='lat' dir='ltr'>luerit,</span> 
     </span>
     <span class='ocr_line' id='line_1_10' title="bbox 95 845 877 912; baseline -0.005 -11"><span class='ocrx_word' id='word_1_86' title='bbox 95 873 148 912; x_wconf 85' lang='lat' dir='ltr'>quas</span> <span class='ocrx_word' id='word_1_87' title='bbox 163 851 228 900; x_wconf 89' lang='lat' dir='ltr'>urbes</span> <span class='ocrx_word' id='word_1_88' title='bbox 241 849 325 903; x_wconf 88' lang='lat' dir='ltr'>adierit,</span> <span class='ocrx_word' id='word_1_89' title='bbox 340 847 441 906; x_wconf 86' lang='lat' dir='ltr'>quotiens</span> <span class='ocrx_word' id='word_1_90' title='bbox 455 867 521 895; x_wconf 86' lang='lat' dir='ltr'>suum</span> <span class='ocrx_word' id='word_1_91' title='bbox 534 847 563 895; x_wconf 86' lang='lat' dir='ltr'>ad</span> <span class='ocrx_word' id='word_1_92' title='bbox 576 845 660 896; x_wconf 74' lang='lat' dir='ltr'>fontem</span> <span class='ocrx_word' id='word_1_93' title='bbox 674 849 762 907; x_wconf 82' lang='lat' dir='ltr'>Sergiae</span> <span class='ocrx_word' id='word_1_94' title='bbox 772 870 802 909; x_wconf 84' lang='lat' dir='ltr'>ex</span> <span class='ocrx_word' id='word_1_95' title='bbox 817 849 877 897; x_wconf 86' lang='lat' dir='ltr'>ltalia</span> 
     </span>
    </p>

    <p class='ocr_par' dir='ltr' id='par_1_4' title="bbox 58 917 882 1270">
     <span class='ocr_line' id='line_1_11' title="bbox 58 917 882 985; baseline -0.006 -10"><span class='ocrx_word' id='word_1_96' title='bbox 58 929 82 975; x_wconf 83' lang='lat' dir='ltr'>ll]</span> <span class='ocrx_word' id='word_1_97' title='bbox 97 924 166 978; x_wconf 88' lang='lat' dir='ltr'>iverit,</span> <span class='ocrx_word' id='word_1_98' title='bbox 177 922 277 982; x_wconf 86' lang='lat' dir='ltr'>quotiens</span> <span class='ocrx_word' id='word_1_99' title='bbox 287 919 315 969; x_wconf 91' lang='lat' dir='ltr'>ad</span> <span class='ocrx_word' id='word_1_100' title='bbox 327 919 411 968; x_wconf 87' lang='lat' dir='ltr'>ltaliam</span> <span class='ocrx_word' id='word_1_101' title='bbox 421 919 469 978; x_wconf 85' lang='lat' dir='ltr'>ipso</span> <span class='ocrx_word' id='word_1_102' title='bbox 479 939 492 967; x_wconf 94' lang='lat' dir='ltr'>e</span> <span class='ocrx_word' id='word_1_103' title='bbox 502 917 563 968; x_wconf 83' lang='lat' dir='ltr'>lente</span> <span class='ocrx_word' id='word_1_104' title='bbox 573 919 666 985; x_wconf 87' lang='lat' dir='ltr'>redierit,</span> <span class='ocrx_word' id='word_1_105' title='bbox 678 921 882 980; x_wconf 51' lang='lat' dir='ltr'>quamdiu‘singulo¹</span> 
     </span>
     <span class='ocr_line' id='line_1_12' title="bbox 96 991 877 1052; baseline -0.004 -7"><span class='ocrx_word' id='word_1_106' title='bbox 96 998 118 1047; x_wconf 91' lang='lat' dir='ltr'>in</span> <span class='ocrx_word' id='word_1_107' title='bbox 133 995 180 1046; x_wconf 84' lang='lat' dir='ltr'>loco</span> <span class='ocrx_word' id='word_1_108' title='bbox 195 992 304 1048; x_wconf 82' lang='lat' dir='ltr'><strong>manserit,</strong></span> <span class='ocrx_word' id='word_1_109' title='bbox 318 993 357 1040; x_wconf 87' lang='lat' dir='ltr'>etsi</span> <span class='ocrx_word' id='word_1_110' title='bbox 371 992 486 1040; x_wconf 87' lang='lat' dir='ltr'>memorari</span> <span class='ocrx_word' id='word_1_111' title='bbox 499 1010 538 1040; x_wconf 89' lang='lat' dir='ltr'>sua</span> <span class='ocrx_word' id='word_1_112' title='bbox 550 1010 602 1040; x_wconf 91' lang='lat' dir='ltr'>cum</span> <span class='ocrx_word' id='word_1_113' title='bbox 614 991 677 1046; x_wconf 85' lang='lat' dir='ltr'>laude</span> <span class='ocrx_word' id='word_1_114' title='bbox 689 1006 784 1052; x_wconf 83' lang='lat' dir='ltr'><strong>possent,</strong></span> <span class='ocrx_word' id='word_1_115' title='bbox 797 1006 877 1049; x_wconf 87' lang='lat' dir='ltr'>tamen,</span> 
     </span>
     <span class='ocr_line' id='line_1_13' title="bbox 96 1066 877 1131; baseline -0.003 -12"><span class='ocrx_word' id='word_1_116' title='bbox 96 1091 113 1119; x_wconf 86' lang='lat' dir='ltr'>sr</span> <span class='ocrx_word' id='word_1_117' title='bbox 107 1069 208 1119; x_wconf 84' lang='lat' dir='ltr'>&#39;relerre</span> <span class='ocrx_word' id='word_1_118' title='bbox 218 1069 299 1117; x_wconf 90' lang='lat' dir='ltr'>sensim</span> <span class='ocrx_word' id='word_1_119' title='bbox 310 1067 382 1115; x_wconf 90' lang='lat' dir='ltr'>omnia</span> <span class='ocrx_word' id='word_1_120' title='bbox 393 1078 494 1120; x_wconf 85' lang='lat' dir='ltr'>statuam,</span> <span class='ocrx_word' id='word_1_121' title='bbox 504 1084 580 1114; x_wconf 87' lang='lat' dir='ltr'>vereor</span> <span class='ocrx_word' id='word_1_122' title='bbox 590 1086 618 1114; x_wconf 92' lang='lat' dir='ltr'>ne</span> <span class='ocrx_word' id='word_1_123' title='bbox 629 1066 702 1115; x_wconf 92' lang='lat' dir='ltr'>multis</span> <span class='ocrx_word' id='word_1_124' title='bbox 713 1067 776 1131; x_wconf 80' lang='lat' dir='ltr'>longe</span> <span class='ocrx_word' id='word_1_125' title='bbox 786 1068 836 1127; x_wconf 90' lang='lat' dir='ltr'>plus</span> <span class='ocrx_word' id='word_1_126' title='bbox 845 1082 877 1117; x_wconf 89' lang='lat' dir='ltr'>te-</span> 
     </span>
     <span class='ocr_line' id='line_1_14' title="bbox 97 1133 878 1203; baseline -0.003 -11"><span class='ocrx_word' id='word_1_127' title='bbox 97 1145 127 1192; x_wconf 91' lang='lat' dir='ltr'>dii</span> <span class='ocrx_word' id='word_1_128' title='bbox 142 1162 209 1203; x_wconf 87' lang='lat' dir='ltr'>quam</span> <span class='ocrx_word' id='word_1_129' title='bbox 223 1141 302 1199; x_wconf 79' lang='lat' dir='ltr'>gratiae</span> <span class='ocrx_word' id='word_1_130' title='bbox 313 1139 355 1188; x_wconf 90' lang='lat' dir='ltr'>sim</span> <span class='ocrx_word' id='word_1_131' title='bbox 366 1137 471 1188; x_wconf 79' lang='lat' dir='ltr'>tacturus.</span> <span class='ocrx_word' id='word_1_132' title='bbox 484 1137 649 1197; x_wconf 80' lang='lat' dir='ltr'>Complura</span> <span class='ocrx_word' id='word_1_133' title='bbox 615 1160 674 1188; x_wconf 82' lang='lat' dir='ltr'>enim</span> <span class='ocrx_word' id='word_1_134' title='bbox 686 1139 732 1189; x_wconf 90' lang='lat' dir='ltr'>loca</span> <span class='ocrx_word' id='word_1_135' title='bbox 743 1133 816 1190; x_wconf 81' lang='lat' dir='ltr'>studio</span> <span class='ocrx_word' id='word_1_136' title='bbox 827 1162 878 1190; x_wconf 93' lang='lat' dir='ltr'>cum</span> 
     </span>
     <span class='ocr_line' id='line_1_15' title="bbox 96 1202 878 1270; baseline -0.003 -6"><span class='ocrx_word' id='word_1_137' title='bbox 96 1214 184 1265; x_wconf 89' lang='lat' dir='ltr'>videndi</span> <span class='ocrx_word' id='word_1_138' title='bbox 199 1213 327 1262; x_wconf 91' lang='lat' dir='ltr'>multatum</span> <span class='ocrx_word' id='word_1_139' title='bbox 339 1223 416 1270; x_wconf 79' lang='lat' dir='ltr'>gratae</span> <span class='ocrx_word' id='word_1_140' title='bbox 422 1211 463 1267; x_wconf 85' lang='lat' dir='ltr'><strong>sibi</strong></span> <span class='ocrx_word' id='word_1_141' title='bbox 475 1231 569 1270; x_wconf 83' lang='lat' dir='ltr'><strong>usquam</strong></span> <span class='ocrx_word' id='word_1_142' title='bbox 581 1212 723 1267; x_wconf 86' lang='lat' dir='ltr'>inveniendae</span> <span class='ocrx_word' id='word_1_143' title='bbox 735 1214 791 1262; x_wconf 88' lang='lat' dir='ltr'>sedi&#39;s</span> <span class='ocrx_word' id='word_1_144' title='bbox 803 1202 878 1263; x_wconf 91' lang='lat' dir='ltr'>obivit.</span> 
     </span>
    </p>

    <p class='ocr_par' dir='ltr' id='par_1_5' title="bbox 60 1283 885 1411">
     <span class='ocr_line' id='line_1_16' title="bbox 60 1283 885 1348; baseline -0.002 -11"><span class='ocrx_word' id='word_1_145' title='bbox 60 1293 83 1341; x_wconf 86' lang='grc'>15</span> <span class='ocrx_word' id='word_1_146' title='bbox 99 1288 200 1348; x_wconf 85' lang='lat' dir='ltr'>Quippe</span> <span class='ocrx_word' id='word_1_147' title='bbox 194 1287 271 1336; x_wconf 81' lang='lat' dir='ltr'>itinera</span> <span class='ocrx_word' id='word_1_148' title='bbox 279 1286 326 1334; x_wconf 88' lang='lat' dir='ltr'>eius</span> <span class='ocrx_word' id='word_1_149' title='bbox 335 1303 449 1343; x_wconf 91' lang='lat' dir='ltr'>moresque</span> <span class='ocrx_word' id='word_1_150' title='bbox 458 1304 483 1332; x_wconf 88' lang='lat' dir='ltr'>ac</span> <span class='ocrx_word' id='word_1_151' title='bbox 491 1283 558 1332; x_wconf 88' lang='lat' dir='ltr'>libros</span> <span class='ocrx_word' id='word_1_152' title='bbox 567 1285 641 1343; x_wconf 79' lang='lat' dir='ltr'>paucis</span> <span class='ocrx_word' id='word_1_153' title='bbox 650 1297 671 1333; x_wconf 83' lang='lat' dir='ltr'>et</span> <span class='ocrx_word' id='word_1_154' title='bbox 680 1287 805 1335; x_wconf 80' lang='lat' dir='ltr'>summatim</span> <span class='ocrx_word' id='word_1_155' title='bbox 814 1307 878 1346; x_wconf 87' lang='lat' dir='ltr'>expe·</span> <span class='ocrx_word' id='word_1_156' title='bbox 882 1301 885 1310; x_wconf 73' lang='lat'>²</span> 
     </span>
     <span class='ocr_line' id='line_1_17' title="bbox 97 1363 162 1411; baseline -0.015 0"><span class='ocrx_word' id='word_1_157' title='bbox 97 1363 162 1411; x_wconf 89' lang='lat' dir='ltr'>diam.</span> 
     </span>
    </p>

    <p class='ocr_par' dir='ltr' id='par_1_6' title="bbox 97 1430 879 1639">
     <span class='ocr_line' id='line_1_18' title="bbox 138 1430 878 1495; baseline 0.001 -14"><span class='ocrx_word' id='word_1_158' title='bbox 138 1434 237 1492; x_wconf 88' lang='lat' dir='ltr'>Primum</span> <span class='ocrx_word' id='word_1_159' title='bbox 251 1432 316 1489; x_wconf 84' lang='lat' dir='ltr'>igitur</span> <span class='ocrx_word' id='word_1_160' title='bbox 330 1443 355 1479; x_wconf 92' lang='lat' dir='ltr'>ut</span> <span class='ocrx_word' id='word_1_161' title='bbox 365 1430 437 1495; x_wconf 86' lang='lat' dir='ltr'>laurea</span> <span class='ocrx_word' id='word_1_162' title='bbox 447 1443 534 1488; x_wconf 90' lang='lat' dir='ltr'>sumpta</span> <span class='ocrx_word' id='word_1_163' title='bbox 544 1443 584 1485; x_wconf 89' lang='lat' dir='ltr'>est,</span> <span class='ocrx_word' id='word_1_164' title='bbox 595 1431 649 1479; x_wconf 89' lang='lat' dir='ltr'>urbe</span> <span class='ocrx_word' id='word_1_165' title='bbox 660 1431 769 1489; x_wconf 80' lang='lat' dir='ltr'>profectus</span> <span class='ocrx_word' id='word_1_166' title='bbox 779 1432 878 1482; x_wconf 81' lang='lat' dir='ltr'>Parmam</span> 
     </span>
     <span class='ocr_line' id='line_1_19' title="bbox 97 1501 879 1564; baseline -0.001 -9"><span class='ocrx_word' id='word_1_167' title='bbox 97 1507 155 1556; x_wconf 88' lang='lat' dir='ltr'>venit</span> <span class='ocrx_word' id='word_1_168' title='bbox 170 1518 192 1555; x_wconf 84' lang='lat' dir='ltr'>et</span> <span class='ocrx_word' id='word_1_169' title='bbox 206 1504 297 1554; x_wconf 85' lang='lat' dir='ltr'>civitatis</span> <span class='ocrx_word' id='word_1_170' title='bbox 313 1504 359 1553; x_wconf 87' lang='lat' dir='ltr'>eius</span> <span class='ocrx_word' id='word_1_171' title='bbox 374 1502 501 1553; x_wconf 84' lang='lat' dir='ltr'>cathedralis</span> <span class='ocrx_word' id='word_1_172' title='bbox 516 1501 617 1552; x_wconf 87' lang='lat' dir='ltr'>ecclesiae</span> <span class='ocrx_word' id='word_1_173' title='bbox 626 1503 798 1563; x_wconf 80' lang='lat' dir='ltr'>archipresbyter</span> <span class='ocrx_word' id='word_1_174' title='bbox 807 1506 879 1564; x_wconf 68' lang='lat' dir='ltr'>desigu</span> 
     </span>
     <span class='ocr_line' id='line_1_20' title="bbox 97 1576 879 1639; baseline -0.003 -9"><span class='ocrx_word' id='word_1_175' title='bbox 97 1594 160 1630; x_wconf 88' lang='lat' dir='ltr'>natus</span> <span class='ocrx_word' id='word_1_176' title='bbox 173 1593 213 1628; x_wconf 91' lang='lat' dir='ltr'>est.</span> <span class='ocrx_word' id='word_1_177' title='bbox 227 1577 354 1627; x_wconf 89' lang='lat' dir='ltr'>Clericalem</span> <span class='ocrx_word' id='word_1_178' title='bbox 367 1576 457 1636; x_wconf 88' lang='lat' dir='ltr'>quidem</span> <span class='ocrx_word' id='word_1_179' title='bbox 464 1597 477 1626; x_wconf 91' lang='lat' dir='ltr'>a</span> <span class='ocrx_word' id='word_1_180' title='bbox 485 1576 557 1636; x_wconf 87' lang='lat' dir='ltr'>pueris</span> <span class='ocrx_word' id='word_1_181' title='bbox 566 1577 628 1625; x_wconf 85' lang='lat' dir='ltr'>duxit</span> <span class='ocrx_word' id='word_1_182' title='bbox 636 1578 709 1627; x_wconf 87' lang='lat' dir='ltr'>vitam.</span> <span class='ocrx_word' id='word_1_183' title='bbox 718 1578 782 1631; x_wconf 87' lang='lat' dir='ltr'>Plana</span> <span class='ocrx_word' id='word_1_184' title='bbox 791 1598 879 1639; x_wconf 86' lang='lat' dir='ltr'>quoque</span> 
     </span>
    </p>

    <p class='ocr_par' dir='ltr' id='par_1_7' title="bbox 58 1649 904 2001">
     <span class='ocr_line' id='line_1_21' title="bbox 58 1649 879 1716; baseline -0.002 -13"><span class='ocrx_word' id='word_1_185' title='bbox 58 1656 85 1703; x_wconf 84' lang='lat'>20</span> <span class='ocrx_word' id='word_1_186' title='bbox 100 1655 122 1702; x_wconf 92' lang='lat' dir='ltr'>in</span> <span class='ocrx_word' id='word_1_187' title='bbox 136 1653 196 1701; x_wconf 86' lang='lat' dir='ltr'>Valle</span> <span class='ocrx_word' id='word_1_188' title='bbox 211 1652 250 1710; x_wconf 89' lang='lat' dir='ltr'>(sic</span> <span class='ocrx_word' id='word_1_189' title='bbox 261 1651 370 1710; x_wconf 86' lang='lat' dir='ltr'>appellant</span> <span class='ocrx_word' id='word_1_190' title='bbox 382 1650 463 1709; x_wconf 76' lang='lat' dir='ltr'>vulgo),</span> <span class='ocrx_word' id='word_1_191' title='bbox 475 1670 518 1709; x_wconf 87' lang='lat' dir='ltr'>que</span> <span class='ocrx_word' id='word_1_192' title='bbox 529 1649 650 1699; x_wconf 80' lang='lat' dir='ltr'>Parmensis</span> <span class='ocrx_word' id='word_1_193' title='bbox 662 1650 715 1700; x_wconf 83' lang='lat' dir='ltr'>fines</span> <span class='ocrx_word' id='word_1_194' title='bbox 723 1672 735 1701; x_wconf 91' lang='lat' dir='ltr'>a</span> <span class='ocrx_word' id='word_1_195' title='bbox 743 1652 827 1710; x_wconf 83' lang='lat' dir='ltr'>Regino</span> <span class='ocrx_word' id='word_1_196' title='bbox 834 1653 879 1716; x_wconf 89' lang='lat' dir='ltr'>dis·</span> 
     </span>
     <span class='ocr_line' id='line_1_22' title="bbox 100 1721 880 1784; baseline -0.004 -9"><span class='ocrx_word' id='word_1_197' title='bbox 100 1726 206 1780; x_wconf 82' lang='lat' dir='ltr'>criminat,</span> <span class='ocrx_word' id='word_1_198' title='bbox 229 1723 363 1784; x_wconf 85' lang='lat' dir='ltr'>aliquamdiu</span> <span class='ocrx_word' id='word_1_199' title='bbox 388 1723 473 1769; x_wconf 85' lang='lat' dir='ltr'>mansit.</span> <span class='ocrx_word' id='word_1_200' title='bbox 492 1721 577 1770; x_wconf 71' lang='lat' dir='ltr'>Africae</span> <span class='ocrx_word' id='word_1_201' title='bbox 596 1742 704 1771; x_wconf 89' lang='lat' dir='ltr'>summam</span> <span class='ocrx_word' id='word_1_202' title='bbox 723 1724 764 1771; x_wconf 92' lang='lat' dir='ltr'>hoc</span> <span class='ocrx_word' id='word_1_203' title='bbox 782 1736 880 1782; x_wconf 82' lang='lat' dir='ltr'>tempore</span> 
     </span>
     <span class='ocr_line' id='line_1_23' title="bbox 98 1794 879 1872; baseline -0.004 -25"><span class='ocrx_word' id='word_1_204' title='bbox 98 1797 214 1872; x_wconf 84' lang='lat' dir='ltr'>aliquando</span> <span class='ocrx_word' id='word_1_205' title='bbox 223 1796 264 1845; x_wconf 83' lang='lat' dir='ltr'>ista</span> <span class='ocrx_word' id='word_1_206' title='bbox 273 1796 296 1844; x_wconf 93' lang='lat' dir='ltr'>in</span> <span class='ocrx_word' id='word_1_207' title='bbox 305 1794 373 1850; x_wconf 93' lang='lat' dir='ltr'>Valle,</span> <span class='ocrx_word' id='word_1_208' title='bbox 384 1795 495 1843; x_wconf 86' lang='lat' dir='ltr'>interdum</span> <span class='ocrx_word' id='word_1_209' title='bbox 504 1795 551 1854; x_wconf 84' lang='lat' dir='ltr'>ipsa</span> <span class='ocrx_word' id='word_1_210' title='bbox 560 1795 677 1848; x_wconf 80' lang='lat' dir='ltr'>incivitate</span> <span class='ocrx_word' id='word_1_211' title='bbox 687 1796 775 1845; x_wconf 88' lang='lat' dir='ltr'>Parmae</span> <span class='ocrx_word' id='word_1_212' title='bbox 785 1809 879 1846; x_wconf 87' lang='lat' dir='ltr'>moratus</span> 
     </span>
     <span class='ocr_line' id='line_1_24' title="bbox 99 1866 904 1930; baseline 0.002 -12"><span class='ocrx_word' id='word_1_213' title='bbox 99 1866 210 1930; x_wconf 82' lang='lat' dir='ltr'>imposuit.</span> <span class='ocrx_word' id='word_1_214' title='bbox 225 1869 409 1928; x_wconf 85' lang='lat' dir='ltr'>Transalpinam</span> <span class='ocrx_word' id='word_1_215' title='bbox 404 1889 427 1916; x_wconf 89' lang='grc' dir='ltr'>ιιι</span> <span class='ocrx_word' id='word_1_216' title='bbox 441 1868 545 1925; x_wconf 84' lang='lat' dir='ltr'>Galliam,</span> <span class='ocrx_word' id='word_1_217' title='bbox 556 1868 607 1917; x_wconf 82' lang='lat' dir='ltr'>inde</span> <span class='ocrx_word' id='word_1_218' title='bbox 617 1868 747 1919; x_wconf 74' lang='lat' dir='ltr'>Avrnronem</span> <span class='ocrx_word' id='word_1_219' title='bbox 757 1890 782 1919; x_wconf 89' lang='lat' dir='ltr'>ac</span> <span class='ocrx_word' id='word_1_220' title='bbox 792 1870 880 1929; x_wconf 81' lang='lat' dir='ltr'>Sorgrae</span> <span class='ocrx_word' id='word_1_221' title='bbox 902 1890 904 1892; x_wconf 78' lang='grc'><strong>’</strong></span> 
     </span>
     <span class='ocr_line' id='line_1_25' title="bbox 99 1940 880 2006; baseline -0.001 -15"><span class='ocrx_word' id='word_1_222' title='bbox 99 1945 127 1991; x_wconf 89' lang='lat' dir='ltr'>ad</span> <span class='ocrx_word' id='word_1_223' title='bbox 141 1943 250 2006; x_wconf 68' lang='lat' dir='ltr'>fontem,</span> <span class='ocrx_word' id='word_1_224' title='bbox 244 1955 324 1990; x_wconf 84' lang='lat' dir='ltr'>iterum</span> <span class='ocrx_word' id='word_1_225' title='bbox 335 1942 434 1989; x_wconf 89' lang='lat' dir='ltr'>Parmam</span> <span class='ocrx_word' id='word_1_226' title='bbox 446 1961 458 1987; x_wconf 92' lang='lat' dir='ltr'>e</span> <span class='ocrx_word' id='word_1_227' title='bbox 470 1940 541 1988; x_wconf 88' lang='lat' dir='ltr'>Gallia</span> <span class='ocrx_word' id='word_1_228' title='bbox 553 1942 623 1998; x_wconf 85' lang='lat' dir='ltr'>rediit,</span> <span class='ocrx_word' id='word_1_229' title='bbox 636 1942 745 1990; x_wconf 85' lang='lat' dir='ltr'>Veronam</span> <span class='ocrx_word' id='word_1_230' title='bbox 756 1964 844 2001; x_wconf 86' lang='lat' dir='ltr'>quoque</span> <span class='ocrx_word' id='word_1_231' title='bbox 855 1964 880 1991; x_wconf 89' lang='lat' dir='ltr'>ac</span> 
     </span>
    </p>

    <p class='ocr_par' dir='ltr' id='par_1_8' title="bbox 60 2004 881 2292">
     <span class='ocr_line' id='line_1_26' title="bbox 60 2004 881 2074; baseline 0 -9"><span class='ocrx_word' id='word_1_232' title='bbox 60 2016 86 2065; x_wconf 82' lang='lat'>25</span> <span class='ocrx_word' id='word_1_233' title='bbox 60 2015 202 2065; x_wconf 82' lang='lat' dir='ltr'>2Paduam</span> <span class='ocrx_word' id='word_1_234' title='bbox 210 2016 276 2065; x_wconf 90' lang='lat' dir='ltr'>venit.</span> <span class='ocrx_word' id='word_1_235' title='bbox 291 2012 413 2063; x_wconf 85' lang='lat' dir='ltr'>Canonicus</span> <span class='ocrx_word' id='word_1_236' title='bbox 427 2031 478 2061; x_wconf 85' lang='lat' dir='ltr'>vero</span> <span class='ocrx_word' id='word_1_237' title='bbox 492 2012 577 2061; x_wconf 88' lang='lat' dir='ltr'>Paduae</span> <span class='ocrx_word' id='word_1_238' title='bbox 591 2004 660 2062; x_wconf 83' lang='lat' dir='ltr'>lactus</span> <span class='ocrx_word' id='word_1_239' title='bbox 674 2014 702 2063; x_wconf 88' lang='lat' dir='ltr'>ad</span> <span class='ocrx_word' id='word_1_240' title='bbox 716 2034 782 2074; x_wconf 92' lang='lat' dir='ltr'>quem</span> <span class='ocrx_word' id='word_1_241' title='bbox 795 2016 881 2065; x_wconf 89' lang='lat' dir='ltr'>amabat</span> 
     </span>
     <span class='ocr_line' id='line_1_27' title="bbox 99 2086 880 2147; baseline 0.001 -10"><span class='ocrx_word' id='word_1_242' title='bbox 99 2088 182 2138; x_wconf 83' lang='lat' dir='ltr'>lontem</span> <span class='ocrx_word' id='word_1_243' title='bbox 188 2089 275 2147; x_wconf 83' lang='lat' dir='ltr'>Sorgiae</span> <span class='ocrx_word' id='word_1_244' title='bbox 283 2102 380 2137; x_wconf 86' lang='lat' dir='ltr'>reversus</span> <span class='ocrx_word' id='word_1_245' title='bbox 388 2098 427 2135; x_wconf 88' lang='lat' dir='ltr'>est.</span> <span class='ocrx_word' id='word_1_246' title='bbox 436 2086 489 2135; x_wconf 91' lang='lat' dir='ltr'>Inde</span> <span class='ocrx_word' id='word_1_247' title='bbox 498 2098 583 2145; x_wconf 80' lang='lat' dir='ltr'>repetiit</span> <span class='ocrx_word' id='word_1_248' title='bbox 587 2086 694 2136; x_wconf 89' lang='lat' dir='ltr'>Parmam</span> <span class='ocrx_word' id='word_1_249' title='bbox 700 2087 800 2137; x_wconf 86' lang='lat' dir='ltr'>Tandem</span> <span class='ocrx_word' id='word_1_250' title='bbox 808 2109 880 2138; x_wconf 86' lang='lat' dir='ltr'>senes</span> 
     </span>
     <span class='ocr_line' id='line_1_28' title="bbox 100 2158 880 2237; baseline 0.001 -28"><span class='ocrx_word' id='word_1_251' title='bbox 100 2182 149 2209; x_wconf 85' lang='lat' dir='ltr'>cens</span> <span class='ocrx_word' id='word_1_252' title='bbox 157 2162 242 2209; x_wconf 90' lang='lat' dir='ltr'>Paduae</span> <span class='ocrx_word' id='word_1_253' title='bbox 250 2161 325 2209; x_wconf 92' lang='lat' dir='ltr'>sedem</span> <span class='ocrx_word' id='word_1_254' title='bbox 332 2159 386 2207; x_wconf 87' lang='lat' dir='ltr'>fixit.</span> <span class='ocrx_word' id='word_1_255' title='bbox 398 2159 486 2217; x_wconf 86' lang='lat' dir='ltr'>Ubique</span> <span class='ocrx_word' id='word_1_256' title='bbox 497 2158 600 2206; x_wconf 88' lang='lat' dir='ltr'>honorate</span> <span class='ocrx_word' id='word_1_257' title='bbox 611 2159 768 2219; x_wconf 86' lang='lat' dir='ltr'>liberaliterque</span> <span class='ocrx_word' id='word_1_258' title='bbox 778 2176 880 2237; x_wconf 85' lang='lat' dir='ltr'>exceptus</span> 
     </span>
     <span class='ocr_line' id='line_1_29' title="bbox 99 2232 494 2292; baseline -0.005 -10"><span class='ocrx_word' id='word_1_259' title='bbox 99 2235 158 2292; x_wconf 91' lang='lat' dir='ltr'>apud</span> <span class='ocrx_word' id='word_1_260' title='bbox 173 2235 275 2292; x_wconf 89' lang='lat' dir='ltr'>primates</span> <span class='ocrx_word' id='word_1_261' title='bbox 285 2253 310 2282; x_wconf 87' lang='lat' dir='ltr'>ac</span> <span class='ocrx_word' id='word_1_262' title='bbox 320 2232 406 2281; x_wconf 90' lang='lat' dir='ltr'>bene</span> <span class='ocrx_word' id='word_1_263' title='bbox 386 2252 445 2281; x_wconf 84' lang='lat' dir='ltr'>visus</span> <span class='ocrx_word' id='word_1_264' title='bbox 455 2244 494 2280; x_wconf 89' lang='lat' dir='ltr'>est.</span> 
     </span>
    </p>

    <p class='ocr_par' dir='ltr' id='par_1_9' title="bbox 140 2288 881 2366">
     <span class='ocr_line' id='line_1_30' title="bbox 140 2288 881 2366; baseline -0.001 -9"><span class='ocrx_word' id='word_1_265' title='bbox 140 2308 208 2366; x_wconf 78' lang='lat' dir='ltr'>Apud</span> <span class='ocrx_word' id='word_1_266' title='bbox 222 2302 347 2365; x_wconf 85' lang='lat' dir='ltr'>pontificem</span> <span class='ocrx_word' id='word_1_267' title='bbox 363 2324 414 2355; x_wconf 80' lang='lat' dir='ltr'>vero</span> <span class='ocrx_word' id='word_1_268' title='bbox 425 2306 544 2354; x_wconf 83' lang='lat' dir='ltr'>maximum</span> <span class='ocrx_word' id='word_1_269' title='bbox 556 2307 583 2356; x_wconf 91' lang='lat' dir='ltr'>de</span> <span class='ocrx_word' id='word_1_270' title='bbox 594 2306 662 2364; x_wconf 77' lang='lat' dir='ltr'>magia</span> <span class='ocrx_word' id='word_1_271' title='bbox 673 2306 746 2365; x_wconf 90' lang='lat' dir='ltr'>ipsum</span> <span class='ocrx_word' id='word_1_272' title='bbox 762 2288 819 2366; x_wconf 86' lang='lat' dir='ltr'>(quis</span> <span class='ocrx_word' id='word_1_273' title='bbox 835 2327 881 2356; x_wconf 88' lang='lat' dir='ltr'>cre-</span> 
     </span>
    </p>

    <p class='ocr_par' dir='ltr' id='par_1_10' title="bbox 60 2377 941 2655">
     <span class='ocr_line' id='line_1_31' title="bbox 60 2377 899 2439; baseline 0.004 -13"><span class='ocrx_word' id='word_1_274' title='bbox 60 2379 88 2427; x_wconf 80' lang='lat'>30</span> <span class='ocrx_word' id='word_1_275' title='bbox 102 2381 177 2430; x_wconf 72' lang='lat' dir='ltr'>deret?</span> <span class='ocrx_word' id='word_1_276' title='bbox 191 2379 299 2439; x_wconf 87' lang='lat' dir='ltr'>Equidem</span> <span class='ocrx_word' id='word_1_277' title='bbox 312 2400 356 2428; x_wconf 91' lang='lat' dir='ltr'>non</span> <span class='ocrx_word' id='word_1_278' title='bbox 369 2377 531 2427; x_wconf 85' lang='lat' dir='ltr'>affirmarem</span> <span class='ocrx_word' id='word_1_279' title='bbox 510 2399 532 2427; x_wconf 87' lang='lat' dir='ltr'>nr</span> <span class='ocrx_word' id='word_1_280' title='bbox 546 2377 633 2428; x_wconf 88' lang='lat' dir='ltr'>relerret</span> <span class='ocrx_word' id='word_1_281' title='bbox 646 2378 764 2438; x_wconf 88' lang='lat' dir='ltr'>ipse)t</span> <span class='ocrx_word' id='word_1_282' title='bbox 713 2391 764 2438; x_wconf 89' lang='lat' dir='ltr'>poet</span> <span class='ocrx_word' id='word_1_283' title='bbox 764 2400 789 2428; x_wconf 90' lang='lat' dir='ltr'>ae</span> <span class='ocrx_word' id='word_1_284' title='bbox 801 2400 881 2429; x_wconf 86' lang='lat' dir='ltr'>nomen</span> <span class='ocrx_word' id='word_1_285' title='bbox 898 2404 899 2407; x_wconf 45' lang='lat'>¹</span> 
     </span>
     <span class='ocr_line' id='line_1_32' title="bbox 100 2451 941 2513; baseline 0.004 -15"><span class='ocrx_word' id='word_1_286' title='bbox 100 2451 881 2513; x_wconf 64' lang='lat' dir='ltr'>suspectumlecit.Longaenimvacatioacdesuetudoadeomenteslio,-</span> <span class='ocrx_word' id='word_1_287' title='bbox 939 2507 941 2509; x_wconf 34' lang='grc'><strong>,</strong></span> 
     </span>
     <span class='ocr_line' id='line_1_33' title="bbox 101 2522 930 2588; baseline 0.002 -16"><span class='ocrx_word' id='word_1_288' title='bbox 101 2525 186 2574; x_wconf 91' lang='lat' dir='ltr'>minum</span> <span class='ocrx_word' id='word_1_289' title='bbox 200 2523 300 2582; x_wconf 78' lang='lat' dir='ltr'>caligarat</span> <span class='ocrx_word' id='word_1_290' title='bbox 311 2523 371 2583; x_wconf 87' lang='lat' dir='ltr'>quod</span> <span class='ocrx_word' id='word_1_291' title='bbox 382 2535 453 2579; x_wconf 87' lang='lat' dir='ltr'>essent</span> <span class='ocrx_word' id='word_1_292' title='bbox 465 2522 535 2579; x_wconf 90' lang='lat' dir='ltr'>multi,</span> <span class='ocrx_word' id='word_1_293' title='bbox 547 2535 646 2582; x_wconf 89' lang='lat' dir='ltr'>potentes</span> <span class='ocrx_word' id='word_1_294' title='bbox 657 2524 724 2582; x_wconf 85' lang='lat' dir='ltr'>magis</span> <span class='ocrx_word' id='word_1_295' title='bbox 734 2536 814 2580; x_wconf 85' lang='lat' dir='ltr'>tamen,</span> <span class='ocrx_word' id='word_1_296' title='bbox 826 2543 881 2580; x_wconf 86' lang='lat' dir='ltr'>reor,</span> <span class='ocrx_word' id='word_1_297' title='bbox 929 2583 930 2588; x_wconf 15' lang='lat'>¹</span> 
     </span>
     <span class='ocr_line' id='line_1_34' title="bbox 101 2596 882 2655; baseline 0.001 -10"><span class='ocrx_word' id='word_1_298' title='bbox 101 2617 167 2654; x_wconf 87' lang='lat' dir='ltr'>quam</span> <span class='ocrx_word' id='word_1_299' title='bbox 180 2598 247 2652; x_wconf 82' lang='lat' dir='ltr'>docti,</span> <span class='ocrx_word' id='word_1_300' title='bbox 264 2597 303 2645; x_wconf 90' lang='lat' dir='ltr'>viri</span> <span class='ocrx_word' id='word_1_301' title='bbox 318 2598 356 2654; x_wconf 91' lang='lat' dir='ltr'>qui</span> <span class='ocrx_word' id='word_1_302' title='bbox 372 2616 427 2655; x_wconf 90' lang='lat' dir='ltr'>quos</span> <span class='ocrx_word' id='word_1_303' title='bbox 442 2616 489 2644; x_wconf 90' lang='lat' dir='ltr'>esse</span> <span class='ocrx_word' id='word_1_304' title='bbox 504 2609 578 2653; x_wconf 90' lang='lat' dir='ltr'>poetas</span> <span class='ocrx_word' id='word_1_305' title='bbox 593 2596 699 2651; x_wconf 86' lang='lat' dir='ltr'>audirent,</span> <span class='ocrx_word' id='word_1_306' title='bbox 714 2617 751 2646; x_wconf 90' lang='lat' dir='ltr'>eos</span> <span class='ocrx_word' id='word_1_307' title='bbox 766 2596 882 2652; x_wconf 83' lang='lat' dir='ltr'>maleficos,</span> 
     </span>
    </p>
   </div>
   <div class='ocr_carea' id='block_1_3' title="bbox 62 2680 199 2692">
    <p class='ocr_par' dir='ltr' id='par_1_11' title="bbox 62 2680 199 2692">
     <span class='ocr_line' id='line_1_35' title="bbox 62 2680 199 2692; baseline 0 0"><span class='ocrx_word' id='word_1_308' title='bbox 62 2680 199 2692; x_wconf 45' lang='lat' dir='ltr'>*b———n</span> 
     </span>
    </p>
   </div>
   <div class='ocr_carea' id='block_1_4' title="bbox 107 2730 336 2770">
    <p class='ocr_par' dir='ltr' id='par_1_12' title="bbox 107 2730 336 2770">
     <span class='ocr_line' id='line_1_36' title="bbox 107 2730 336 2770; baseline -0.009 -3"><span class='ocrx_word' id='word_1_309' title='bbox 107 2731 135 2767; x_wconf 81' lang='lat'>30.</span> <span class='ocrx_word' id='word_1_310' title='bbox 148 2731 229 2770; x_wconf 84' lang='lat' dir='ltr'>Petrarcb.</span> <span class='ocrx_word' id='word_1_311' title='bbox 243 2731 280 2769; x_wconf 69' lang='lat' dir='ltr'>Seu.</span> <span class='ocrx_word' id='word_1_312' title='bbox 294 2730 306 2766; x_wconf 94' lang='lat' dir='ltr'>l.</span> <span class='ocrx_word' id='word_1_313' title='bbox 319 2730 336 2765; x_wconf 76' lang='grc'>4.</span> 
     </span>
    </p>
   </div>
   <div class='ocr_carea' id='block_1_5' title="bbox 61 2795 199 2807">
    <p class='ocr_par' dir='ltr' id='par_1_13' title="bbox 61 2795 199 2807">
     <span class='ocr_line' id='line_1_37' title="bbox 61 2795 199 2807; baseline 0 0"><span class='ocrx_word' id='word_1_314' title='bbox 61 2795 199 2807; x_wconf 40' lang='grc' dir='ltr'>Ἣ</span> 
     </span>
    </p>
   </div>
   <div class='ocr_carea' id='block_1_6' title="bbox 61 2843 883 2974">
    <p class='ocr_par' dir='ltr' id='par_1_14' title="bbox 61 2843 883 2974">
     <span class='ocr_line' id='line_1_38' title="bbox 114 2843 818 2901; baseline 0.004 -13"><span class='ocrx_word' id='word_1_315' title='bbox 114 2843 132 2889; x_wconf 70' lang='grc'>5,</span> <span class='ocrx_word' id='word_1_316' title='bbox 147 2858 211 2891; x_wconf 83' lang='lat' dir='ltr'>tum...</span> <span class='ocrx_word' id='word_1_317' title='bbox 226 2845 353 2901; x_wconf 88' lang='lat' dir='ltr'>celebr(abat)</span> <span class='ocrx_word' id='word_1_318' title='bbox 369 2852 382 2890; x_wconf 87' lang='grc' dir='ltr'>ι’.</span> <span class='ocrx_word' id='word_1_319' title='bbox 397 2864 413 2890; x_wconf 86' lang='lat' dir='ltr'>r.</span> <span class='ocrx_word' id='word_1_320' title='bbox 471 2846 501 2891; x_wconf 88' lang='grc'>12.</span> <span class='ocrx_word' id='word_1_321' title='bbox 516 2843 583 2889; x_wconf 93' lang='lat' dir='ltr'>multis</span> <span class='ocrx_word' id='word_1_322' title='bbox 598 2852 611 2890; x_wconf 85' lang='grc' dir='ltr'>ι’.</span> <span class='ocrx_word' id='word_1_323' title='bbox 621 2864 644 2897; x_wconf 88' lang='lat' dir='ltr'>r.;</span> <span class='ocrx_word' id='word_1_324' title='bbox 654 2855 696 2890; x_wconf 84' lang='lat' dir='ltr'>erut</span> <span class='ocrx_word' id='word_1_325' title='bbox 710 2845 818 2900; x_wconf 86' lang='lat' dir='ltr'>plurisque.</span> 
     </span>
     <span class='ocr_line' id='line_1_39' title="bbox 61 2908 883 2974; baseline 0.006 -21"><span class='ocrx_word' id='word_1_326' title='bbox 61 2908 92 2953; x_wconf 83' lang='lat'>20.</span> <span class='ocrx_word' id='word_1_327' title='bbox 106 2910 136 2956; x_wconf 84' lang='lat' dir='ltr'>Ex</span> <span class='ocrx_word' id='word_1_328' title='bbox 151 2912 194 2957; x_wconf 87' lang='lat' dir='ltr'>vale</span> <span class='ocrx_word' id='word_1_329' title='bbox 207 2931 255 2956; x_wconf 86' lang='lat' dir='ltr'>corr.</span> <span class='ocrx_word' id='word_1_330' title='bbox 311 2912 343 2956; x_wconf 82' lang='lat'>22.</span> <span class='ocrx_word' id='word_1_331' title='bbox 353 2910 383 2957; x_wconf 82' lang='lat' dir='ltr'>Ex</span> <span class='ocrx_word' id='word_1_332' title='bbox 398 2910 440 2955; x_wconf 86' lang='lat' dir='ltr'>vale</span> <span class='ocrx_word' id='word_1_333' title='bbox 454 2929 503 2956; x_wconf 87' lang='lat' dir='ltr'>corr.</span> <span class='ocrx_word' id='word_1_334' title='bbox 558 2912 591 2957; x_wconf 79' lang='grc'>52.</span> <span class='ocrx_word' id='word_1_335' title='bbox 602 2911 659 2955; x_wconf 84' lang='lat' dir='ltr'>multi</span> <span class='ocrx_word' id='word_1_336' title='bbox 669 2917 681 2955; x_wconf 86' lang='grc' dir='ltr'>ι’.</span> <span class='ocrx_word' id='word_1_337' title='bbox 692 2921 766 2974; x_wconf 59' lang='lat' dir='ltr'>ararat</span> <span class='ocrx_word' id='word_1_338' title='bbox 776 2910 883 2967; x_wconf 72' lang='lat' dir='ltr'>pluriquel</span> 
     </span>
    </p>
   </div>
   <div class='ocr_carea' id='block_1_7' title="bbox 0 0 1058 3253">
    <p class='ocr_par' dir='ltr' id='par_1_15' title="bbox 0 0 1058 3253">
     <span class='ocr_line' id='line_1_40' title="bbox 0 0 1058 3253; baseline 0 0"><span class='ocrx_word' id='word_1_339' title='bbox 0 0 1058 3253; x_wconf 95' lang='lat' dir='ltr'> </span> 
     </span>
    </p>
   </div>
  </div>
 </body>
</html>
