2093 3253
273 197 401 229 scurronum
416 198 540 230 utusmrum
553 212 567 216 -
581 199 639 230 uam
652 200 671 229 x.
846 186 886 231 267

99 315 141 363 illis
157 314 271 373 presertim
282 315 320 372 qui
331 327 368 362 aut
380 327 431 362 sunt
442 330 530 372 prorsus
542 316 618 367 litteris
630 315 694 363 vacui
705 328 743 363 aut
755 317 828 364 minus
839 317 886 364 istis

99 391 121 435 in
137 387 242 435 doctrinis
252 406 307 445 quae
317 387 425 435 humanae
434 387 462 434 ad
471 389 527 436 vitae
536 389 621 437 cultum
630 401 651 435 et
661 402 815 437 ornamentum
824 409 886 447 spec-

100 473 147 507 tant
162 478 229 515 quam
244 479 284 506 suo
299 460 321 506 in
337 477 415 516 genere
433 461 520 508 eruditi.
540 461 692 509 Contemnunt
712 462 803 518 quidem
821 474 886 518 atque

100 534 224 590 vituperant
239 531 302 579 lacile
318 531 454 586 Ciceronem¹
473 546 522 581 tum
540 534 601 592 quod
619 534 663 581 sint
686 553 749 581 verae
768 534 887 582 sententiae

63 629 65 631 ’
73 610 85 657 5
102 606 176 659 nescii,
192 606 309 665 tumquod
317 607 364 653 eius
372 626 486 663 nunquam
494 607 588 655 viderint
597 606 664 655 libros
673 607 712 654 sed
723 607 887 665 qualescunque

101 681 144 726 sint
154 690 176 726 et
187 697 322 736 quamquam
334 678 364 725 nil
375 677 435 725 aliud
454 698 520 736 quam
536 692 572 727 aut
593 680 649 727 bene
665 692 784 737 ornateque
800 680 887 727 dicendi

99 764 136 800 aut
151 750 207 799 bene
222 750 357 809 honesteque
368 750 581 811 vivendipraecepta
592 752 724 807 contineant,
736 765 809 801 tamen
816 769 886 802 errare

100 838 220 874 metuentes
236 826 298 883 quasi
312 844 358 873 rem
373 825 511 883 pestilentem
525 838 546 873 et
560 825 686 883 sacrilegam
699 825 791 883 fugiant.
807 825 886 884 Neque

61 926 63 928 ·
100 915 151 945 vero
166 898 247 954 gratius
263 898 370 944 nominari
384 897 513 944 Ciceronem
526 919 592 956 quam
605 897 727 952 Plutonem,
741 898 803 945 illum
816 899 885 945 horri-

61 974 86 1022 10
102 971 156 1019 dum
170 971 292 1018 animarum
306 983 412 1019 tortorem
427 990 452 1018 ac
467 969 549 1019 Herebi
562 971 693 1035 principem,
710 970 810 1026 audiunt,
826 966 887 1029 quod

100 1045 223 1092 existiment
238 1038 471 1091 admoneri‘divinitus
485 1043 635 1092 Christianum
649 1064 717 1101 genus
732 1066 759 1091 ne
773 1044 887 1102 gentilium

100 1117 167 1164 libros
181 1136 206 1163 ac
222 1117 352 1164 nominatim
367 1116 405 1174 qui
414 1129 466 1164 sunt
476 1116 588 1164 Ciceronis
598 1117 694 1173 legamus
704 1118 829 1175 quisquam.
839 1116 887 1164 Nec

100 1190 190 1248 quidem
205 1202 252 1237 orta
267 1202 299 1237 est
314 1208 385 1247 nuper
400 1188 441 1236 ista
456 1189 494 1237 sed
510 1202 572 1237 vetus
588 1182 746 1248 divulgataqul
762 1190 847 1244 dudum
862 1210 887 1237 ac

101 1262 224 1309 firmissime
239 1262 321 1309 credita
337 1261 397 1319 apud
414 1261 494 1309 multos
512 1262 593 1318 opinio,
612 1262 672 1318 quod
690 1262 749 1315 haec,
767 1263 799 1309 uti
816 1261 887 1309 solent

62 1337 85 1385 15
102 1334 214 1393 complura
224 1334 309 1389 similia,
320 1334 378 1383 dicta
387 1333 452 1391 vulgo
461 1334 497 1382 alii
507 1334 534 1384 ab
543 1334 590 1383 aliis
600 1334 713 1383 audientes
723 1334 831 1383 levissime
840 1352 886 1382 cre-

100 1409 159 1462 dant,
175 1428 216 1455 nec
231 1407 367 1461 Ciceronem
380 1408 413 1455 uti
426 1421 465 1461 est,
478 1407 583 1456 artificem
596 1408 751 1456 benedicendi
764 1427 887 1456 summum-

101 1502 143 1539 que
157 1493 266 1529 oratorem
277 1500 302 1528 ac
315 1480 405 1528 Latinae
418 1475 554 1538 eloquentiae
566 1480 651 1529 fontem
663 1500 710 1528 esse
722 1481 761 1528 sed
774 1480 867 1528 delirum
875 1500 888 1527 e

100 1548 164 1612 plebe
179 1554 289 1613 quendam
304 1555 367 1613 nugis
381 1567 402 1601 et
411 1553 529 1602 lenociniis
550 1553 640 1612 plenum
658 1553 811 1613 officinamque
823 1552 887 1601 labu-

81 1646 83 1648 ·
101 1628 170 1676 larum
180 1646 205 1674 ac
217 1627 345 1684 magistrum
353 1627 455 1674 'inanium
468 1645 540 1674 rerum
549 1639 633 1684 putent.
643 1626 729 1674 Accidit
741 1627 800 1674 enim
813 1625 887 1674 multis

60 1702 87 1748 20
103 1714 127 1748 ut
138 1699 232 1747 multum
243 1719 294 1747 cum
305 1711 410 1754 metuant,
422 1719 446 1746 ea
458 1712 556 1747 metuant
570 1719 633 1757 saepe
644 1719 701 1758 quae
711 1699 829 1747 metuenda
842 1719 887 1746 non

101 1775 151 1822 sint.
169 1772 211 1820 Res
227 1786 300 1820 tamen
316 1772 486 1830 haudquaquam
502 1772 554 1820 haec
570 1771 699 1840 negligenda
714 1773 753 1820 sed
769 1774 823 1820 ratio
840 1772 886 1819 eius

102 1845 202 1895 habenda
217 1866 245 1894 ne
260 1846 363 1904 opinione
378 1845 437 1893 inani
452 1859 490 1893 aut
501 1845 541 1893 hac
551 1858 590 1894 aut
600 1844 636 1893 illa
646 1844 754 1894 fallamur.

144 1918 305 1981 Hieronymum
319 1919 384 1976 igitur
398 1927 516 1975 sequamur
529 1918 610 1975 ipsum.
625 1916 710 1965 Somnii
725 1938 812 1975 nanque
823 1918 887 1966 huius

101 2011 164 2040 verus
180 2005 201 2038 et
216 1992 444 2049 interpres'et'auctor
456 2004 489 2038 est
501 1992 555 2048 ipse.
569 1990 678 2049 Equidem
690 1991 731 2038 ista
743 1991 771 2038 de
788 2010 818 2044 re,
832 2012 887 2048 quo·

60 2065 86 2113 25
102 2066 161 2113 niam
176 2064 249 2112 divina
265 2085 311 2112 esse
320 2077 386 2123 atque
395 2063 502 2122 inspicere
511 2062 604 2112 salutem
613 2063 697 2111 animae
706 2063 812 2118 videatur,
819 2085 887 2122 pauca

101 2138 173 2186 dicam
187 2138 308 2194 eademque
322 2137 379 2185 bona
393 2137 493 2184 omnium
507 2136 634 2184 cum'venia
647 2149 720 2193 atque,
735 2149 760 2184 ut
774 2137 843 2189 decet,
857 2138 885 2184 ti-

101 2209 159 2257 mide
174 2229 198 2256 ac
214 2221 336 2257 reverenter
350 2208 428 2261 dicam,
444 2227 483 2255 nec
498 2208 587 2266 quidem
601 2206 637 2255 illa
651 2227 677 2254 eo
690 2208 764 2255 animo
778 2208 850 2256 dicam
863 2221 891 2273 ut¹

102 2284 195 2342 invitum
207 2295 247 2330 aut
263 2281 340 2330 melius
355 2282 486 2330 sentientem
500 2300 635 2340 quemquam
658 2281 743 2329 traham
767 2282 796 2330 ad
814 2282 886 2330 studia

102 2355 221 2410 Ciceronis,
238 2355 276 2403 sed
292 2375 318 2403 ne
334 2355 421 2403 studere
431 2354 505 2403 virtuti
515 2355 553 2414 qui
563 2367 614 2403 sunt
624 2353 731 2403 bonarum
740 2355 820 2403 artium
829 2374 887 2403 ama¹

61 2429 89 2476 30
104 2443 161 2476 tores
176 2449 231 2476 vana
246 2429 349 2485 opinione
357 2428 478 2475 tardentur.
489 2428 602 2485 Disputari
612 2427 665 2474 haec
674 2441 763 2484 possent
772 2446 888 2484 argumen-

92 2501 129 2548 tis
145 2499 226 2555 multis,
236 2499 276 2548 sed
285 2500 352 2558 ipsius
363 2499 430 2547 modo
439 2498 568 2558 Hieronymi
577 2498 710 2553 testimonio,
720 2498 808 2553 iudicio,
819 2499 886 2547 inter=

102 2575 223 2631 pretatione
237 2587 293 2627 utar,
309 2574 370 2632 quod
379 2593 450 2631 neque
460 2574 525 2620 sacris
534 2573 561 2619 in
567 2573 644 2620 litteris
653 2573 738 2619 doctior
747 2593 819 2630 neque
828 2592 887 2618 som-

103 2648 133 2692 nii
148 2647 182 2693 sui
197 2648 303 2703 interpres
314 2648 385 2693 verior
393 2666 433 2692 nec
440 2646 506 2692 iudex
513 2647 598 2701 gravior
606 2663 652 2691 esse
660 2663 707 2691 mea
715 2646 821 2691 sententia
827 2646 889 2701 quis-

102 2737 169 2776 quam
183 2718 259 2775 possit.
275 2717 363 2776 Quippe
379 2717 498 2765 somniasse
513 2716 549 2765 illa
572 2737 594 2765 se
614 2729 664 2765 tum
678 2716 826 2774 Hieronymus
842 2716 888 2774 ipse

61 2790 88 2836 35
104 2790 178 2839 scribit
194 2812 244 2838 cum
260 2790 334 2839 relicto
345 2790 418 2839 seculo
429 2811 454 2837 ac
465 2791 520 2838 vitae
531 2792 614 2838 ratione
626 2791 802 2846 mutataiuyenis
813 2798 888 2837 extuass

102 2974 120 3016 4.
134 2983 178 3015 tum
192 2970 248 3025 quod
262 2977 275 3015 i.
290 2990 312 3021 r,;
327 2980 369 3016 erat
383 2967 445 3014 tum.⁴
488 2971 520 3016 35.
534 2971 573 3015 Pro
587 2982 690 3015 aestuaret.
