2093 3253
243 178 375 212 semitonum
391 179 516 211 ntusrmun
529 192 543 196 —
557 179 615 211 arara
631 180 681 211 xvn.
834 166 874 212 483

89 307 114 342 ut
128 305 150 342 te
164 292 224 342 adire
238 292 339 352 quotiens
351 291 416 342 velim
428 305 450 341 et
460 292 533 343 ‘dicere
545 292 585 343 tibi
598 313 653 352 quae
666 292 731 343 velim
743 292 874 352 amplissima

90 387 141 417 cum
155 363 254 415 libertate
268 365 357 424 possim,
367 365 481 425 expediam
488 365 564 425 paucis
574 387 630 425 quae
639 365 731 425 cogitavi
741 378 834 415 mecum.
844 365 876 416 Ea

90 459 177 498 nanque
191 436 264 501 lutura
273 450 294 486 et
303 438 356 486 mihi
364 440 479 488 commoda
487 451 508 488 et
516 440 556 493 tibi
565 460 609 499 non
618 439 708 488 molesta
716 450 777 498 puto.
785 439 875 491 Annum

90 531 137 560 esse
152 510 217 565 hunc,
232 510 318 565 Caesar,
334 523 434 560 octavum
448 511 547 560 existimo
561 532 587 560 ex
597 532 642 570 quo
653 511 769 571 imperium
779 510 874 570 accepis-

64 588 76 635 5
92 587 116 640 ti,
131 585 171 633 sed
184 596 288 643 quartum
298 584 415 642 decimum,
427 602 481 640 reor,
492 605 519 633 ex
529 606 574 644 quo
584 585 681 643 primum
691 583 732 633 tibi
747 584 811 632 datus
826 604 875 632 sum

91 673 115 707 ut
130 659 229 711 nondum
244 658 313 725 pubes
329 658 437 707 doctrinas
452 671 473 706 et
488 659 575 707 vivendi
597 658 733 708 erudimenta
747 658 875 717 susciperes.

91 732 184 788 Quantis
192 751 231 778 me
242 732 283 778 hoc
294 743 392 788 tempore
407 742 472 788 atque
489 732 547 780 hunc
557 732 580 779 in
591 731 650 779 diem
660 730 778 793 favoribus,
790 728 877 788 quantis

92 823 127 852 me
141 802 259 858 beneficiis,
273 804 359 862 quantis
372 824 407 852 me
420 803 538 852 honoribus
551 804 665 857 exornasti,
673 804 696 851 'si
710 802 784 860 dixero
796 801 877 863 impre-

91 878 167 931 sentia,
176 896 241 935 opere
251 876 350 936 precium
362 876 425 925 video
438 897 473 925 me
486 876 602 927 iacturum.
612 869 650 925 Tu
661 898 695 925 me
708 876 798 935 quidem
810 897 877 935 pecu¹

53 952 79 999 10
94 948 135 997 niis
151 949 257 1003 maximis,
269 961 294 996 tu
307 969 341 996 me
354 950 406 996 ortis
418 948 575 1007 pulcherrimis,
588 962 613 997 tu
625 970 660 997 me
672 949 727 997 villis
739 948 878 1007 amplissimis

92 1020 211 1080 perditasti‚
227 1034 252 1070 tu
267 1041 301 1070 me
316 1021 339 1071 in
353 1034 413 1070 tanta
430 1021 534 1080 dignitate
550 1042 575 1071 ac
592 1022 791 1080 potentia'elevasti
809 1022 877 1080 quod,

92 1095 114 1143 ni
130 1106 167 1143 aut
182 1114 258 1143 caecus
269 1106 307 1143 aut
318 1114 393 1143 amens
405 1095 458 1158 sim,
466 1095 539 1144 videre
551 1094 663 1154 propalam
675 1096 757 1154 possim
769 1094 823 1144 nihil
835 1096 881 1144 iam'

92 1187 138 1216 esse
152 1166 246 1226 amplius
261 1167 321 1227 quod
337 1179 374 1216 aut
390 1167 473 1217 amicus
490 1188 502 1216 a
519 1168 620 1232 principe,
634 1181 707 1226 petere
723 1180 760 1217 aut
777 1168 878 1227 princeps

92 1240 162 1288 amico
177 1238 228 1287 dare
242 1252 314 1298 queat.
329 1239 386 1287 Illud
397 1260 486 1298 quoque
498 1241 551 1288 mihi
563 1242 586 1287 in
598 1235 682 1298 partem
694 1254 715 1289 et
727 1241 842 1289 maximam
855 1241 878 1288 in

54 1314 79 1363 15
95 1325 179 1371 partem
193 1311 283 1362 laudum
297 1324 318 1361 et
333 1311 555 1367 honorummeorum
573 1312 675 1368 attribuo,
695 1313 755 1373 quod
774 1313 791 1361 is
811 1313 878 1362 homo

93 1406 139 1436 esse
154 1387 227 1436 videar
241 1406 253 1436 a
268 1406 312 1445 quo
326 1387 386 1436 Nero
400 1387 479 1436 Caesar
493 1399 514 1436 et
528 1388 629 1446 princeps
643 1387 701 1435 orbis
715 1386 839 1445 disciplinas
852 1406 877 1435 ac

93 1460 149 1508 vitae
164 1459 294 1508 documenta
308 1460 410 1517 suscepit.
424 1459 486 1508 Nihil
500 1473 533 1508 est
547 1459 641 1519 denique
655 1460 718 1518 quod
729 1458 825 1508 felicitati
840 1460 879 1508 dev

28 1555 29 1558 ¹
94 1533 121 1581 sit
136 1552 203 1588 meae,
214 1532 231 1581 si
242 1532 307 1582 modo
317 1533 359 1581 sim
368 1532 404 1582 ille
413 1532 451 1592 qui
460 1531 548 1583 fortuna
557 1533 589 1583 uti
599 1553 638 1582 sua
647 1533 739 1593 graviter
747 1552 772 1582 ac
782 1533 880 1582 modeste

60 1605 62 1608 ”
94 1605 153 1654 sciat.
164 1605 277 1669 'Equidem
292 1625 447 1665 saepenumero
470 1606 574 1655 memoria
596 1619 617 1654 et
639 1606 769 1664 cogitatione
789 1605 878 1663 revolvo

52 1680 80 1727 20
95 1692 161 1737 atque
176 1699 262 1727 mecum
273 1679 381 1737 obstupeo
390 1700 432 1732 me,
444 1679 481 1737 qui
493 1679 534 1728 sim
545 1692 566 1728 et
577 1678 702 1737 provinciali
713 1678 761 1727 loco
771 1690 793 1726 et
803 1677 880 1726 ordine

94 1753 189 1811 equestri
200 1765 270 1806 natus,
279 1772 305 1799 eo
317 1765 444 1809 provectum
455 1772 502 1799 esse
514 1771 554 1810 pro
566 1772 651 1800 summa
661 1764 698 1799 tua
708 1769 757 1808 erga
770 1771 805 1798 me
816 1750 878 1798 beni-

56 1864 58 1866 .
94 1823 195 1878 volentia,
210 1823 343 1877 liberalitate,
356 1825 423 1881 gratia
434 1824 495 1882 quod
506 1823 548 1871 illis
560 1824 625 1872 etiam
637 1824 689 1882 ipsis
701 1841 830 1871 annumerer
841 1823 879 1881 qui

94 1895 158 1955 longe
173 1909 243 1945 meet
258 1895 370 1945 nobilitate
388 1896 472 1956 generis
491 1909 512 1945 et
531 1897 637 1946 maiorum
655 1896 722 1957 gloria
740 1895 878 1953 antecellunt.

63 1993 65 1999 ’
95 1969 152 2017 Mihi
168 1970 233 2024 enim,
248 1982 273 2018 ut
287 1969 348 2028 quod
359 1970 428 2017 sentio
438 1969 498 2028 apud
507 1983 529 2018 te
540 1971 582 2019 hoc
592 1970 640 2019 loco
650 1970 760 2024 confitear,
771 1991 822 2018 cum
833 1992 879 2019 me-

53 2042 81 2090 25
96 2061 147 2091 cum
162 2042 202 2091 ista
217 2054 289 2092 mente
303 2041 367 2090 tacita
381 2041 459 2100 cogito,
475 2062 510 2091 me
524 2042 586 2092 illum
600 2062 646 2091 esse
660 2042 733 2091 videre
747 2062 792 2091 non
806 2042 880 2092 videor

95 2113 133 2173 qui
148 2115 199 2164 hinc
214 2114 345 2174 spernendas
363 2135 416 2173 opes
434 2115 540 2170 exhorter,
559 2116 611 2164 inde
633 2116 799 2165 iocundissimos
822 2129 881 2164 ortos

95 2200 116 2235 et
131 2188 234 2243 maximas
244 2186 304 2236 villas
314 2186 454 2235 inambulem.
464 2187 648 2243 Proindecumet
654 2202 681 2246 ¹tu
690 2189 807 2246 imperium
815 2201 879 2237 tuum

95 2258 136 2308 diis
151 2259 254 2320 propiciis
269 2272 290 2309 et
304 2260 360 2308 bene
379 2259 502 2310 laventibus
522 2261 565 2310 iam
581 2261 632 2311 'sine
652 2283 687 2311 me
707 2260 828 2319 gubernare
847 2280 883 2310 sa=
930 2310 932 2314 ,

95 2332 229 2390 pientissime
242 2333 311 2396 possis
324 2355 349 2384 ac
362 2335 408 2385 iure
421 2336 505 2393 optimo
518 2336 604 2390 debeas
618 2347 639 2384 et
652 2347 687 2384 me
700 2355 748 2384 mea
760 2347 817 2383 aetas
830 2334 883 2383 hor·

54 2402 82 2451 30
96 2417 155 2453 tetur
171 2406 350 2466 tranquillitatem
366 2408 433 2458 animi
451 2421 472 2456 et
489 2408 582 2458 liberum
600 2408 672 2457 ocium
690 2427 799 2468 quaerere,
817 2407 882 2456 statui

90 2497 120 2525 „ea
131 2477 239 2536 deponere
250 2500 305 2538 quae
313 2493 340 2529 et
354 2482 407 2530 mihi
421 2482 481 2529 oneri
495 2494 545 2530 sunt
556 2494 577 2530 et
587 2481 627 2529 tibi
640 2501 665 2529 ac
678 2482 721 2530 tuis
735 2481 882 2529 emolumento

96 2562 166 2601 erunt.
184 2551 238 2602 Iube
252 2552 317 2612 igitur
332 2575 385 2613 quas
400 2575 452 2614 opes
468 2554 537 2604 habeo
551 2576 564 2604 a
578 2553 621 2604 tuis
636 2554 702 2614 recipi
717 2553 784 2604 etuti
799 2566 882 2603 caetera

96 2636 133 2673 tua
148 2625 264 2676 ministrari
280 2648 305 2675 ac
321 2628 429 2686 permitte,
446 2647 491 2683 oro,
508 2629 568 2687 quod
584 2628 649 2677 breve
664 2641 751 2687 tempus
768 2628 823 2676 vitae
829 2626 884 2675 reli-

96 2716 166 2754 quum
180 2699 257 2754 habeo,
272 2699 296 2747 id
310 2719 345 2748 me
359 2700 417 2749 bona
431 2719 483 2749 cum
496 2701 559 2749 venia
573 2712 611 2748 tua
625 2700 703 2749 studiis
718 2700 771 2748 meis
787 2711 808 2748 et
823 2700 880 2748 desi=

99 2878 128 2922 15.
143 2880 253 2936 (meo)rum
266 2881 354 2928 attribuo
368 2888 381 2928 ι’,
391 2901 414 2935 r.;
424 2901 448 2928 ex
457 2901 502 2928 meo
512 2883 599 2930 attribuo
612 2890 679 2930 statim
693 2900 741 2929 corr.
755 2881 774 2928 0
788 2899 882 2939 meorum,

55 2945 142 2990 attribuo
157 2947 180 2992 F.
235 2947 267 2993 3l.
281 2966 304 2993 ac
317 2950 357 2993 tuis
373 2956 386 2994 ι’,
402 2967 424 3001 r.;
439 2968 463 2994 ex
479 2961 499 2993 et
512 2951 551 2994 tuis
565 2955 632 2995 statim
644 2969 693 2997 corr.
708 2950 727 2995 O
741 2968 764 2994 ac
777 2950 821 2995 tuis·
832 2950 855 2995 F.

935 2973 944 2991 Ι
