2093 3253
229 218 358 249 SCRlPTORUM
373 218 498 250 rLLthTRtUM
511 230 525 234 -
539 218 596 249 LIBER
611 217 664 249 vtttr.
822 200 858 249 26l

74 338 146 386 Aurea
158 334 248 393 quidem
261 331 342 382 navalis
355 346 399 381 erat
412 351 498 387 corona,
512 353 555 391 qua
567 332 585 380 is
598 331 720 381 donabatur
737 331 774 389 qui
792 330 861 379 navali

75 429 147 468 pugna
163 407 246 464 optime
261 424 308 452 rem
323 406 430 468 gessisset,
446 405 518 453 Aurea
534 406 587 453 item
602 424 683 452 corona
698 416 720 452 et
736 402 824 452 muralis
840 415 861 450 et

75 479 188 531 castrensis
200 491 253 527 erat.
265 477 310 527 Sed
321 477 427 527 muralem
438 477 533 527 donabat
544 478 662 537 imperator
674 475 738 526 militi
749 476 788 536 qui
794 475 862 525 hosti-

76 556 101 602 lis
117 552 193 611 oppidi
205 570 279 599 muros
289 565 436 608 transgressus
448 551 547 599 omnium
557 552 642 610 prin-rus
653 563 716 598 esset.
724 549 863 598 castrensem

52 632 63 679 5
79 645 129 676 vero
139 626 177 683 qui
186 625 284 673 hostium
293 637 362 672 castra
371 625 472 671 intrasset
481 625 565 681 primus
574 624 675 672 habebat.
686 622 730 680 Qu'i
740 635 813 671 autem
819 641 866 669 rem

76 699 188 758 publicam
195 697 278 755 ingenti
286 696 383 755 periculo
391 696 510 751 liberasset,
519 697 537 743 is
545 716 624 744 corona
632 696 736 756 quercina
747 715 773 743 ex
783 694 862 742 fronde

77 774 133 821 lacta
142 770 290 829 (appellabant
299 771 355 818 hanc
364 769 465 827 civicam)
475 770 603 819 donabatur.
613 770 736 818 Obsidione
745 788 796 819 vero
805 768 859 817 libe-

78 845 116 893 rati
130 862 233 892 coronam
243 844 377 901 gramineam
385 840 501 901 (appellata
510 843 562 891 haec
570 841 711 890 obsidionalis
720 841 774 899 erat)
785 841 862 890 libera-

78 917 119 965 tori
133 916 220 964 dabant.
236 915 356 972 Imperator
368 927 442 964 autem
454 916 472 962 si
489 933 511 962 re
529 915 586 963 bene
602 927 662 973 gesta
679 915 757 962 urbem
774 915 864 964 intraret

42 995 66 1042 tt)
80 1010 153 1044 ovans,
170 1007 273 1037 coronam
289 988 365 1047 (ovalis
380 987 530 1046 appellabatur
545 987 595 1046 ista)
611 987 720 1048 incapite
735 1009 761 1036 ex
772 987 866 1036 mirtheo

78 1064 157 1113 laetam
169 1062 269 1112 habebat.
280 1063 309 1111 ht
320 1063 338 1110 si
349 1062 498 1121 triumphabat
509 1062 571 1111 victis
583 1062 610 1111 de
622 1061 728 1117 hostibus,
740 1075 788 1110 tum
804 1061 863 1109 dono

79 1137 120 1184 sibi
132 1137 205 1184 datam
215 1156 227 1183 a
238 1148 314 1183 senatu
325 1153 428 1183 coronam
438 1134 594 1193 triumphalem
604 1133 708 1193 gestabat.
725 1132 755 1192 Ea
766 1134 863 1193 primum

79 1232 104 1259 ex
113 1211 174 1259 lauro
184 1222 282 1258 veterum
292 1228 358 1262 more,
369 1222 444 1266 postea
453 1227 504 1257 vero
514 1229 540 1256 ex
549 1227 602 1256 auro
611 1207 667 1256 lacta
677 1208 774 1256 moribus
795 1221 866 1256 muta-

80 1285 108 1331 tis
123 1296 175 1330 erat.

43 1357 65 1405 15
123 1355 168 1403 Sed
175 1367 276 1404 nostrum
283 1368 416 1403 revertamur
424 1354 452 1402 ad
459 1354 586 1402 Varronem.
605 1354 625 1401 ls
633 1374 721 1412 nanque
729 1352 786 1402 civili
799 1352 865 1407 bello,

81 1429 141 1485 quod
147 1428 203 1475 duce
210 1427 261 1475 hinc
267 1427 366 1480 Caesare,
373 1427 425 1474 inde
431 1427 536 1483 Pompeio
542 1439 563 1473 et
569 1427 648 1474 urbem
653 1439 675 1473 et
681 1420 862 1473 orbemcladibus

81 1499 154 1548 multis
169 1498 266 1553 involvit,
282 1512 353 1557 partes
367 1498 509 1556 Pompeianas
523 1518 548 1546 ac
562 1499 593 1546 rei
607 1498 707 1565 publicae
721 1490 809 1546 secutus
822 1510 863 1546 cst.

82 1572 158 1632 Ipsum
172 1572 263 1621 enimet
274 1572 371 1621 amicicia
382 1584 452 1627 vetus,
464 1593 520 1632 quae
531 1571 571 1621 sibi
583 1591 633 1631 erga
644 1570 774 1631 Pompeium
784 1585 836 1627 erat,
844 1585 865 1621 et

81 1666 136 1704 quae
149 1646 301 1694 honestissima
313 1646 423 1693 videretur
435 1645 486 1693 belli
499 1666 563 1693 causa
575 1659 599 1694 ut
611 1665 671 1694 arma
683 1646 784 1694 indueret
795 1666 820 1694 ac
832 1665 866 1693 se·

42 1719 68 1765 20
83 1730 186 1776 queretur
203 1718 332 1776 Pompeium
349 1719 442 1766 induxit.
460 1717 514 1765 Belli
531 1730 604 1766 autem
621 1718 730 1776 principio
747 1719 826 1767 missus
843 1719 866 1766 in

81 1790 210 1850 Hispaniam
219 1812 270 1839 cum
279 1791 364 1839 Petreio
374 1804 395 1839 et
404 1789 495 1839 Afranio
504 1790 587 1850 legatus
596 1791 626 1839 ita
635 1791 770 1851 provinciam
779 1804 812 1839 est
821 1809 868 1840 sor·-

80 1865 133 1912 titus
144 1863 205 1922 quod
216 1863 352 1913 retinendam
362 1859 440 1912 infide
451 1862 580 1923 Hispaniam
591 1864 638 1923 ipse
653 1863 786 1919 ulteriorem,
802 1863 868 1913 colle·

81 1957 120 1993 gae
127 1955 182 1999 verov
186 1937 309 1985 citeriorem
317 1937 429 1985 haberent.
437 1936 506 1984 Varro
514 1938 587 1995 itaque
595 1938 676 1995 passim
684 1957 740 1995 quae
747 1937 776 1984 ad
783 1936 867 1985 bellum

82 2021 149 2063 erant,
162 2027 228 2064 arma,
241 2009 322 2067 copias,
335 2008 433 2063 classem,
446 2009 583 2058 frumentum
595 2021 662 2068 parat,
676 2009 783 2068 praesidia
793 2009 869 2069 dispo-

43 2080 68 2130 25
84 2082 122 2131 nit.
135 2081 208 2131 Gades
220 2101 277 2137 vero,
290 2083 350 2142 quod
361 2102 409 2131 eam
420 2082 514 2131 insulam
524 2082 663 2131 commodam
673 2103 699 2132 ac
708 2081 781 2131 ‘veluti
791 2090 870 2131 'arcem

82 2155 213 2204 trahendum
222 2156 250 2204 ad
259 2156 342 2204 bellum
351 2168 420 2213 putet,
431 2155 476 2203 vim
486 2157 602 2204 maximam
611 2168 727 2214 apparatus
742 2156 869 2214 pecuniam-

82 2248 125 2286 que
140 2248 229 2276 omnem
239 2248 264 2276 ac
275 2241 402 2277 ornamenta
413 2248 468 2288 quae
479 2229 502 2277 in
514 2227 615 2277 Herculis
626 2228 677 2277 lano
688 2224 760 2277 essent
775 2227 868 2278 confert.

82 2300 187 2359 Pompeio
197 2314 271 2349 autem
284 2300 344 2350 ltalia
355 2301 419 2359 pulso
430 2300 510 2350 Caesar
520 2302 542 2349 in
554 2301 690 2360 Hispaniam,
702 2302 763 2360 quod
773 2301 869 2360 legiones

83 2372 113 2421 ibi
130 2373 211 2422 validas
229 2393 362 2433 magnasque
378 2373 488 2422 clientelas
498 2374 622 2432 Pompeius
640 2374 736 2428 haberet,
754 2373 865 2433 protectus

44 2443 71 2492 30
85 2460 124 2496 est.
133 2447 231 2506 ,pergens
243 2461 317 2497 autem
329 2449 360 2497 ire
372 2466 411 2507 per
423 2448 520 2497 derisum
532 2448 560 2497 ad
577 2468 628 2497 suos
646 2448 724 2507 inquit:
749 2465 758 2488 r
768 2448 828 2497 lmus
839 2448 869 2497 ad

83 2521 202 2569 exercitum
214 2521 261 2568 sine
274 2521 336 2574 duce,
350 2541 401 2568 mox
412 2520 441 2568 ad
453 2521 532 2568 ducem
544 2517 591 2568 sine
604 2522 699 2568 exercitu
711 2533 870 2569 revertemur.»

84 2590 200 2642 Enimvero
211 2613 267 2652 quos
278 2605 299 2641 et
310 2592 333 2641 in
344 2592 450 2653 Hispania
461 2593 528 2642 duces
539 2605 560 2642 et
571 2592 594 2641 in
605 2591 673 2653 Epiro
684 2593 790 2642 exercitus
800 2591 866 2643 Pom·
909 2595 913 2604 ’

84 2667 144 2722 peius
160 2666 255 2721 haberet,
270 2687 346 2714 omnes
360 2665 514 2715 contemnebat
528 2664 615 2715 Caesar.
630 2665 686 2715 Mox
699 2666 790 2726 quidem
802 2665 867 2715 Alta-

84 2739 180 2786 nium'ac
191 2739 301 2787 Petreium
312 2738 369 2787 fudit
380 2739 483 2798 dictoque
489 2750 601 2797 parentem
609 2739 731 2787 citeriorem
738 2738 867 2798 Hispaniam

44 2805 69 2855 35
86 2809 168 2860 habuit.
179 2811 321 2870 Progrediens
330 2823 405 2860 autem
413 2812 540 2860 ulteriorem
548 2812 571 2859 in
581 2810 717 2871 Hispaniam,
728 2832 756 2860 ne
770 2812 824 2870 quid
834 2830 867 2861 re·

47 2925 186 2937 N*—

86 2986 114 3031 lb.
129 2987 176 3031 inde
190 2994 203 3032 ι’,
218 3008 233 3031 ν.
289 2988 320 3032 20.
335 2987 397 3032 civilis
410 2997 454 3040 post
468 2999 535 3032 autem
548 3006 600 3037 secr„
614 2998 682 3041 postea
696 3006 745 3033 erus.
