2093 3253
280 148 412 179 sannionum
426 148 552 179 ILLUSTRIUM
565 160 579 165 -
593 148 651 179 LIBER
666 148 681 179 Π
844 132 870 180 53
935 175 936 178 ,

129 262 173 312 Sed
188 274 320 311 revertamur
331 261 359 310 ad
369 262 471 312 comicos.
483 262 570 322 Quippe
581 262 665 321 Nigidii
676 263 752 315 ordine
762 254 871 314 secundus

87 349 119 384 est
129 334 224 384 Plautus.
234 336 304 383 Patria
314 334 349 383 hic
359 335 456 384 Sarsinas
465 335 514 384 fuit.
525 336 597 383 Locus
608 348 639 383 est
649 335 684 384 illa
694 336 717 383 in
726 345 787 395 parte
799 336 871 385 ltaliae

87 428 153 472 quam
167 421 249 461 veteres
265 407 387 463 Umbriam,
402 408 496 457 iuniores
511 408 615 457 ducatum
629 407 712 467 Spoleti
721 408 812 458 uocant.
827 408 871 457 Ro-

88 501 135 529 mae
150 481 304 529 habitationem
324 481 406 529 habuit.
427 481 527 529 Florebat
546 495 598 529 tunc
618 481 653 529 M.
673 481 735 536 Cato,
755 482 871 539 superioris

61 556 74 604 5
90 574 157 613 nepos
172 567 193 602 et
208 566 286 602 orator.
302 552 362 613 Opes
377 545 490 612 nunquam
505 554 580 601 babuit
595 555 674 602 multas
689 554 784 602 Plautus.
801 553 871 602 Senex

87 647 138 676 vero
150 648 174 676 ac
186 628 337 687 pauperrimus
349 626 418 676 lactus
431 627 458 676 ad
470 647 518 676 eam
530 628 626 686 inopiam
638 629 697 677 venit
709 626 786 687 (pudet
798 627 871 677 dicere
915 654 916 658 ¹

87 720 126 748 nec
141 701 187 747 sine
199 700 273 748 dolore
284 699 365 757 dicam)
376 700 436 758 quod
447 700 518 748 inedia
529 714 648 758 cogeretur,
660 702 697 758 qui
706 713 770 758 poeta
778 720 803 747 ac
810 701 870 748 illus·

87 773 125 820 tris
145 785 209 831 poeta
228 785 284 820 esset
299 771 322 830 (ο
337 790 383 820 rem
397 772 517 821 inauditam
531 785 596 831 atque
611 772 784 831 prodigiosaml),
799 785 870 831 poeta,

87 842 183 903 inquam,
195 846 232 903 qui
244 859 300 894 esset
313 847 409 902 insignis,
421 847 559 893 macinariam
568 847 596 894 ad
607 865 695 903 operam
706 847 737 894 uti
748 846 837 895 vilicum
847 866 870 895 se

48 920 74 967 ll]
88 918 165 967 locare.
172 916 231 974 Quid
237 918 443 968 dicamtSummam
450 918 479 967 ob
486 931 602 976 egestatem
608 931 673 977 atque
678 919 748 968 victus
754 919 871 977 quaerendi

87 1012 150 1041 causa
163 993 238 1051 pistori
251 990 367 1041 famulatus
380 1003 412 1039 est
424 1004 495 1049 poeta.
507 990 571 1040 Adde
584 991 644 1050 quod
656 992 685 1039 ita
710 989 826 1041 lamulatus
839 1005 871 1039 est

86 1079 110 1113 ut
125 1064 183 1114 aselli
195 1064 242 1114 vice
254 1085 320 1112 manu
332 1063 486 1122 circumageret
499 1063 573 1112 molas.
586 1062 648 1112 Nihil
660 1064 732 1124 dicam
743 1064 807 1119 ultra;
819 1084 870 1113 nam

86 1152 110 1186 ut
120 1137 224 1197 Epidicus
233 1137 292 1196 apud
301 1158 352 1184 eum
361 1137 439 1196 inquit:
449 1137 516 1185 «Plus
526 1139 580 1185 scire
590 1138 655 1186 satius
666 1151 697 1185 est
707 1158 773 1195 quam
784 1138 851 1197 loqui.
861 1156 870 1179 n

87 1210 165 1268 Neque
176 1229 228 1258 vero
240 1210 286 1258 sine
297 1210 422 1267 ignominia,
435 1210 481 1258 sine
494 1210 667 1268 vituperi0‚'sine
679 1208 768 1258 inlamia
780 1210 836 1258 illius
849 1222 870 1258 et

49 1284 72 1333 15
89 1284 148 1332 urbis
156 1296 178 1332 et
192 1284 295 1343 temporis
304 1282 356 1332 baec
364 1283 478 1332 memorari
486 1295 585 1341 possunt,
592 1283 654 1344 ¹quod
662 1283 689 1332 sit
697 1282 797 1333 inventus
805 1303 870 1332 nemo

87 1358 124 1413 qui
137 1358 190 1405 tanti
203 1357 243 1405 viri
256 1369 372 1414 egestatem
385 1375 474 1405 munere
490 1356 562 1414 aliquo
578 1369 615 1404 aut
630 1357 713 1414 privato
728 1369 766 1405 aut
781 1356 870 1414 publico

87 1428 210 1478 sublevarit.
217 1428 309 1477 ‚Plautus
321 1429 379 1477 enim
390 1429 419 1476 ob
430 1429 537 1486 perditam
548 1429 669 1487 pecuniam,
682 1448 748 1487 quam
759 1429 870 1476 scenicum

86 1502 114 1550 ad
129 1521 183 1561 opus
198 1502 309 1557 habuerat,
328 1497 413 1550 summa
431 1522 481 1550 cum
499 1515 592 1561 egestate
610 1522 635 1549 ac
653 1514 763 1550 senectute
781 1501 870 1550 certavit

86 1575 124 1623 sed
138 1573 238 1624 fortunae
254 1574 326 1634 paruit
342 1595 393 1622 suae
403 1587 424 1623 et
435 1595 543 1623 summam
558 1575 654 1634 inopiam
665 1595 751 1623 summa
766 1575 869 1633 patientia

45 1647 73 1694 20
87 1647 192 1697 toleravit.
203 1648 232 1696 Se
242 1669 329 1706 nanque
339 1661 425 1706 poetam
435 1668 482 1695 esse
492 1647 572 1696 oblitus
582 1660 614 1696 est
624 1668 744 1707 nunquam.
755 1647 810 1696 Rem
821 1648 870 1705 quia

86 1719 136 1767 dem
145 1720 296 1779 pistrinariam,
306 1720 338 1768 uti
347 1732 476 1768 convenerat
484 1721 615 1778 pacto‚egit;
625 1720 703 1768 deinde
712 1719 797 1778 collegit
806 1719 868 1778 quic·

86 1794 140 1858 quid
155 1794 225 1853 potuit
236 1795 339 1852 temporis
351 1807 372 1843 et
384 1794 463 1852 quibus
475 1794 533 1842 boris
544 1813 619 1844 vacare
630 1794 697 1851 licuit,
709 1814 760 1842 cum
779 1793 870 1853 negocio
910 1830 911 1833 ,
961 1801 963 1805 '

85 1866 146 1914 liberi
156 1868 191 1915 alii
202 1867 264 1925 pilae,
274 1868 364 1927 quidam
373 1867 437 1921 aleae,
447 1867 546 1915 nonnulli
556 1867 690 1925 spectaculis,
700 1866 763 1915 multi
773 1867 869 1922 inertiae,

85 1955 160 1987 omnes
175 1939 280 2000 voluptati
297 1939 408 1993 servirent,
425 1958 448 1986 se
463 1940 510 1997 ipse
525 1940 603 1987 tacitus
618 1939 718 1988 abditum
735 1959 869 1998 quemquam

44 2010 71 2059 25
87 2011 109 2060 in
124 2011 196 2061 locum
211 2011 313 2071 poetandi
323 2011 351 2061 ad
361 2012 433 2060 ocium
443 2011 541 2061 contulit.
553 2011 682 2061 Comoedias
692 2025 735 2060 tres
745 2012 793 2070 ipso
803 2012 869 2061 etiam
911 2057 912 2060 ,

84 2084 106 2132 in
121 2085 212 2143 pistrino
227 2106 273 2134 esse
287 2085 315 2133 ab
324 2106 350 2133 eo
358 2098 379 2133 et
388 2085 477 2143 scriptas
486 2098 508 2133 et
516 2085 615 2133 venditas
625 2085 659 2134 M.
668 2084 784 2134 Terentius
793 2085 869 2141 Varro,

85 2157 179 2206 nominis
188 2157 221 2206 sui
231 2157 307 2212 cultor,
318 2156 400 2205 scribit.
405 2157 480 2205 Annos
489 2157 583 2216 denique
591 2178 631 2206 nec
640 2159 719 2206 multos
727 2170 777 2206 ante
787 2158 869 2206 bellum

85 2230 145 2289 quod
158 2231 247 2280 tertium
262 2251 287 2279 ac
302 2230 405 2279 ultimum
420 2230 513 2290 populus
530 2231 640 2280 Romanus
653 2251 704 2280 cum
714 2232 791 2280 Poenis
803 2232 869 2289 gessit

85 2316 183 2354 mortuus
198 2317 230 2354 est
241 2304 323 2353 Romae
333 2304 428 2360 Plautus,
440 2304 463 2353 P.
475 2304 567 2354 Claudio
577 2318 599 2354 et
610 2305 636 2355 L.
647 2305 723 2354 Porcio
734 2305 869 2356 consulibus.

43 2374 72 2424 30
87 2376 170 2427 Censor
179 2390 227 2427 tum
236 2390 281 2427 erat
291 2377 346 2426 Cato
356 2378 460 2436 superior.
471 2376 608 2436 Epigramma
617 2397 668 2427 vero
678 2378 719 2427 sibi
729 2378 770 2427 hoc
780 2377 867 2427 Plautus

84 2448 150 2507 lapidi
164 2449 306 2498 incidendum
320 2448 402 2508 lecitr«
410 2449 529 2507 Postquam
544 2462 576 2498 est
594 2463 664 2498 morte
678 2462 754 2508 captus
769 2450 869 2506 Plautus,

84 2520 203 2572 Comoedia
210 2520 276 2581 luget.
285 2520 354 2571 Scena
361 2533 394 2571 est
401 2519 491 2577 deserta,
500 2521 579 2571 deinde
587 2520 658 2578 Risus,
668 2521 751 2578 Ludus,
761 2521 868 2583 locusque

86 2608 107 2643 et
115 2594 207 2645 Numeri
215 2594 323 2644 innumeri
331 2594 396 2643 simul
404 2615 479 2643 omnes
488 2594 667 2644 collacrimarunt.
677 2612 686 2636 t
701 2595 769 2644 Varro
777 2596 867 2655 quidem

84 2687 124 2716 suo
131 2688 171 2726 pro
178 2662 266 2722 iudicio,
273 2667 340 2726 quod,
348 2686 478 2727 quacunque
485 2667 507 2715 in
515 2685 538 2714 re
545 2687 600 2726 quae
607 2667 635 2716 ad
642 2668 722 2716 litteras
730 2680 751 2716 et
758 2668 868 2721 doctrinas

43 2792 185 2804 ᾕ-ιι--ι

80 2847 110 2905 ni
119 2868 171 2908 nan.
182 2869 230 2915 aaa
244 2869 272 2908 n.
322 2869 350 2908 26.
362 2870 409 2909 var.
421 2870 465 2914 apua
477 2869 520 2907 aar.
535 2867 566 2908 nr.
575 2869 592 2908 3.
603 2870 629 2908 rr.
679 2871 707 2908 31.
716 2869 762 2909 nan
771 2869 814 2915 apua
822 2868 867 2909 car

43 2924 55 2962 Ῑ.
69 2927 97 2965 24.
110 2929 126 2966 3.
176 2929 204 2968 33.
217 2930 263 2970 Varr.
276 2929 320 2975 apud
333 2930 391 2975 Quint.
402 2931 442 2969 lusi.
455 2931 477 2969 Χ.
493 2931 506 2968 l.
520 2932 548 2969 99.
