2093 3253
238 179 369 212 scnrrronun
384 180 511 214 rccusrnrun
525 193 539 198 -
553 162 614 214 ernon
625 182 657 213 xv.
817 168 857 217 435

63 289 65 292 ’
75 306 187 353 permotus
201 293 230 342 ad
244 312 292 342 earn
303 311 349 342 rem
360 313 411 342 cum
422 293 501 352 pietate
512 294 600 344 iacentis
611 295 690 351 trunci,
702 309 750 345 tum
761 298 859 346 recorda«

76 370 135 418 tione
149 367 257 422 beneficii,
273 366 333 427 quod
349 381 470 426 praetorem
485 368 559 427 ipsum
574 368 654 418 Brutus
666 368 776 418 Ciceronis
792 370 860 419 inter·

76 442 173 490 cessione
183 453 282 490 creasset.
294 440 404 489 Ciceronis
417 453 482 498 caput
494 461 545 489 curn
558 462 623 490 manu
636 442 723 506 dextera
735 461 775 501 pro
785 443 860 491 rostris

78 514 181 576 positum;
196 512 267 573 imago
282 530 333 562 vero
349 512 456 572 Pompilii,
473 513 511 574 qui
527 534 577 563 eurn
593 513 707 570 occiderat,
723 514 782 565 iuxta
796 535 858 564 coro·

53 591 66 640 5
81 600 130 637 noto
145 599 184 636 eso

123 660 231 716 Quartum
245 677 310 717 supra
325 659 482 717 sexagesimum
499 659 577 708 Cicero
594 680 645 709 curn
663 660 797 709 occideretur
814 680 864 719 oge-

81 733 119 782 bat
133 751 222 781 annum,
237 729 316 790 Neque
331 749 382 779 vero
397 730 465 779 inulta
481 750 538 780 mors
554 731 665 781 Ciceronis
680 733 765 783 mansit.
781 732 865 783 Datum

83 806 141 855 enirn
156 804 197 853 sibi
212 825 224 853 a
238 804 307 853 Bruto
321 815 409 862 coptum
423 805 446 852 in
461 804 591 853 Macedonia
605 804 631 853 C.
645 805 773 860 Antonium,
787 807 866 855 triurn-
904 803 906 806 ¹

83 879 123 929 viri
138 878 234 934 fratrem,
249 878 315 937 patris
331 877 435 926 Manibus
451 877 547 932 Morcus,
563 877 674 927 Ciceronis
688 879 753 934 filius,
768 892 867 937 parento·

46 957 72 1004 10
86 954 124 1001 vit.
140 951 244 1001 Octavius
255 968 305 998 vero
316 963 337 998 et
348 946 458 1009 Lepidirm
469 950 558 999 nudavit
569 950 660 1009 imperio
670 964 692 1000 et
704 952 738 1001 M.
748 951 870 1001 Antonium

85 1027 224 1076 triumvirum
238 1045 263 1074 ac
277 1023 366 1073 fratrem
382 1023 428 1072 eius
445 1022 471 1071 L.
487 1022 608 1072 Antonium
624 1024 681 1073 bello
697 1024 793 1074 devictos
814 1025 870 1074 mori

86 1100 163 1150 acerbe
177 1099 254 1158 coegit.
268 1098 379 1148 Ciceronis
392 1110 466 1148 autern
479 1095 548 1145 filiurn
561 1095 663 1147 Marcum
676 1098 704 1147 od
716 1118 740 1147 se
753 1111 802 1157 post
814 1097 871 1147 bella

87 1173 159 1222 civilia'
170 1172 293 1222 venientem
306 1171 390 1229 excepit
403 1163 496 1229 benigne
509 1172 647 1229 eundemque
661 1170 690 1230 ob
702 1171 769 1229 patris
782 1171 872 1228 gratiam

88 1249 111 1297 in
125 1246 208 1296 bonore
222 1243 331 1294 habuitne
340 1242 451 1292 consulem
460 1243 586 1302 designavit.
596 1243 673 1293 Cicero
681 1256 755 1292 autem
763 1243 793 1292 ita
801 1263 873 1292 excesu

51 1327 75 1378 15
91 1325 118 1373 sit
133 1343 145 1372 e
159 1321 203 1372 vito
217 1331 241 1369 ut
256 1338 336 1368 nomen
349 1317 395 1366 eius
409 1337 454 1366 non
469 1316 565 1366 deleatur
580 1328 686 1366 vetustate
704 1315 744 1365 sed
761 1314 875 1365 revirescat

91 1396 195 1446 continuo
209 1407 231 1443 et
245 1393 304 1452 apud
319 1394 394 1442 doctos
408 1402 429 1439 et
443 1406 517 1447 graves
531 1389 588 1439 viros
601 1388 734 1447 amplissima
747 1408 798 1438 curn
811 1387 875 1436 laude

92 1470 150 1519 vivat
165 1467 268 1517 memoria
282 1467 420 1526 sempiterna.

97 1658 114 1702 1.
127 1655 246 1711 pernr(otus)
261 1659 274 1698 i.
289 1672 304 1697 r.
