2093 3253
145 151 186 199 340
446 167 539 198 srccoms
553 167 669 198 xotuxrom

153 332 155 336 ,
185 295 272 340 querite,
287 302 338 330 cum
351 282 415 329 iniret
429 282 567 340 consulatum
582 280 695 341 Kallendis
711 281 821 342 Ianuariis,
837 282 909 331 dicere
923 304 971 333 sen·
1030 301 1036 337 ζ

157 402 159 405 ,
185 356 276 404 tentiam
289 356 353 403 tertio
364 355 412 403 loco
421 355 511 413 rogavit.
522 355 598 403 Postea
607 373 659 402 vero
668 356 768 412 pactione
778 355 939 413 provinciarum
949 378 971 405 se

153 469 156 484 ξ
187 427 283 485 Gabinio
297 439 318 474 et
333 426 413 474 Clodio
427 425 514 475 foedere
525 439 586 475 tanto
595 427 695 475 astrinxit
705 439 730 475 ut
741 427 820 475 deinde
830 437 971 487 quaecunque
1031 422 1032 425 Ἴ

186 502 216 549 illi
231 514 335 559 cuperent
350 500 440 549 honesta
459 500 524 549 simul
543 512 564 548 et
582 500 654 559 turpia
673 501 814 558 permitteret,
834 501 971 557 consentiret,
1035 524 1036 527 ¹

159 576 172 623 5
189 575 307 624 adiuvaret.
325 571 424 622 interfuit
438 573 534 633 quidem,
548 592 588 621 nec
601 572 699 621 interfuit
713 572 779 621 modo
791 573 830 621 sed
842 572 895 622 favit
908 573 972 623 etiam

155 691 158 703 ι
187 667 212 694 ac
227 645 320 705 praefuit
334 644 429 694 consiliis
443 645 545 693 omnibus
559 665 610 707 cum
624 644 654 704 illi
669 645 697 693 de
711 645 815 695 Cicerone
830 647 972 705 opprimendo
1033 649 1037 678 ’ἶ

154 757 156 760 .
189 719 332 768 consulerent.
349 718 483 766 Flammineo
501 731 574 766 autem
593 719 615 765 in
634 719 698 772 circo,
717 738 768 767 cum
785 719 887 767 tribunus
904 718 972 778 plebis
1038 750 1039 753 =

189 792 279 841 Clodius
298 792 426 840 concionem
445 790 570 840 advocasset
589 804 610 839 et
630 790 738 839 Gabinius
758 791 825 840 multa
845 792 972 843 Ciceronem

188 865 323 914 criminando
339 865 433 918 dixisset,
445 865 503 913 utin
515 885 566 912 eum
577 863 646 921 plebis
657 864 741 912 animos
760 865 865 919 incitaret,
876 878 925 913 tum
940 867 973 914 in-

147 939 174 995 [0
188 949 297 997 terogatus
311 936 361 984 Piso
375 935 451 984 consul
459 935 550 995 quidde
559 935 664 985 Cicerone
672 936 761 985 sentiret
769 937 799 985 ita
807 937 885 992 verbis,
895 936 972 994 fronte,
1032 941 1034 943 ’

189 1023 250 1069 gestu
265 1009 377 1068 respondit
389 1023 414 1057 ut
427 1009 484 1057 dicta
497 1008 554 1058 illius
564 1001 683 1058 ‘affirmaret
695 1008 842 1068 fatereturque
856 1011 974 1061 Lentulum

160 1123 162 1125 .
189 1097 210 1132 et
222 1103 280 1143 quos
295 1082 404 1131 nominavi
419 1080 556 1130 Catilinariae
569 1082 724 1131 coniurationis
738 1083 807 1131 socios
821 1102 860 1141 per
874 1084 974 1134 iniuriam
1036 1110 1038 1113 ·

162 1201 163 1204 ,
189 1155 301 1204 etodium
315 1167 390 1213 captos
400 1154 532 1213 eosdemque
542 1153 727 1213 impieaccontra
738 1154 794 1212 leges
805 1155 889 1203 iniussu
899 1157 973 1214 populi
1036 1181 1038 1183 ·

189 1241 275 1284 necatos
290 1247 343 1275 esse.

149 1301 175 1351 f5
190 1354 192 1358 ,
233 1300 282 1350 Hoc
296 1299 356 1348 enim
370 1297 454 1355 Cicero,
464 1299 546 1348 uicum
553 1298 608 1348 vidit
617 1298 691 1354 oculis,
700 1298 747 1348 fore
762 1300 846 1359 putavit
855 1322 974 1361 nunquam,

190 1375 249 1434 quod
273 1374 347 1433 ipsum
368 1372 475 1428 consules,
497 1386 518 1422 et
538 1373 603 1422 ambo
624 1373 730 1427 consules,
752 1389 910 1432 oppugnarent.
932 1377 975 1424 Sed
1039 1385 1043 1408 ἵ

190 1460 331 1513 posteaquam
346 1458 472 1504 utrumque·
480 1445 593 1512 consulem
601 1466 654 1504 cum
664 1446 753 1494 tribuno
763 1446 791 1495 ad
801 1447 847 1495 eius
858 1448 975 1506 perniciem
1037 1503 1039 1506 q

190 1519 311 1569 consentire
323 1538 349 1568 ac
360 1518 448 1577 vigilare
460 1519 564 1577 percepit,
577 1539 618 1567 nec
630 1539 653 1566 se
666 1519 786 1577 oppugnari
800 1519 866 1578 modo
879 1521 918 1570 sed
930 1521 975 1569 ani·
1039 1546 1044 1566 1

191 1613 237 1640 mos
252 1611 328 1640 eorum
343 1592 462 1649 pertinaces
474 1609 521 1638 esse
533 1604 555 1639 et
567 1591 647 1648 placari
659 1610 723 1649 posse
735 1611 779 1639 non
792 1591 868 1640 habitu
881 1593 974 1647 sordido,

150 1665 237 1717 2011011
252 1682 315 1724 prece
328 1662 411 1718 humili,
425 1683 469 1711 non
481 1676 544 1723 pacto
556 1663 601 1711 ullo
613 1663 674 1718 vidit,
687 1663 715 1712 ad
727 1683 794 1723 quam
805 1683 872 1714 unam
884 1665 975 1716 habebat
1036 1695 1038 1700 v

192 1759 253 1796 spem
268 1750 289 1785 et
303 1737 394 1795 putabat
408 1737 449 1785 sibi
464 1758 577 1796 nunquam
592 1737 666 1785 deesse
681 1737 809 1792 remedium,
820 1738 937 1797 confugere
949 1741 976 1788 ad

194 1811 239 1861 Gn.
254 1811 382 1869 Pompeium
398 1810 476 1858 ultimo
492 1810 574 1859 statuit.
592 1808 724 1869 Senemque
744 1823 805 1859 tanto
826 1812 939 1870 presertim
955 1814 976 1860 in

192 1886 288 1942 periculo
298 1885 367 1932 deseri
377 1884 404 1931 ab
414 1903 440 1931 eo
449 1903 500 1931 cum
509 1902 549 1940 pro
559 1884 682 1931 innocentia
691 1903 729 1931 sua
739 1896 786 1931 tum
796 1903 836 1941 pro
845 1885 892 1932 iure
901 1887 977 1934 veteris
1043 1913 1044 1917 =

154 1947 157 1955 Ι
193 1958 302 2010 amiciciae
317 1976 361 2003 non
375 1956 460 2014 putavit
474 1975 578 2013 unquam.
596 1954 634 2003 llle
649 1955 745 2014 quidem,
761 1956 800 2003 etsi
815 1957 917 2015 permulti
933 1958 977 2007 eius

151 2029 298 2084 25felicitati,
314 2029 400 2087 gloriae,
415 2030 525 2087 potentiae
539 2028 661 2077 inviderent
674 2029 790 2087 ipsumque
800 2030 823 2077 in
834 2042 920 2079 senatus
931 2050 977 2080 sus·
1037 2061 1045 2084 a

195 2104 303 2161 picionem
317 2101 431 2150 etodium
445 2101 593 2155 adduxissent,
610 2101 755 2158 amplissimae
774 2115 848 2150 tamen
869 2103 977 2167 dignitatis
1037 2118 1044 2139 1

194 2176 259 2229 homo
274 2195 298 2223 ac
313 2175 413 2233 princeps
428 2186 501 2222 tantus
513 2174 536 2221 in
558 2174 643 2223 civitate
655 2186 700 2222 erat
711 2174 772 2233 quod
782 2175 838 2223 tueri
850 2175 977 2225 Ciceronem

194 2271 234 2299 suo
249 2246 339 2298 consilio
353 2260 374 2296 et
389 2246 462 2297 favore
478 2261 559 2306 posset.
576 2247 736 2296 Demorabatur
752 2247 868 2306 Pompeius
885 2250 924 2298 hos
940 2268 977 2308 per

163 2369 165 2372 ,
194 2323 240 2371 dies
254 2321 340 2370 Albano
355 2321 377 2368 in
392 2338 443 2381 agro
454 2332 476 2368 et
486 2320 548 2379 quasi
560 2321 645 2368 nescius
656 2339 729 2368 rerum
740 2341 796 2379 quae
806 2334 949 2370 tractarentur
956 2323 978 2368 in

150 2395 181 2444 30
196 2395 325 2445 Ciceronem
339 2394 416 2442 tacitus
431 2393 563 2453 quiescebat.
578 2393 707 2441 Venientem
721 2411 772 2442 vero
782 2394 810 2443 ad
820 2414 843 2442 se
852 2394 978 2444 Ciceronem
1042 2415 1044 2418 ’

195 2491 240 2518 non
254 2468 348 2522 admisit,
363 2481 412 2517 tum
426 2467 487 2526 quod
505 2467 527 2515 in
547 2488 604 2521 eum,
623 2480 649 2515 ut
667 2466 719 2521 dixi,
738 2467 836 2517 animum
855 2482 979 2528 suspectum

196 2543 354 2597 haberet‚'tum
367 2540 427 2599 quod
439 2542 526 2589 timeret
540 2540 626 2589 Caesari
647 2540 750 2589 simulac
764 2540 842 2589 Clodio
861 2542 978 2601 displicere,
1044 2589 1045 2592 ,

196 2616 213 2663 si
229 2635 271 2673 ope
285 2612 328 2662 ulla
344 2613 416 2670 ipsum
430 2625 467 2661 aut
487 2612 577 2661 consilio
596 2613 714 2662 adiuvaret.
734 2613 873 2662 Vestibulum
892 2615 980 2673 quidem
1044 2680 1046 2682 ,

157 2745 292 2753 .——--

91 2866 93 2868 q
196 2807 226 2853 f2.
237 2807 377 2863 C(atilinariae)
387 2814 401 2852 ι’.
411 2825 434 2856 r.;
444 2826 468 2853 ex
477 2807 716 2862 confiurationis?)stutim
725 2826 774 2851 corr·
832 2807 862 2853 f6.
869 2809 925 2862 quod
933 2817 948 2855 i.
957 2826 978 2857 r;
1042 2795 1047 2830 'i

154 2895 180 2923 cx
195 2874 292 2930 ipfsum?)
306 2880 374 2921 statim
386 2891 436 2919 corr.
494 2874 524 2919 17.
538 2872 664 2931 utfrumque)
678 2880 692 2918 i.
707 2889 722 2918 r.
786 2872 815 2919 19.
830 2874 917 2931 (eolrurn
930 2882 944 2922 i.
958 2892 979 2925 rc

153 2952 197 2988 erut
211 2960 251 2987 eos.
