2093 3253
246 156 376 186 scurronum
391 156 515 188 uuusmruu
528 168 543 172 -
556 156 614 193 urum
628 156 664 187 vu.
827 143 866 186 207

81 282 171 327 uxorem
187 272 279 326 Liviam,
289 291 386 330 quacum>
391 270 450 329 loqui
459 270 625 321 familiarissime
634 270 746 329 potuisset,
755 290 868 330 nunquam

82 368 118 398 ore
130 345 226 405 proprio,
239 344 353 403 presertim
365 365 416 393 cum
428 344 455 392 de
467 343 588 403 republica
599 357 637 393 aut
648 343 692 392 ulla
703 343 731 392 de
743 363 765 393 re
777 345 834 402 gravi
847 358 868 393 et
896 348 898 351 ’

83 438 160 478 magna
167 436 238 465 sermo
247 429 303 465 esset
309 416 567 475 habendusfloqueretur.
574 415 685 476 Quicquid
693 415 811 465 dicendum
816 429 868 472 erat,

82 491 136 540 illud
151 491 173 538 in
184 490 270 548 scriptis
281 489 416 539 recitandum
427 489 498 537 dabat.
512 490 646 548 interogatus
655 500 729 537 autem
739 506 778 537 cur
789 489 814 537 id
821 501 869 538 tan·

58 568 69 617 5
84 579 158 622 topere
170 561 300 616 observaret,
311 561 423 620 respondit
433 562 524 611 ductum
534 581 557 610 se
566 562 589 610 in
599 581 647 610 eam
657 561 762 610 rationem
772 573 820 610 tum
830 580 870 620 pro

84 636 193 685 maiestate
208 634 301 691 imperii,
310 646 359 681 tum
367 655 395 682 ne
403 647 440 682 aut
449 634 497 693 plus
506 646 543 682 aut
552 636 624 682 minus
633 634 713 682 diceret
722 654 788 692 quam
796 634 869 682 animo

84 708 201 762 statuisset,
213 719 262 756 tum
274 708 339 755 etiam
351 726 379 754 ne
390 706 413 754 in
425 706 541 755 ediscendo
553 705 613 764 quod
625 706 652 755 de
663 706 784 764 composito
796 706 879 756 dicem.

84 781 137 831 dum
151 792 208 829 esset
222 779 350 828 memoriam
364 777 469 837 fatigaret.

127 853 233 911 Scripisse
247 864 321 901 autem
335 853 431 901 oratione
446 851 515 900 soluta
529 850 597 900 lertur
610 865 632 900 et
645 852 713 900 Bruto
727 852 829 910 rescripta
843 852 870 901 de

48 930 72 977 10
87 926 170 987 Catone
180 937 202 972 et
213 944 266 983 quas
278 925 384 972 orationes
396 924 429 972 vel
440 924 468 972 ad
479 937 577 972 senatum
588 923 621 972 vel
632 924 660 971 ad
670 924 776 982 populum
788 924 869 973 habuit.
887 939 889 941 ’

85 998 192 1057 Epistolas
201 1018 289 1056 quoque
298 996 413 1045 familiares
421 999 450 1045 ad
458 999 539 1045 amicos
548 1018 586 1045 seu
594 997 622 1045 ad
632 1010 703 1055 patres
713 998 741 1046 de
751 1017 774 1046 re
784 997 870 1056 publica

85 1072 174 1129 scriptas
183 1070 239 1118 libro
248 1091 292 1118 uno
301 1069 395 1127 collegit.
404 1070 485 1118 Rerum
493 1089 544 1117 vero
552 1090 564 1117 a
573 1090 596 1118 se
604 1082 713 1127 gestarum
721 1069 787 1118 libros
795 1083 838 1119 tres
846 1091 871 1118 ac

86 1145 161 1193 decem
172 1163 224 1191 cum
234 1156 291 1191 esset
303 1144 325 1191 in
337 1142 442 1202 Hispania
453 1142 510 1191 bello
522 1141 659 1191 Catambrico
670 1142 746 1209 edidit.

128 1216 188 1264 Haec
203 1216 273 1268 soluta
288 1216 384 1264 oratione
398 1214 530 1264 Octavianus
545 1215 638 1273 scripsit.
649 1214 727 1263 'Metro
737 1207 814 1264 'autem
828 1229 871 1264 tra·

50 1291 73 1340 l5
88 1288 187 1348 goediam
202 1287 295 1337 scribere
309 1307 421 1346 aggressus
436 1300 475 1337 est.
491 1287 535 1337 Sed
549 1289 579 1336 rei
594 1287 720 1337 difficultate
733 1288 873 1355 imperiisque

86 1362 272 1410 administratione
280 1361 397 1420 impeditus
409 1361 481 1409 medio
489 1361 534 1409 cale
544 1361 642 1409 destituit
652 1381 677 1409 ac
688 1360 766 1410 delevit
777 1380 872 1420 prorsus.

87 1434 125 1482 Est
140 1434 230 1492 quidem
240 1434 346 1491 tragicum
356 1454 424 1491 genus
434 1453 485 1482 cum
495 1433 585 1482 artificio
596 1434 658 1481 metri
667 1435 717 1482 tum
726 1433 798 1482 verbis
807 1446 873 1493 atque

84 1507 199 1555 sententiis
210 1520 232 1554 et
241 1507 335 1555 arduum
345 1520 367 1554 et
377 1506 477 1555 sublime.
490 1506 663 1564 lnterogantibus
673 1525 724 1556 vero
734 1507 808 1555 amicis
819 1508 873 1566 quid

87 1579 142 1626 Aiax
157 1599 195 1626 sua
212 1570 326 1635 (sicenim
341 1579 411 1636 ipsam
426 1578 572 1635 inscripserat)
588 1578 667 1626 faceret
682 1579 826 1635 respondebat
841 1579 879 1633 fa-v

49 1652 75 1700 20
90 1662 144 1699 cete:
159 1666 168 1691 t<
179 1649 204 1698 ln
212 1650 326 1709 spongiam
333 1649 388 1699 Aiax
395 1662 468 1698 nostra
476 1650 582 1715 incubuit.
592 1667 601 1692 t>
609 1648 708 1699 Gratiam
720 1662 793 1700 tamen
805 1672 874 1710 quan·

89 1723 139 1772 dam
150 1737 171 1772 et
182 1722 307 1772 facilitatem
317 1723 339 1772 in
351 1724 424 1772 metris
435 1723 539 1772 faciendis
550 1745 601 1773 cum
611 1737 700 1773 naturae
710 1724 816 1773 beneficio
826 1736 874 1773 tum

88 1809 132 1845 arte
146 1818 171 1846 ac
184 1796 385 1849 exerciciohabuit.
399 1796 438 1845 Est
451 1797 541 1854 quidem
554 1810 613 1846 tanta
626 1798 649 1846 in
662 1818 688 1846 eo
701 1816 779 1854 genere
791 1811 837 1846 arte
849 1819 874 1846 ac

89 1869 240 1917 exercitatione
251 1881 347 1927 versatus
359 1882 383 1917 ut
395 1870 432 1927 qui
444 1882 516 1918 essent
526 1868 554 1918 ab
565 1890 591 1918 eo
602 1869 668 1918 etiarn
679 1890 705 1918 ex
715 1881 813 1928 tempore
824 1867 874 1918 facti

89 1961 163 1990 versus
179 1961 309 2000 magnopere
316 1941 462 1991 laudarentur.
471 1941 549 2001 Neque
557 1962 607 1991 vero
614 1944 688 1991 evenit
695 1962 808 2001 nunquam
815 1943 875 2002 quod

51 2014 77 2061 25
91 2015 184 2063 auctoris
196 2016 263 2063 nescii
274 2016 387 2080 interogati
399 2016 460 2063 cuius
472 2028 548 2072 poetae
560 2017 658 2071 recitatos
670 2034 744 2063 versus
756 2035 802 2063 esse
812 2028 875 2073 puta-

77 2145 79 2147 v
90 2099 144 2143 rent,
158 2086 189 2137 nil
203 2087 262 2137 aliud
273 2085 428 2146 responderent
439 2089 460 2137 ni
475 2088 541 2146 quod,
553 2088 701 2147 cuiuscunque
712 2101 789 2143 essent,
798 2089 875 2147 optimi

91 2178 164 2208 versus
175 2173 254 2209 essent.
266 2161 295 2209 Se
305 2180 392 2220 nanque
402 2174 489 2210 auctore
499 2161 565 2209 tacito
576 2162 658 2218 recitari
667 2181 708 2209 sua
719 2179 757 2219 per
767 2161 841 2216 alium,
852 2173 876 2210 ut

90 2234 202 2282 audientes
213 2234 302 2282 liberius
313 2234 439 2288 iudicarent,
450 2234 508 2282 fecit.
520 2235 625 2283 Recitavit
635 2235 700 2282 etiam
710 2235 821 2290 interdum
830 2234 876 2291 ipse

91 2306 150 2362 apud
164 2307 253 2360 amicos,
269 2308 330 2365 quasi
345 2319 401 2356 esset
416 2307 504 2365 publico
520 2309 542 2356 in
557 2308 672 2363 auditorio,
687 2327 743 2365 quae
758 2307 877 2366 scripsisset

52 2375 79 2425 30
94 2379 246 2439 nitebaturque
260 2380 315 2440 quid
329 2380 356 2430 de
370 2400 393 2430 se
407 2380 518 2430 audientes
533 2399 583 2431 vere
595 2382 700 2433 ,sentirent
714 2381 796 2430 audire.
811 2380 877 2430 Dulci

93 2451 184 2507 quidem
197 2464 219 2499 et
234 2453 322 2510 proprio
332 2452 428 2510 quodam
438 2452 481 2500 oris
490 2472 545 2501 sono
554 2452 712 2510 pronunciavit.
723 2452 813 2501 Audivit
823 2472 878 2511 quo·

92 2543 135 2580 que
150 2521 243 2573 libenter
252 2545 277 2572 ac
288 2524 381 2583 benigne
391 2526 429 2583 qui
440 2545 495 2584 quae
504 2524 605 2574 fecissent
615 2526 656 2583 ipsi
667 2526 787 2574 recitarent.
798 2525 877 2574 Versus
950 2585 952 2587 ‚

93 2597 217 2656 autem'qui
228 2597 256 2646 ab
269 2619 294 2646 eo
306 2598 356 2646 facti
369 2598 468 2646 dicantur
483 2611 555 2647 extant
571 2599 629 2647 hunc
640 2599 668 2646 ad
679 2599 738 2646 diem
751 2600 878 2653 conservati,

53 2689 193 2701 Ἣ

88 2733 103 2769 5.
117 2735 164 2773 Suet.
172 2737 214 2781 Aug.
223 2737 252 2774 84.
288 2736 454 2780 tasueerruatt.
489 2737 564 2775 l9.lbid‚
598 2738 675 2775 zulbid.
708 2738 736 2774 30.
744 2739 790 2775 Suet.
799 2739 841 2784 Aug.
850 2738 879 2777 84.

2 2792 4 2794 ’
55 2790 81 2827 31.
94 2794 139 2833 Suet.
152 2798 195 2841 Aug.
208 2797 236 2833 89.

54 2870 195 2884 N*—

96 2916 126 2962 16.
139 2918 179 2963 Pro
194 2917 247 2963 calle.
