2093 3253
257 169 392 201 scaurorum
406 169 533 202 ILLUSTRIUM
546 181 560 187 -
574 169 633 202 LIBER
646 170 688 201 xvi.
844 155 884 203 459

87 282 155 332 ‚libris
170 282 200 331 ita
213 281 331 341 disputavit
344 282 427 331 Latinis
440 283 511 331 verbis
523 304 549 332 ac
561 283 637 332 litteris
651 296 675 332 ut
688 283 742 332 nihil
755 305 795 333 suo
808 284 838 333 de
850 285 885 333 iu-

97 354 154 403 dicio
170 356 217 414 ipse
233 356 271 404 sed
287 355 423 406 introductae
439 365 543 415 personae
559 357 614 416 quid
629 356 737 416 Epicurei,
755 357 809 417 quid
829 357 884 406 Aca-

82 428 186 484 demici,
201 428 256 488 quid
273 428 341 478 Stoici
359 428 386 477 de
404 429 445 478 deo
463 429 567 480 sentirent
585 426 678 480 diserere
695 431 816 481 videantur.
836 431 885 491 lpse

97 514 171 551 autem
181 503 282 560 quotiens
293 501 333 550 hac
344 501 385 549 sibi
396 502 424 550 de
434 521 457 550 re
467 522 538 552 sermo
549 501 598 558 luit,
609 503 724 563 presertim
733 503 780 552 istis
790 503 814 551 in
824 503 885 551 libris

69 575 87 627 ,5,
101 587 122 623 et
133 574 157 623 in
171 574 263 624 Somnio
275 573 383 634 Scipionis
395 575 451 624 etin
463 573 496 624 his
508 575 546 635 qui
559 589 610 625 sunt
622 576 649 625 de
660 575 796 624 Academicis
806 596 831 624 ac
842 576 884 624 Le-

100 646 163 705 gibus
173 647 255 705 scripti,
265 648 295 695 ita
304 646 390 696 locutus
399 660 432 696 est
441 660 466 697 ut
475 647 523 696 illos
533 649 631 698 videatur
641 649 704 708 sequi
714 649 752 708 qui
763 650 829 698 deum
838 670 885 698 esse
893 699 895 701 ,

100 739 177 774 unum,
191 731 316 773 aeternum,
324 732 494 779 praepotentem,
509 733 620 779 regentem
633 722 706 770 omnia
719 722 856 771 confitentur,

144 792 228 841 Interea
243 811 294 841 vero
310 791 401 841 Caesare
413 793 488 841 'occiso
504 805 525 841 et
540 792 645 843 absolutis
661 813 716 852 quos
732 794 849 843 nominavi.
858 795 886 842 de

100 865 185 914 Natura
198 865 297 914 Deorum
309 864 370 914 libris
384 865 477 915 scribere
490 866 518 915 de
531 865 671 915 Divinatione
684 866 803 915 constituit.
817 866 885 916 Vetus

61 939 91 989 10,
102 938 161 988 enim
172 951 221 988 turn
232 937 339 1000 quaedam
351 952 395 988 erat
407 938 488 998 opinio,
500 939 528 987 ab
540 939 631 988 heroicis
643 959 713 999 usque
725 939 790 989 ducta
801 953 887 1001 tempo-

96 1013 161 1061 ribus
176 1012 215 1060 sed
228 1012 256 1061 ab
270 1012 364 1071 Assyriis
378 1013 475 1071 primum
489 1024 536 1061 orta
549 1033 574 1061 ac
589 1013 668 1061 deinde
682 1034 695 1061 a
709 1014 783 1062 multis
797 1014 885 1068 credita,

101 1086 211 1146 quandam
223 1105 270 1133 esse
282 1084 393 1134 divinandi
406 1085 525 1134 scientiam.
538 1086 586 1134 Hac
598 1086 663 1145 igitur
676 1088 703 1135 de
715 1099 738 1135 re
750 1086 800 1135 libri
812 1099 863 1136 sunt
875 1108 890 1135 a

103 1159 210 1207 Cicerone
229 1160 273 1207 duo
293 1158 375 1216 scripti.
396 1158 534 1213 Diserentem
554 1159 722 1217 primuslhabet
743 1160 771 1216 Q.
791 1158 887 1208 fratrem.

103 1231 221 1281 Scientiam
238 1231 274 1279 hic
290 1230 429 1289 praedicendi
446 1229 519 1280 lutura
536 1250 610 1280 veram
627 1251 673 1279 esse
690 1252 741 1280 cum
758 1233 887 1281 testimoniis

63 1307 88 1354 l5
104 1304 178 1353 multis
189 1316 238 1352 turn
250 1304 348 1362 gentium
360 1304 459 1352 omniurn
471 1324 578 1353 consensu
590 1324 615 1352 ac
626 1304 746 1362 peritorum
758 1306 823 1354 etiarn
835 1326 894 1355 con÷¹
934 1327 935 1330 ¹

98 1376 196 1426 lessione
208 1376 308 1430 affirmat;
321 1389 343 1424 at
356 1376 374 1424 si
388 1376 476 1435 quando
489 1375 542 1425 falsa
555 1376 593 1435 qui
607 1377 653 1425 eius
666 1378 697 1425 rei
710 1377 812 1426 videntur
824 1372 888 1436 petili

105 1449 231 1505 iudicarent,
246 1449 269 1499 id
282 1449 452 1509 haudquaquam
464 1449 515 1498 artis
528 1448 581 1498 vitio
595 1449 681 1498 evenire
693 1450 732 1498 sed
745 1450 889 1509 interpretum

102 1535 139 1572 aut
152 1521 380 1572 maliciaautinscitia
392 1521 496 1572 videatur.
509 1520 592 1571 Contra
603 1520 801 1572 verolibro'altero
813 1523 889 1583 dispu-

102 1608 150 1645 tans
164 1595 241 1645 Cicero
254 1596 283 1644 ita
297 1594 396 1644 dissentit
409 1607 474 1653 atque
487 1594 558 1647 fratris
572 1594 629 1643 dicta
642 1607 701 1644 tanta
714 1615 765 1645 curn
778 1597 888 1655 gravitate,

61 1671 90 1721 20
105 1669 216 1729 exemplis,
228 1667 347 1720 rationibus
358 1667 421 1719 diluit
432 1680 457 1718 ut
468 1688 539 1728 neque
549 1668 683 1719 credendum
694 1668 731 1718 ulli
743 1669 781 1730 qui
792 1669 889 1726 somniis,¹

103 1742 141 1801 qui
156 1742 270 1796 monstris,
279 1743 317 1800 qui
332 1737 443 1801 prodigiis,
458 1742 496 1801 qui
510 1740 612 1800 auguriis,
627 1742 665 1801 qui
679 1743 752 1791 avium
766 1742 839 1792 volatu
852 1756 890 1791 aut

102 1827 168 1863 cantu
182 1827 203 1863 et
217 1814 308 1863 huiusce
320 1815 367 1863 aliis
381 1814 476 1873 praedici
489 1813 563 1863 lutura
577 1814 634 1864 dicat
648 1835 719 1873 neque
733 1813 774 1862 illis
788 1815 890 1864 assentiat

84 1944 87 1950 ⁸
105 1888 143 1948 qui
156 1887 223 1938 ullam
235 1907 308 1936 rerum
319 1887 443 1937 futurarum
454 1887 566 1937 scientiam
578 1908 625 1937 esse
636 1900 721 1946 putent.

147 1961 188 2009 His
206 1961 330 2018 proximum
348 1981 403 2026 opus
421 1960 448 2007 de
466 1960 520 2008 Fato
537 1961 630 2019 scripsit.
648 1960 721 2008 Huius
738 1960 769 2008 rei
787 1959 841 2008 liber
858 1973 891 2008 est

63 2035 91 2084 25
106 2054 171 2084 unus.
188 2034 234 2083 lam
241 2033 300 2083 eninr
308 2046 329 2084 et
337 2032 371 2083 M.
379 2032 488 2084 Antonius
496 2031 607 2084 voluntate
615 2045 697 2083 mutata
705 2051 778 2082 rerum
786 2052 891 2083 novarum

106 2108 222 2167 quaerebat
236 2128 310 2156 causas
324 2120 345 2156 et
360 2107 398 2166 qui
412 2107 431 2155 ei
446 2106 585 2155 succederent
599 2106 650 2155 novi
664 2105 764 2155 consules
778 2105 892 2165 designati,

108 2182 195 2231 Hircius
211 2193 232 2229 et
247 2182 322 2236 Pansa,
339 2194 406 2230 erant.
422 2179 533 2229 Ciceronis
548 2193 622 2229 autem
637 2200 702 2238 opera
717 2193 782 2239 atque
797 2178 891 2229 consiliis

103 2273 142 2302 res
159 2254 247 2313 publica
263 2253 478 2310 adrecuperandam
494 2252 616 2301 libertatem
633 2253 687 2301 adeo
709 2253 810 2300 utebatur
832 2253 892 2311 quod

108 2326 233 2379 scribendos
245 2327 274 2375 ad
285 2325 352 2374 libros
365 2325 406 2374 sibi
419 2344 496 2384 parurn
509 2325 552 2374 ocii
562 2324 681 2384 largiretur.
748 2335 750 2338 ’

64 2400 93 2461 30
150 2399 190 2448 Per
204 2399 264 2447 idem
278 2418 366 2457 quoque
381 2411 468 2456 ternpus
485 2397 613 2452 Ciceronem
629 2398 684 2446 duos
700 2398 810 2456 scripsisse
826 2397 894 2446 libros

27 2487 32 2491 ·
108 2472 136 2521 de
150 2470 226 2521 Gloria
236 2491 317 2530 eosque
328 2470 356 2520 ad
366 2469 464 2520 Atticum
476 2470 559 2520 misisse
570 2482 661 2519 constat.
672 2470 746 2529 Atque
756 2470 811 2519 illud
821 2488 893 2519 errore

109 2559 157 2594 turn
172 2545 268 2595 evenisse
279 2543 359 2594 latetur
371 2544 425 2604 ipse,
437 2559 462 2594 ut
473 2544 533 2604 quod
544 2544 682 2603 prooemium
693 2557 743 2593 ante
754 2545 797 2593 iam
809 2544 894 2594 dudum

108 2619 173 2673 tertio
190 2617 246 2665 libro
262 2617 444 2675 Academicorum
460 2617 597 2676 inscripserat
615 2616 666 2664 huic
682 2636 771 2675 quoque
789 2618 849 2674 operi
866 2618 895 2664 de

110 2691 186 2740 Gloria
203 2711 254 2740 cum
272 2689 404 2750 praelaretur
422 2690 533 2740 intexeret.
551 2688 659 2738 Volumen
677 2688 767 2749 quidem
777 2689 895 2748 prooemiis
936 2733 938 2735 ,

66 2766 94 2812 35
109 2765 199 2823 plenum
206 2764 235 2812 ad
243 2784 307 2813 omne
315 2783 383 2823 genus
392 2764 433 2813 sibi
439 2765 485 2822 iarn
492 2764 571 2826 lecerat
579 2776 604 2813 ut
612 2764 669 2818 inde,
680 2784 731 2812 cum
739 2777 795 2812 esset
803 2764 894 2818 occasio,

113 2943 142 2988 14.
156 2942 223 2986 lutura
237 2949 250 2987 ι’.
265 2960 287 2993 r.;
302 2961 326 2986 ex
339 2958 408 2986 veram
421 2959 463 2986 esse
477 2947 543 2987 statim
556 2959 605 2988 corr„
629 2961 631 2964 ·
