2093 3253
150 217 190 263 202
452 231 547 262 sicconis
557 231 673 262 roisurom

190 359 211 393 et
226 346 310 393 varium
321 359 342 393 et
352 343 469 392 contusum
479 359 541 399 esset,
553 346 628 393 statuit
638 358 722 394 certum
733 346 843 403 quendam
853 365 878 393 ac
889 346 976 399 brevem
1032 352 1044 408 J

191 418 219 466 ad
233 418 332 466 ordinem
350 415 473 466 reformare.
492 416 537 465 Sed
554 417 596 466 hoc
613 438 638 466 ac
655 416 758 477 pleraque
775 416 816 466 alia
834 438 890 477 quae
900 416 977 482 ,tacere

192 492 220 540 ad
235 486 387 540 ornamentum
400 491 486 548 imperii
501 492 559 547 gravi
574 491 664 539 consilio
679 504 700 538 et
714 491 773 539 bono
788 492 860 538 animo
870 492 977 549 cogitarat

193 578 261 612 morte
269 562 386 629 impeditus
394 583 438 611 non
446 562 545 612 absolvit.
556 564 581 612 ln
589 563 664 612 litteris
673 564 769 622 quidem,
776 583 829 622 quas
835 564 905 622 prima
911 577 978 615 aetate

165 638 178 686 5
194 637 286 685 mirabili
296 637 412 693 diligentia,
422 636 502 688 studio,
512 637 599 693 ingenio
608 637 746 695 percepisset,
756 637 926 694 haudquaquam
935 659 979 686 me·

193 709 260 756 diocri
272 729 323 757 cum
334 708 398 755 laude
409 708 437 755 ad
448 708 504 756 vitae
516 727 585 767 usque
597 709 699 756 ultimum
710 721 806 757 versatus
819 720 851 756 est
863 728 903 757 nec
915 727 979 767 parva
1046 753 1047 756 ,

160 774 162 778 ’
193 802 219 829 ex
233 780 309 829 litteris
321 779 350 829 ad
362 780 478 839 imperium
491 794 512 828 et
525 771 655 839 capiendum
668 794 689 829 et
702 780 842 830 retinendum
854 780 978 833 adiumenta

194 855 295 913 suscepit.

236 926 296 974 Haec
307 928 334 975 de
344 926 427 974 litteris.
438 927 524 983 Quanta
532 946 583 974 vero
591 939 643 981 arte,
652 927 764 981 industria,
774 927 911 975 solicitudine
921 947 979 977 sum·

155 1001 182 1050 10
197 1021 258 1049 mum
265 1001 294 1049 ad
302 1000 418 1059 imperium
426 1000 514 1054 venerit,
524 1004 579 1058 quae
587 999 643 1048 bella
651 1000 746 1058 gesserit,
756 999 825 1059 qualis
834 1000 856 1048 in
864 1019 887 1048 re
895 1000 981 1059 publica

196 1072 262 1121 luerit
277 1091 396 1121 memorare
409 1073 451 1120 hoc
465 1073 512 1120 loco
527 1086 626 1120 nostrum
640 1093 683 1120 non
698 1092 744 1120 esse
757 1073 867 1120 constitui.
882 1072 981 1122 Habetur
1042 1120 1046 1131 ,

196 1146 286 1205 quidem
298 1146 321 1194 id
332 1165 383 1193 cum
395 1145 439 1193 suis
451 1165 477 1192 ex
488 1144 662 1198 Commentariis,
675 1158 723 1193 tum
735 1144 822 1192 illorum
833 1165 859 1192 ex
871 1145 931 1193 libris
944 1148 980 1205 qui

197 1240 222 1268 ea
236 1218 312 1267 litteris
327 1216 469 1267 tradiderunt.
486 1217 589 1266 Gerendo
605 1218 663 1266 enim
678 1218 701 1266 in
716 1216 774 1266 bello
789 1236 854 1276 supra
870 1238 945 1266 omnes
961 1232 981 1267 et
1036 1240 1046 1280 ⁴.

196 1292 277 1350 peritus
288 1304 309 1339 et
320 1288 371 1338 felix
381 1289 430 1338 tuit.
442 1289 556 1338 Obeundis
567 1303 641 1338 autem
651 1291 673 1337 in
684 1290 749 1338 rebus
759 1303 819 1337 tanta
829 1303 862 1337 est
873 1289 982 1347 diligentia

158 1365 182 1413 {5
197 1384 222 1412 ac
237 1363 344 1412 celeritate
357 1382 409 1410 usus
422 1362 482 1421 quod
495 1382 558 1421 saepe
571 1382 626 1422 quos
642 1363 774 1422 premisisset
790 1363 880 1411 nuncios
896 1381 983 1422 praeve·

198 1437 260 1484 niret.
283 1435 344 1484 Vitae
363 1455 406 1483 non
424 1434 468 1483 luit
485 1435 594 1484 delicatae.
613 1434 744 1494 Quicunque
762 1434 803 1483 sibi
818 1448 983 1494 apportarentur

199 1508 297 1557 sumebat
312 1507 460 1557 indifferenter
476 1507 542 1556 cibos.
559 1507 664 1556 Pistorem
679 1520 752 1557 autem
768 1509 859 1556 coniecit
875 1508 898 1556 in
913 1508 982 1556 vincla
1038 1508 1047 1552 ζ

198 1581 258 1639 quod
270 1582 292 1628 in
304 1580 403 1628 convivio
414 1599 493 1636 panem
504 1580 545 1627 sibi
557 1579 703 1627 delicatiorem
715 1600 782 1638 quam
793 1580 881 1627 caeteris
893 1598 982 1639 praepa·
1017 1617 1019 1619 -

162 1691 164 1693 »
198 1666 271 1702 rasset.
293 1653 380 1711 Quippe
402 1653 531 1701 domesticae
553 1652 678 1711 disciplinae
699 1653 845 1702 severissimus
862 1653 984 1702 observator

90 1737 92 1742 '
156 1728 186 1775 20
200 1725 249 1775 tuit.
265 1726 452 1775 Libertumenim
467 1726 504 1784 qui
520 1739 591 1783 gratus
607 1726 626 1774 ei
641 1739 662 1774 et
677 1744 738 1773 carus
754 1739 809 1774 esset
823 1726 895 1774 affecit
909 1725 984 1784 capitis

199 1818 268 1856 poena
281 1800 347 1846 etiam
360 1797 420 1845 nullo
434 1811 557 1855 quaerente,
572 1797 632 1855 quod
646 1798 725 1854 equitis
738 1797 830 1845 Romani
844 1797 984 1845 adulterasset

163 1908 166 1912 ι
199 1888 296 1919 uxorem.

241 1943 296 2002 Erga
306 1944 405 1991 inimicos
417 1955 438 1989 et
449 1942 498 2000 pius
509 1955 529 1990 et
541 1944 598 1990 mitis
610 1942 658 1992 luit.
670 1943 782 1991 Praetereo
793 1942 840 1990 illos
851 1943 889 2001 qui
900 1942 928 1990 de
938 1943 985 2001 ipso

201 2017 255 2064 male
264 2017 410 2074 loquerentur,
420 2035 476 2074 quos
484 2016 640 2074 patientissime
648 2016 705 2064 tulit.
715 2016 760 2064 Sed
768 2015 869 2074 capitales
879 2015 984 2068 inimicos,

157 2091 186 2138 25
203 2089 321 2137 Lentulum
335 2101 356 2136 et
371 2087 504 2142 Domicium‚
519 2088 557 2147 qui
572 2100 592 2135 et
606 2086 706 2136 factionis
720 2088 863 2147 Pompeianae
877 2088 996 2156 principes

170 2189 172 2193 ⁴
202 2161 332 2210 haberentur
346 2182 370 2209 ac
385 2174 456 2209 esseut
470 2174 497 2209 vet
517 2161 638 2210 Corfinium
653 2162 722 2211 multo
736 2162 844 2220 praesidio
858 2162 984 2214 tenuissent,
1042 2166 1047 2219 '3

201 2256 252 2283 cum
266 2234 354 2283 haberet
369 2246 450 2292 captos,
460 2233 527 2282 libere
537 2248 611 2282 contra
621 2235 720 2283 omnium
729 2256 791 2292 spem
804 2234 895 2283 dimisit.
905 2233 986 2282 Amicis

202 2319 275 2355 autem
289 2306 431 2355 referentibus
441 2304 488 2354 illos
498 2325 557 2354 arma
566 2307 588 2354 in
598 2327 649 2355 eum
658 2307 888 2366 iterumassumpsisse
898 2324 986 2366 respon·

203 2381 242 2429 dit:
258 2396 267 2420 a
275 2374 337 2429 Nihil
352 2378 408 2427 malo
416 2399 482 2437 quam
490 2392 511 2427 et
519 2399 554 2427 me
562 2379 604 2427 mei
612 2378 705 2428 similem
713 2399 759 2427 esse
767 2391 788 2428 et
801 2379 848 2427 illos
861 2380 895 2428 sui
905 2395 921 2427 t.
930 2378 987 2428 Cum

107 2477 109 2480 ’
159 2455 189 2502 30
204 2472 255 2501 vero
270 2453 386 2511 Pompeius
402 2451 526 2509 relinquens
542 2453 620 2500 urbem
635 2454 799 2510 pronunciasset
815 2452 839 2500 se
854 2454 876 2499 in
889 2452 988 2513 hostium
1044 2481 1046 2511 5

168 2543 170 2560 ³
197 2543 294 2573 numero
309 2543 452 2583 quoscunque
465 2524 504 2582 qui
517 2544 569 2572 eum
582 2544 626 2572 non
640 2536 781 2582 sequerentur
795 2523 928 2578 habiturum,
942 2523 988 2582 ipse
1044 2519 1046 2548 ³

203 2598 300 2648 neutrius
315 2617 361 2646 esse
376 2597 442 2654 partis
457 2597 495 2656 qui
510 2610 645 2646 remanerent
656 2597 730 2646 edixit.
741 2591 861 2646 Pharsalica
871 2616 923 2646 vero
934 2617 987 2656 pug·
1046 2604 1047 2647 ξ

203 2691 230 2719 na
248 2668 298 2719 luso
315 2669 433 2728 fugatoque
451 2669 554 2728 Pompeio
568 2683 592 2718 ut
605 2684 728 2729 parceretur
740 2671 824 2719 civibus
842 2669 988 2729 proclamavit.
1046 2693 1047 2711 ³

193 2812 226 2855 u.
244 2812 284 2849 sua
302 2813 333 2851 ai
353 2811 381 2849 57.
434 2810 460 2848 u.
477 2810 517 2848 saa
536 2811 566 2848 nr
586 2788 628 2847 4ss
664 2810 692 2847 29.
709 2810 759 2854 apua
775 2809 810 2848 cic.
827 2810 863 2848 Aa.
880 2810 909 2847 ix.
930 2808 956 2846 u.
973 2807 983 2843 2

161 2871 338 2911 mmmm

162 2954 308 2961 „.—..-..-.-

204 2994 237 3038 2l.
251 2991 282 3038 Ex
300 3010 350 3045 pena
364 3009 413 3035 corr.
