2093 3253
259 158 388 188 scaurorum
403 158 529 188 ILLUSTRlUM
543 170 556 175 -
570 158 629 189 LIBER
647 159 660 189 1.
848 144 874 190 29

90 291 122 321 res
137 273 241 331 processit
257 285 282 319 ut
298 272 390 329 placeret
407 271 486 329 legatos
503 271 599 319 Athenas
617 273 681 326 mitti,
698 273 735 331 qui
752 286 773 320 et
789 273 872 321 inclitas

90 346 175 395 Solonis
190 345 246 402 leges
272 358 293 392 et
308 346 406 393 omnium
421 344 524 400 Graeciae
549 346 661 405 civitatum
686 346 742 404 clara
758 346 871 400 instituta,

90 436 167 473 mores,
173 459 175 463 ,
182 417 228 466 iura
238 418 316 475 scripta
326 430 443 475 portarent.
452 417 488 465 Ad
497 438 546 466 eam
554 419 627 477 itaque
637 437 682 466 rem
692 417 769 467 delecti
778 438 804 466 ac
813 418 872 466 missi

34 554 36 557 .
89 491 111 538 in
127 488 241 537 Graeciam
256 508 342 538 summo
355 501 377 538 et
390 488 459 548 plebis
472 502 494 538 et
507 502 594 548 patrum
601 509 714 538 *consensu
727 489 767 549 Sp.
780 489 874 538 Posthu-

0 596 2 598 v
62 566 74 616 5
90 565 154 619 mim,
168 561 196 613 Α.
211 561 323 618 Manilius,
336 561 359 613 P.
372 560 481 622 Sulpicius
494 562 622 613 Camerinus
634 562 697 624 legati
709 576 768 612 sunt.
781 562 873 611 Romam

89 637 112 686 hi
126 657 183 687 anno
197 636 265 686 altero
280 649 421 697 posteaquam
436 637 490 685 urbe
505 637 597 697 profecti
613 651 691 691 essent,
707 650 732 686 ut
742 649 803 686 erant
813 638 873 691 iussi,

89 711 174 769 scriptis
189 729 240 758 cum
250 709 333 768 legibus
343 709 461 758 redierunt.
470 710 536 758 Anno
545 712 619 770 itaque
628 712 666 769 qui
677 712 755 758 exactis
765 730 777 757 a
787 703 873 768 regibus

90 783 194 842 septimus
209 794 231 831 et
246 783 445 842 quinquagesimus,
462 784 550 833 condita
566 802 617 833 vero
634 783 661 833 ab
677 784 732 832 urbe
749 802 814 843 supra
830 795 874 832 tre-

90 858 233 905 centesimum
242 856 295 905 alter
310 855 359 911 luit,
374 870 461 905 senatus
472 856 532 920 bono
541 877 592 905 cum
602 856 672 915 plebis
685 877 774 904 assensu
783 856 812 904 ad
821 857 874 904 scri-

53 931 78 980 10
92 929 174 978 bendas
189 930 245 987 leges
259 929 334 977 decem
347 930 426 978 creavit
439 930 503 984 viros,
516 930 559 989 Ap.
568 928 693 984 Claudium,
703 929 733 977 T.
744 928 873 983 Genutium,

90 1003 114 1050 P.
130 1002 235 1057 Sextium,
252 1001 278 1051 L.
293 1001 415 1056 Veturium,
431 1001 457 1050 C.
475 1002 562 1057 lulium,
578 1002 605 1050 Α.
622 1001 745 1055 Manilium,
761 1001 785 1051 P.
801 1000 874 1059 Sulpi·

90 1076 149 1125 cium
164 1073 318 1133 Camerinum,v
330 1076 354 1126 P.
374 1075 495 1131 Curatium,
514 1075 538 1126 P.
557 1076 705 1138 Romuleium,
724 1075 763 1134 Sp.
782 1075 874 1124 Posthu-

91 1151 167 1197 mium.
181 1149 207 1197 ln
218 1151 249 1196 eis
260 1168 311 1198 vero
323 1150 442 1207 deligendis
454 1150 507 1198 haec
519 1151 572 1198 ratio
584 1139 684 1198 senatum
695 1151 770 1198 movit.
782 1149 874 1197 Claudio

91 1223 149 1269 enim
163 1241 188 1269 ac
203 1221 300 1270 Genutio
311 1240 351 1280 pro
362 1222 444 1271 honore
455 1221 524 1271 honos
535 1235 567 1271 est
579 1221 688 1278 redditus„
695 1222 755 1280 quod
770 1221 874 1281 designati

53 1298 77 1344 15
93 1296 152 1344 hunc
165 1296 232 1344 istum
248 1296 271 1344 in
287 1316 370 1346 annum
386 1295 485 1351 consules
502 1295 594 1345 luerant.
612 1294 698 1344 Sextius
714 1299 787 1355 autern
804 1294 875 1353 priore

91 1388 148 1416 anno
162 1368 238 1416 consul
256 1369 285 1417 ad
303 1381 402 1416 senatum
421 1367 502 1426 collega
520 1358 588 1417 invito
607 1367 635 1416 de
653 1366 772 1415 scribendis
791 1363 874 1426 legibus

91 1440 176 1489 tulerat.
189 1440 328 1489 Posthumius
341 1459 392 1489 vero
406 1439 510 1489 Manilius
523 1452 545 1489 et
557 1438 667 1498 Sulpicius
680 1439 729 1489 ideo
742 1439 803 1488 electi
816 1453 874 1494 sunt,

92 1512 152 1571 quod
161 1514 184 1561 in
195 1512 287 1562 Graecia
299 1512 362 1571 legati
375 1532 414 1571 pro
427 1514 510 1571 legibus
523 1513 609 1562 lucrant
621 1514 728 1572 peritique
738 1513 811 1570 legum
821 1533 875 1572 quas

91 1597 228 1643 portaverant
244 1606 291 1634 esse
308 1605 347 1634 nec
363 1604 441 1643 parum
452 1585 485 1634 ad
501 1606 557 1635 nova
572 1585 686 1641 condenda
702 1586 749 1634 iura
765 1586 874 1633 commodi

51 1659 80 1707 20
94 1657 229 1707 videbantur.
249 1656 411 1717 Suppleverunt
433 1659 510 1708 caeteri
533 1677 650 1708 numerum
673 1670 697 1706 ut
717 1658 800 1713 decem,
820 1660 876 1707 sicut

92 1744 137 1780 erat
151 1732 269 1787 decretum,
288 1745 366 1782 essent.
384 1733 501 1782 Postremis
517 1745 591 1783 autern
609 1733 716 1791 suffragiis
734 1745 836 1791 quattuor
853 1731 875 1779 ht

84 1805 169 1875 ⁴delecti
181 1820 239 1863 sunt,
253 1807 313 1866 quod
325 1807 365 1857 viri
378 1820 449 1856 essent
462 1808 548 1864 maturi,
566 1821 591 1856 ut
610 1808 702 1856 aliorum
719 1806 821 1855 lerociam
838 1827 876 1854 sua
890 1862 891 1867 ¹

93 1878 198 1926 modestia
206 1892 359 1937 temperarent.
368 1880 420 1928 Non
429 1881 508 1929 desunt
517 1882 555 1938 qui
564 1880 734 1933 Hermodorum,
743 1880 876 1938 Aephesium

81 1958 84 2000 J
93 1950 203 2008 quendam
216 1950 380 2011 philosophum,
390 1965 438 2001 tum
447 1950 503 2001 lorte
513 1952 581 2011 patria
591 1951 680 2012 pulsum
689 1952 743 2011 etin
754 1950 815 2001 ltalia
824 1972 876 2001 exu-

53 2023 182 2086 253lantem,
191 2024 242 2073 liuic
252 2025 342 2084 collegio
353 2024 475 2073 adhibitum
482 2038 507 2074 ut
517 2025 602 2074 adesset
612 2024 695 2084 legibus
706 2023 825 2073 scribendis
836 2044 876 2082 pu-

93 2109 147 2143 tent,
162 2095 206 2144 Sed
214 2097 273 2155 apud
281 2095 310 2145 T.
319 2097 414 2151 Livium,
423 2098 460 2156 qui
469 2097 534 2146 huius
543 2110 575 2145 est
584 2110 644 2156 pater
652 2097 760 2151 historiae,
769 2116 877 2155 nusquam

94 2167 243 2217 Hermodorus
258 2170 322 2217 istam
335 2171 363 2218 ad
378 2189 423 2218 rem
438 2171 561 2218 nominatus
576 2183 615 2218 est.
630 2170 677 2218 Hos
691 2170 757 2228 igitur
770 2170 799 2226 ad
812 2170 876 2222 viros,

94 2242 131 2298 qui
146 2241 221 2289 decem
234 2261 326 2291 numero
339 2243 367 2292 ad
380 2242 437 2301 leges
451 2243 574 2292 condendas
588 2244 693 2302 designati
706 2255 784 2297 essent,
799 2262 877 2291 consu·

94 2313 142 2363 laris
158 2328 251 2373 potestas
268 2317 338 2365 omnis
354 2316 400 2365 sine
416 2317 568 2378 provocatione
583 2316 685 2366 translata
695 2329 734 2366 est.
751 2315 833 2376 Populo
843 2316 877 2365 ius

54 2385 81 2434 30
96 2386 181 2435 dicebat
195 2408 235 2436 suo
250 2388 335 2437 decimo
349 2390 441 2448 quisque
454 2390 497 2437 die.
511 2390 602 2438 Summa
615 2403 687 2438 tamen
700 2391 815 2437 auctoritas
828 2409 878 2447 per-

95 2459 332 2520 mittentibus->collegis
347 2482 413 2520 penes
427 2461 525 2520 Appium
539 2474 591 2510 erat.
606 2461 690 2509 Decem
703 2461 730 2509 ab
745 2461 778 2508 his
792 2460 878 2509 tabulae

51 2589 53 2593 v
95 2530 189 2588 prolatae
203 2546 254 2581 sunt
268 2547 296 2588 et,
311 2555 355 2592 quo
369 2527 456 2583 liberius
471 2534 545 2589 videri,
560 2534 608 2593 legi,
622 2534 732 2583 emendari
746 2546 841 2592 possent,
856 2535 886 2581 in

73 2605 77 2612 ’
95 2604 208 2660 publicum
217 2606 295 2659 editam
305 2607 400 2661 tandem,
411 2627 462 2655 cum
471 2608 522 2655 satis
532 2620 597 2665 atque
607 2607 657 2655 satis
667 2620 775 2655 correctae
783 2627 809 2654 ac
818 2625 879 2655 com·
935 2663 937 2665 ι

95 2676 172 2727 modae
187 2677 317 2735 viderentur,
330 2679 428 2729 omnium
438 2698 545 2728 consensu
556 2679 680 2741 centuriatis
692 2679 787 2742 comiciis
800 2696 879 2739 appro-

55 2747 82 2797 35
97 2749 165 2801 barae.
181 2751 221 2800 His
237 2753 322 2801 additae
337 2755 435 2811 sequenti
450 2757 507 2802 anno
522 2753 608 2803 tabulae
623 2754 685 2803 duae
701 2753 773 2815 Creati
788 2774 839 2803 vero
852 2754 880 2803 ad

55 2871 196 2883 *———-—-

91 2941 118 2978 26.
132 2943 168 2980 Liv.
181 2944 245 2982 Ill-33
257 2960 295 2990 sqq.
