2093 3253
260 213 389 243 sermonum
404 212 526 245 ittusrrtturr
540 226 554 230 -
568 214 625 244 LIBER
639 213 667 245 Xl·
836 198 875 243 303

89 331 161 385 tentis,
172 349 226 387 quos
237 329 353 383 nominavi,
364 328 390 378 C.
401 329 523 378 Cornellius
533 343 554 379 et
565 331 591 378 L.
603 330 747 386 Vargunteius
759 329 876 376 officiosam

90 405 144 452 lianc
159 401 201 450 sibi
217 401 351 460 provinciam
367 401 477 466 Ciceronis
494 403 636 451 interficiendi
652 414 750 450 sumunt.
767 400 837 449 Facile
853 401 875 448 id

90 488 168 524 eventu
177 487 228 529 erat,
238 475 260 522 ni
269 473 297 530 Q.
306 474 387 522 Curius
395 475 436 522 hoc
445 476 631 533 quemadmodum
639 487 721 523 caetera
730 473 876 522 consuevisset

90 570 116 597 ex
130 547 206 597 ordine
216 566 255 605 per
266 547 365 596 Fulviam
376 548 498 614 indicasset.
510 548 591 597 Euntes
602 548 675 607 itaque
687 547 778 596 domum
789 546 876 595 Cicero

65 626 76 673 5
92 623 126 670 nis
136 620 311 678 haudquaquam,
322 633 347 668 ut
357 619 557 680 solerentsslliberam
565 635 586 668 et
594 634 705 679 patentem
712 620 752 668 sed
758 632 820 667 tanto
828 639 877 666 cus-

91 694 182 742 toditam
197 692 304 751 praesidio
315 693 444 741 invenerunt
455 694 515 752 quod
527 713 597 753 neque
609 695 681 753 ipsum
694 693 753 742 adire
770 713 809 741 nec
825 690 877 740 lori-

91 768 132 816 bus
144 765 290 825 propinqua're
302 779 397 824 possent.
411 766 498 815 Deinde
509 786 561 816 vero
573 766 673 830 Ciceroni
685 786 736 816 cura
753 766 786 815 sui
804 778 876 815 custo-

92 839 166 888 diendi
181 840 277 896 corporis
294 840 361 887 maior
377 839 426 904 luit.
443 840 530 897 Nempe
545 853 566 887 et
583 842 620 898 qui
636 841 770 888 custodirent
786 840 878 887 domum

92 912 172 959 amicos
185 911 298 958 constituit
312 925 332 959 et
346 911 384 969 qui
398 932 476 960 eocum
489 911 545 959 irent
558 926 630 969 preter
643 911 736 964 lictores,
754 909 878 959 consulatus

55 987 80 1034 ll]
95 983 212 1037 ministros,
222 995 305 1031 tantam
314 996 447 1031 armatorum
456 983 542 1042 copiam
552 983 628 1032 habuit
638 983 699 1042 quod
709 983 825 1032 maximam
834 983 878 1031 via-

93 1075 142 1104 rum
156 1075 181 1103 ac
195 1053 237 1103 lori
253 1067 336 1113 partem
352 1068 426 1103 contra
442 1055 530 1104 solitum
542 1062 661 1114 'occuparet
676 1056 765 1114 vimque
780 1054 842 1103 lacile
858 1055 878 1102 vi

23 1163 25 1166 ψ
93 1146 164 1176 arcere
182 1140 262 1185 posset.
717 1187 719 1191 μ

136 1200 180 1249 Sed
195 1200 248 1248 dum
263 1200 315 1248 haec
328 1202 416 1259 privatis
429 1201 543 1260 tacitisque
556 1201 651 1249 consiliis
663 1195 784 1259 agerentur,
799 1201 878 1248 interea

4 1297 6 1300 ⁴
52 1298 53 1303 ¹
94 1266 225 1332 processerat
240 1274 283 1322 iam
298 1292 346 1331 pars
363 1274 430 1322 maior
444 1274 495 1322 anni
510 1273 634 1323 consulatus
650 1273 761 1322 Ciceronis
776 1286 797 1322 et
812 1292 879 1322 novos

57 1350 81 1399 15
96 1342 237 1396 ad'consules‘
251 1348 273 1395 in
287 1360 415 1406 sequentem
427 1369 510 1397 annum
523 1349 627 1396 creandos
640 1362 726 1406 tempus
740 1348 881 1395 comiciorum

52 1444 54 1447 ·
95 1420 195 1468 instabat.
206 1418 238 1467 Ex
248 1418 281 1467 his
290 1432 364 1468 autem
374 1421 411 1478 qui
422 1431 520 1479 peterent
530 1420 666 1469 consulatum
676 1421 742 1469 etiam
752 1420 777 1468 Lss
789 1418 881 1468 Catilina

95 1505 146 1541 erat.
162 1491 311 1541 Comiciorum
322 1493 387 1551 igitur
398 1493 434 1542 die
445 1492 529 1549 Cicero,
541 1493 602 1552 quod
613 1492 670 1542 illius
682 1504 777 1542 mentem
788 1493 811 1541 in
822 1512 845 1540 se
856 1513 881 1541 ac

96 1584 142 1612 rem
156 1565 266 1623 publicam
276 1574 365 1623 pravam
376 1586 423 1614 esse
433 1565 580 1624 audacemque
591 1567 619 1614 ad
630 1587 695 1613 omne
705 1565 781 1619 scelus,
793 1578 817 1613 ut
828 1565 879 1619 dixi,

96 1638 209 1685 manifeste
221 1651 366 1696 cognosceret,
380 1651 455 1686 contra
468 1658 551 1687 morem
563 1640 655 1697 stipatus
674 1639 772 1686 maximis
789 1651 882 1686 armato-

56 1711 83 1759 20
98 1730 147 1758 rum
159 1710 227 1768 copiis
240 1711 263 1758 in
276 1721 382 1768 campum
390 1711 456 1760 venit.
470 1710 521 1760 Erat
529 1712 599 1760 'etiam
611 1724 706 1760 armatus
719 1712 765 1768 ipse
777 1724 843 1769 atque
856 1710 883 1758 de

97 1781 202 1831 industria
212 1781 242 1831 ita
252 1795 353 1838 armatus,
365 1796 473 1842 quantum
483 1784 589 1838 existimo,
601 1784 698 1843 quodex
709 1784 804 1832 humeris
815 1782 881 1831 videri

57 1871 58 1874 ’
96 1870 163 1912 quam
172 1855 213 1904 sub
223 1869 282 1923 veste
292 1856 384 1904 babebat
394 1875 443 1914 pars
452 1856 553 1906 thoracae
562 1870 642 1914 posset.
653 1856 741 1914 Quippe
750 1869 882 1904 armatorum

97 1947 173 1989 manus
188 1941 247 1977 tanta
257 1928 388 1978 etinsolitus
403 1928 497 1978 consulis
512 1930 588 1979 armati
603 1929 884 1988 conspectus'vehementer

93 2014 168 2058 patres
182 2021 207 2049 ac
218 2000 293 2060 populi
304 2002 402 2050 animum
413 2003 547 2060 perturbavit
559 1997 693 2061 deduxitque
704 2003 726 2050 in
738 2002 883 2060 suspicionem

58 2074 83 2120 25
99 2086 120 2120 et
136 2092 241 2130 murmur,
257 2094 303 2121 esse
318 2075 436 2133 quicquam
446 2075 507 2133 quod
517 2075 640 2124 timendum
650 2075 726 2124 consul
737 2074 882 2123 esse'videret.

81 2210 82 2214 Ἰ
100 2146 125 2194 ld
139 2168 192 2202 esse,
208 2160 232 2196 ut
247 2146 308 2202 solet,
323 2147 368 2196 veri
382 2148 454 2196 nescia
469 2148 586 2197 multitudo
601 2148 636 2197 alii
654 2147 714 2197 aliud
728 2146 884 2215 coniectabant.

58 2241 60 2245 ·
97 2219 204 2273 Nondum
218 2232 278 2268 erant
292 2220 330 2268 ulli
345 2221 560 2283 preterCiceronem
573 2222 728 2270 coniurationis
743 2220 883 2278 consilia²²pa-

97 2290 183 2348 telacta;
193 2305 239 2352 orta
249 2310 301 2343 vero
311 2313 337 2342 ex
346 2294 400 2343 voce
410 2301 476 2352 quam
487 2293 531 2344 dixi
542 2294 638 2354 suspicio
648 2293 742 2343 solicitas
753 2305 836 2343 mentes
845 2312 883 2342 au-

56 2378 58 2381 ·
98 2365 205 2414 dientium
219 2364 318 2415 faciebat.
332 2366 445 2430 Quosdam
458 2369 517 2417 enim
529 2368 557 2416 ad
570 2385 616 2415 rem
629 2368 739 2426 publicam
757 2378 884 2415 conservan-

57 2435 85 2483 30
100 2437 153 2486 dam>
165 2451 189 2488 ut
203 2438 316 2497 vigilarent
326 2441 430 2490 attentius
440 2440 553 2495 excitabat,
562 2439 645 2489 multos
656 2440 679 2488 in
690 2459 836 2506 spemrerum
845 2439 884 2487 no·

97 2511 286 2582 varumuexigebats.
295 2510 362 2576 Erant
371 2513 483 2572 etiam'qui
492 2512 624 2572 negligerent
633 2532 722 2573 prorsus
730 2509 752 2561 et
761 2534 817 2573 quae
825 2511 884 2560 dice·

99 2597 179 2640 rentur,
188 2604 213 2633 ea
220 2585 270 2634 ficta
278 2604 324 2634 esse
332 2606 356 2634 ac
364 2585 463 2636 fabulosa
470 2598 578 2644 putarent.
587 2586 671 2635 Omnes
678 2598 751 2635 autem
764 2586 805 2634 hoc
818 2585 885 2634 comi<-

98 2657 183 2705 ciorum
197 2658 232 2706 die
246 2671 354 2722 armatum
367 2678 414 2707 esse
427 2659 540 2708 consulem
554 2660 671 2718 quicquam
685 2660 735 2708 novi
755 2678 801 2706 esse
815 2659 886 2717 suspi-

99 2730 203 2778 cabantur
218 2731 356 2789 eundemque
371 2732 510 2780 intuebantur
526 2745 546 2779 et
562 2733 616 2789 quid
635 2731 730 2779 facturus
751 2744 806 2779 esset
826 2731 887 2778 dubii

59 2797 86 2848 35
101 2803 260 2860 exspectabant.
762 2813 763 2816 ’
878 2798 880 2801 V

62 2917 204 2928 κ*

65 2969 66 2972 ¹
101 2981 130 3055 ll.
140 3004 163 3029 ac
171 2982 185 3029 i‘.
193 3004 215 3037 r.;
226 3005 249 3031 ex
259 2979 372 3040 pr(avam?)
383 2992 451 3030 statim
461 3005 509 3030 corr.
564 2986 597 3030 22.
608 2978 711 3041 habespat)
720 2993 733 3031 i.
741 2981 763 3038 r'.;
772 2997 814 3031 erat
821 2987 888 3043 (llere.
