2093 3253
184 176 187 182 ¹
255 184 384 214 SCRIPTORUM
399 184 524 214 lLLUSTRlUM
537 196 551 199 -
565 184 622 213 LIBER
637 184 664 214 iv.
833 170 875 214 l3l

2 291 4 297 .
48 330 49 333 =
97 301 174 347 missus
189 298 317 352 Bononiam,
330 312 386 356 quae
399 299 421 346 in
436 297 496 346 ltalia
508 299 582 346 civitas
603 319 668 357 egum
680 312 713 347 est
726 311 800 352 mater,
813 300 880 347 trien-

96 375 158 421 nium
173 372 263 419 audivit.
279 371 403 428 Utrobique
418 372 529 420 doctorem
544 372 652 429 legentem
668 372 768 420 audiebat
786 373 824 419 sed
835 385 881 419 stu·

97 444 161 492 debat
180 461 264 501 parum.
285 442 376 491 Summa
389 443 435 503 eius
451 443 564 492 delectatio
577 439 747 501 haudquaquam
761 444 783 491 in
798 443 881 501 legibus

96 516 209 567 audiendis
219 516 289 564 sedin
299 515 412 571 Cicerone,
422 516 519 575 Virgilio,
530 529 551 565 et
561 513 654 566 historiis
664 517 819 576 cognoscendis
828 529 881 565 erat.

71 592 83 640 5
100 590 149 637 Hoc
160 589 219 637 enirn
230 589 258 636 ad
269 609 339 636 unurn
350 590 410 636 omni
422 588 569 645 delectatione,
582 590 661 644 studio,
670 590 757 647 ingenio
765 588 881 637 ferebatur.

99 663 134 710 lus
149 672 222 709 autem
235 660 297 708 civile
310 673 401 709 tractare
414 662 446 709 uti
460 680 506 709 rem
519 662 642 720 insipidam,
656 680 761 721 asperam,
775 662 882 709 tediosam

96 733 225 782 abhorrebat
240 752 335 792 prorsus.
347 731 425 792 Neque
436 753 487 782 vero
498 734 550 783 haec
560 735 588 783 ad
599 735 670 784 studia
680 731 816 793 eloquentiae
826 735 881 783 inei-

50 837 52 839 ·
76 816 77 819 ’
96 807 181 854 tabatur
196 825 273 864 pamm
284 806 431 855 exhortatione
440 803 567 861 amicorum,
579 808 616 865 qui
625 821 646 855 et
656 808 745 866 scriptas
750 808 781 855 vab
789 829 816 855 eo
823 809 881 866 epis-

96 878 149 926 tolas
170 891 191 926 et
211 899 266 936 quae
281 879 357 926 dietim
372 878 451 927 laceret
466 891 487 927 et
503 891 572 927 metro
587 892 608 928 et
623 899 686 937 prosa
701 881 781 938 ingenii
796 881 881 937 experi-

59 954 84 1001 10
99 964 170 999 menta
181 952 285 1007 viderent,
294 952 355 1010 quod
365 972 389 999 ea
400 951 511 1001 laudarent
519 973 604 1001 summe
612 973 717 1012 spemque
725 953 766 1002 sibi
774 953 881 1011 amplissi-

97 1045 155 1073 mam
162 1024 263 1080 lacerent,
274 1025 381 1080 futurum,
391 1027 409 1073 si
419 1039 570 1084 perseveraret,
581 1027 641 1086 quod
650 1027 673 1075 in
683 1027 776 1095 dicendo
785 1039 806 1074 et
816 1046 881 1084 supe-

18 1096 20 1102 *
48 1126 51 1130 ·
97 1111 152 1146 raret
167 1099 200 1146 sui
217 1100 321 1155 temporis
339 1119 414 1146 omnes
432 1112 453 1146 et
470 1099 578 1147 veteribus
597 1120 619 1147 se
636 1097 881 1157 indubie⁵adaequaret

97 1169 212 1220 Crescebat
227 1170 317 1230 quidem
327 1171 349 1220 in
361 1170 406 1220 dies
417 1169 511 1221 laudatio
522 1185 543 1221 et
553 1169 610 1221 lama
621 1172 674 1222 eius.
685 1171 741 1222 Patri
752 1185 831 1228 autem,
842 1172 880 1232 qui

97 1244 148 1291 haec
163 1244 234 1292 studia
247 1264 291 1292 non
305 1247 475 1303 gustaretquae
488 1246 572 1293 audiret
585 1246 612 1293 de
626 1246 671 1293 filio
684 1259 706 1293 et
718 1245 857 1294 laudarentur
869 1266 881 1293 a

59 1317 83 1365 15
99 1317 193 1371 caeteris,
208 1336 232 1364 ea
245 1336 311 1376 quam
325 1317 417 1364 maxime
430 1317 580 1375 displicebant.
596 1318 671 1376 lpsum
684 1319 742 1367 enim
755 1331 780 1367 ut
793 1317 881 1366 Cicero-

49 1416 51 1419 ·
96 1410 153 1443 nem,
169 1402 193 1437 ut
208 1389 329 1448 Virgilium,
343 1403 367 1438 ut
379 1391 493 1448 scriptores
506 1390 651 1445 historiarum,
663 1404 688 1439 ut
700 1404 773 1449 poetas
786 1391 881 1449 denique

96 1481 179 1517 omnes,
194 1463 254 1521 quod
268 1476 346 1519 essent,
361 1476 386 1512 ut
400 1463 486 1512 dicebat
500 1463 554 1522 ipse,
568 1463 661 1513 fabulosi
675 1484 700 1513 ac
714 1483 737 1513 re
751 1464 810 1513 nulla
820 1464 880 1519 boni,

96 1537 186 1585 omnino
197 1550 317 1596 seponeret,
330 1538 371 1586 iuri
382 1550 456 1586 autem
467 1537 524 1586 civili
536 1538 638 1593 studeret,
651 1538 711 1597 quod
722 1537 881 1597 amplissimum

97 1609 147 1655 inde
158 1622 180 1656 et
191 1609 296 1656 honorem
307 1623 329 1656 et
340 1609 436 1657 lnrctum
447 1610 575 1663 haberet,'et
586 1610 712 1658 hortabatur
723 1624 744 1657 et
755 1630 881 1657 commone·

57 1681 84 1729 20
99 1680 135 1728 bat
146 1700 216 1738 saepe.
227 1680 272 1729 Sed
279 1701 330 1729 curn
339 1699 412 1738 preces
421 1681 515 1729 valerent
525 1681 579 1729 nihil
585 1681 633 1738 (suo
642 1683 720 1730 enime
730 1700 795 1730 cursu
805 1694 882 1730 natura

97 1775 140 1801 non
156 1753 217 1802 lacile
227 1754 359 1812 dimovetur)
369 1754 490 1802 Bononiam
501 1755 609 1803 multavira
618 1776 734 1804 succensus
744 1756 810 1804 venit.
820 1754 881 1803 Tum

96 1826 166 1874 filium
178 1838 227 1876 ante
240 1828 312 1875 omnia
324 1828 407 1885 magnis
419 1828 556 1876 contumeliis
568 1841 642 1876 onerat
654 1828 763 1887 simulque
775 1840 796 1876 et
807 1829 881 1886 ignem

27 1901 28 1904 ¹
96 1900 185 1946 accendi
198 1912 219 1946 et
231 1893 340 1958 quotquot
351 1900 408 1948 filius
421 1913 442 1947 et
455 1900 565 1948 Ciceronis
578 1914 599 1949 et
611 1914 724 1959 poetarum
736 1902 802 1949 libros
815 1901 882 1947 habe·

96 1984 135 2026 ret,
150 1984 175 2021 ut
191 1972 236 2030 igni
251 1971 389 2021 combureret
406 1994 488 2028 omnes,
505 1973 578 2022 subito
588 1974 702 2033 vapportari
718 1973 786 2023 iubet.
802 1971 882 2032 Neque

56 2043 83 2092 25
98 2064 149 2094 vero
163 2045 225 2095 vultu
237 2047 309 2096 minus
321 2068 387 2106 quarn
398 2048 471 2096 animo
482 2047 581 2098 turbatus
593 2069 618 2098 ac
630 2049 702 2098 minax
714 2061 765 2098 erat.
777 2047 831 2097 Earn
842 2068 881 2097 vo-

96 2138 144 2166 cem
158 2139 225 2177 quam
239 2120 308 2167 libens
320 2120 446 2169 Franciscus
457 2122 548 2177 audiret,
560 2142 626 2180 quam
636 2122 711 2170 volens
722 2122 826 2176 obediret,
838 2141 882 2179 qua
956 2145 957 2148 ¹

96 2211 162 2239 manu
177 2212 232 2249 quos
246 2205 327 2240 amaret
345 2205 411 2251 atque
429 2194 451 2241 in
470 2193 744 2250 deliciishaberet'libros
763 2193 880 2247 exhiberet,

96 2264 175 2324 quibus
191 2264 258 2314 oculis
274 2264 324 2314 hinc
340 2258 413 2321 libros,
429 2266 480 2315 inde
495 2266 604 2328 flammam
619 2267 730 2327 aspiceret,
745 2266 800 2327 quid
814 2266 881 2315 animi

96 2338 191 2393 haberet,
208 2339 262 2397 quid
278 2352 351 2388 mente
367 2341 492 2395 revolveret,
509 2343 587 2407 tacitus
603 2342 726 2389 consideret
736 2361 810 2389 secum
821 2341 881 2398 quis-

50 2407 83 2455 '30
98 2431 148 2469 que.
168 2411 256 2470 Quippe
276 2411 370 2460 hincne
386 2427 470 2471 pareret
487 2415 542 2473 patri
559 2413 768 2468 stimulabat'dolon
785 2412 837 2461 inde
853 2434 881 2460 ne

95 2486 270 2543 tergiversaretur
285 2498 306 2534 et
321 2487 389 2544 pietas
405 2500 427 2535 et
442 2488 560 2536 reverentia
575 2487 685 2536 suadebat.
702 2486 804 2546 Denique
818 2485 880 2535 lacri-

96 2577 157 2605 mans
176 2570 259 2616 patrem
277 2558 421 2616 amplectitur,
440 2559 561 2626 obstringit,
581 2560 724 2615 exosculatur,
743 2559 881 2619 eundemque

96 2631 188 2689 supplex
203 2651 228 2679 ac
244 2632 371 2689 provolutus
387 2633 415 2680 ad
431 2634 618 2691 genua'precibus
635 2634 781 2691 multiplicatis
797 2653 823 2682 ac
838 2635 880 2692 piis
923 2687 925 2690 ,

96 2715 175 2758 exorat,
188 2702 314 2758 obtestatur,
327 2704 412 2753 adiurat
424 2725 451 2753 ne
463 2706 562 2754 innoxios
575 2706 684 2765 perditum
696 2718 730 2755 eat
742 2705 815 2755 libros.
828 2705 880 2755 Stu-

56 2771 82 2820 35
99 2775 160 2824 diurn
175 2795 225 2825 vero
240 2777 353 2835 pollicetur
367 2778 469 2838 deinceps
484 2800 528 2827 non
543 2779 651 2836 Ciceroni,
666 2801 710 2828 non
724 2779 821 2838 Virgilio,
837 2801 881 2828 non

96 2847 210 2902 historicis,
225 2870 269 2896 non
287 2851 364 2908 poetis,
382 2852 428 2905 sed,
447 2864 588 2910 posteaquam
606 2854 635 2899 ita
653 2853 757 2907 consulat,
775 2854 805 2900 ita
822 2852 881 2906 velit,

95 2919 124 2966 ita
138 2921 211 2969 iubeat
226 2933 293 2978 pater,
308 2921 392 2979 legibus
407 2942 430 2970 se
445 2923 555 2973 daturum.
573 2924 597 2973 ln
612 2945 660 2973 earn
675 2944 721 2973 rein
735 2925 785 2973 data
799 2924 842 2973 lide
857 2936 881 2973 ut
