2093 3253
243 158 374 204 scaurorum
388 154 514 204 utu'smru'u
526 181 540 189 -
554 161 612 202 'irem
626 171 662 202 xri.
830 158 870 203 339

84 287 209 336 vetuissent.
225 284 304 333 Subito
314 285 373 333 enim
382 298 403 334 et
414 284 504 333 Clodius
515 285 601 351 plebem
611 285 695 333 vocavit
704 285 733 332 ad
743 283 870 333 concionem

84 376 111 417 et,
127 360 165 420 qui
180 358 279 408 consules
294 355 361 414 erant,
377 355 485 408 Galiinius
509 373 530 409 et
550 352 604 409 ³Pis0
628 354 713 408 curiam
738 357 869 407 obsederunt

84 433 189 481 militibus
205 432 293 497 armatis
309 444 375 489 atque
393 431 513 479 minitando
530 432 650 480 iniecerunt
668 431 767 489 patribus
783 430 870 478 tantum

83 504 169 555 terroris
184 515 209 552 ut
223 502 294 551 missis
308 503 364 561 togis
378 502 445 562 aliqui
455 503 483 552 de
492 523 515 552 se
525 516 645 568 metuentes
655 502 783 561 effugerent,
793 521 869 551 omnes

57 582 69 628 5
85 591 158 626 autem
172 575 201 624 ad
215 595 281 633 quem
296 588 412 633 posuerant
429 577 532 623 vestitum
548 577 616 624 coacti
634 576 706 624 edicto
723 575 830 623 consulari
848 587 871 621 et

82 650 148 713 'minis
162 646 264 697 redirent.
279 647 386 696 Ordinem
405 664 455 696 vero
473 661 597 707 equestrem
614 668 639 696 ac
658 648 769 696 bonorum
788 646 869 696 civium

80 713 246 772 vmultitudinem
260 742 349 770 omnem
364 742 376 769 e
392 720 500 779 Capitolio
515 722 544 770 ad
559 742 582 770 se
597 722 722 770 venientem
738 741 789 770 cum
805 726 870 778 prece

83 810 131 846 tum
146 795 221 844 habitu
230 794 351 853 supplicem
361 794 441 853 sprevit
451 793 558 843 Gabinius
568 794 700 852 turpissimis
710 794 781 859 verbis
791 792 869 842 edixit·

84 890 126 929 que
141 868 283 927 repetiturum
298 888 321 915 se
335 887 415 926 poenas
439 875 465 915 ac
489 868 662 927 proscripturum
688 867 788 926 quisquis
813 880 869 915 esset

45 946 70 993 10
85 942 122 1001 qui
138 940 238 990 Ciceroni
250 939 338 989 faveret.
350 941 398 989 Nec
410 940 498 988 meliora
509 940 580 989 verbis
591 940 669 988 adiecit
680 939 743 988 lacta.
756 940 871 998 Quosdam

83 1015 141 1066 enim
155 1034 180 1063 ac
195 1013 324 1062 nominatim
340 1014 366 1063 L.
383 1013 488 1069 Lamiam.
505 1013 600 1072 equestri
617 1033 643 1061 ex
660 1013 736 1062 ordine
752 1012 867 1072 prestantis

83 1089 192 1146 dignitatis
207 1087 285 1140 virum,
300 1087 361 1145 quod
374 1105 414 1145 pro
429 1087 534 1135 Cicerone
548 1086 636 1135 liberius
657 1086 804 1145 loquerentur,
818 1098 869 1144 post

71 1191 73 1193 ·
83 1161 161 1209 multas
176 1159 317 1207 contumelias
326 1159 398 1216 egredi
407 1159 462 1207 urbe
470 1160 548 1216 coegit.
558 1159 667 1215 Relegavit
677 1160 742 1224 etiam
751 1158 867 1221 nonnullos
936 1186 938 1190 v

82 1246 147 1291 atque
161 1231 272 1296 universos
287 1231 316 1281 ita
331 1230 435 1281 deterruit
449 1244 474 1281 ut
488 1231 524 1281 vix
538 1245 593 1281 esset
608 1231 646 1290 qui
658 1231 769 1280 nominare
780 1229 867 1281 Cicero·

44 1307 68 1355 15
84 1326 134 1354 nem
148 1305 243 1354 auderet.
261 1304 323 1353 lllam
339 1324 391 1354 vero
409 1305 553 1353 mutationem
569 1305 674 1358 vestium
688 1324 732 1363 que
749 1305 869 1353 reverentia
894 1319 895 1323 ’

82 1398 132 1426 cum
146 1389 232 1425 senatus
247 1389 295 1424 tum
310 1377 415 1435 equestris
437 1377 519 1425 ordinis
541 1397 566 1425 ac
588 1376 669 1425 civium
691 1377 800 1426 bonorum
816 1388 866 1424 'erat
922 1417 924 1419 ,

82 1449 180 1498 facienda
190 1449 268 1508 magni,
279 1449 374 1498 ludibrio
384 1449 470 1508 penitus
481 1449 556 1498 habuit
566 1463 587 1498 et
598 1440 660 1508 quasi
670 1468 717 1497 rem
726 1471 804 1498 vanam
813 1471 866 1508 pue-

83 1521 188 1580 rilemque
202 1522 348 1588 contempsit.

124 1592 224 1639 Ciceroni
239 1605 312 1639 autem
327 1612 351 1639 ea
369 1605 456 1639 senatus
474 1593 624 1650 equestrisque
643 1592 726 1651 ordinis
742 1613 768 1639 ac
786 1592 867 1640 civium

42 1663 69 1710 20
83 1663 192 1712 bonorum
206 1663 304 1712 voluntas
320 1676 417 1721 pergrata
424 1676 490 1721 atque
497 1663 533 1715 illa
540 1665 563 1711 in
570 1663 697 1712 calamitatis
705 1662 791 1712 flamma
799 1664 867 1711 malo·
920 1713 921 1716 ,

82 1753 130 1785 rum
144 1736 173 1785 ad
187 1734 321 1795 reingerium
331 1735 424 1785 iocunda
433 1734 482 1785 luit.
492 1735 608 1785 Enimvero
618 1735 667 1790 sibi,
678 1743 812 1795 quamquam
821 1736 866 1785 suis

80 1808 107 1856 ab
122 1809 222 1863 inimicis,
238 1809 276 1868 qui
291 1809 393 1867 flagiciosi
405 1829 430 1856 ac
442 1809 521 1867 perditi
533 1821 605 1858 essent
617 1809 681 1863 cives,
694 1822 716 1857 et
728 1810 833 1868 impedita
844 1823 867 1858 et

81 1893 205 1939 contempta
219 1893 282 1934 esset,
300 1882 380 1928 iudicio
396 1893 469 1929 tamen
486 1901 532 1935 suo,
550 1901 590 1929 nec
607 1882 679 1928 minus
695 1881 773 1936 alieno,
790 1899 873 1944 eorum

81 1954 194 2016 presertim
208 1953 246 2011 qui
261 1953 318 2002 cives
328 1973 402 2011 graves
412 1967 433 2002 et
443 1953 496 2002 boni
506 1968 584 2009 essent,
595 1974 661 2012 quam
671 1974 718 2008 suo,
728 1954 799 2004 attulit
809 1954 866 2003 mul-

40 2024 66 2072 25
81 2038 165 2075 tumet
180 2026 267 2074 honoris
282 2039 303 2074 et
318 2026 394 2081 laudis,
410 2039 459 2075 tum
469 2027 529 2085 quod
546 2027 651 2086 equestris
669 2027 751 2075 ordinis
769 2040 867 2076 senatus-

81 2093 124 2155 que
145 2119 170 2146 ac
189 2098 270 2146 civium
288 2098 396 2146 bonorum
415 2099 514 2147 omnium
533 2118 582 2157 erga
600 2118 624 2146 se
642 2100 750 2157 optimum
768 2099 867 2147 animum

81 2170 254 2230 singularemque
269 2171 437 2220 benivolentiam
451 2185 472 2219 et
485 2191 582 2220 amorem
595 2171 729 2229 experiretur
741 2172 867 2221 testimonio

81 2243 122 2291 isto
136 2264 161 2292 ac
177 2243 291 2292 manifesto
309 2244 398 2299 videret,
417 2257 465 2292 tum
483 2245 544 2304 quod
562 2243 622 2294 nullo
641 2244 748 2293 maiorum
767 2244 867 2303 exemplo

81 2329 130 2372 post
144 2318 222 2365 urbem
235 2318 345 2365 conditam
358 2317 427 2365 simile
440 2317 522 2377 lactum
534 2318 625 2372 audiret,
639 2330 791 2376 constaretque
804 2338 866 2365 sena-

40 2386 68 2434 30
82 2401 130 2437 tum
144 2404 227 2438 vestem
241 2391 323 2447 privata
337 2391 360 2438 in
375 2390 494 2438 calamitate
518 2410 637 2448 nunquam,
659 2392 681 2439 in
705 2391 792 2449 publica
815 2393 875 2439 vero'r

81 2480 167 2517 perraro
183 2475 284 2511 mutasse.

66 2589 68 2592 Α
122 2536 170 2584 Nec
184 2536 259 2585 consul
273 2537 333 2591 alter,
350 2537 376 2585 L.
388 2537 444 2590 Piso,
456 2535 498 2585 luit
509 2537 605 2586 Gabinio
617 2538 696 2601 mitior.
709 2537 809 2586 Ciceroni
820 2550 865 2585 erat

79 2605 119 2657 iste
132 2608 236 2659 affinitate
251 2608 363 2659 devinctus
377 2622 399 2659 et
412 2609 492 2658 amoris
506 2610 529 2659 in
543 2631 594 2660 eum
607 2609 668 2669 signa
682 2609 789 2670 quaedam
803 2609 866 2659 initio

80 2680 204 2729 consulatus
219 2681 349 2741 ostenderat.
364 2682 440 2739 Ipsum
452 2682 511 2729 enim
524 2681 612 2730 honoris
625 2701 689 2730 causa
701 2682 751 2730 Piso
763 2695 785 2730 et
798 2683 866 2729 comi-

39 2746 65 2795 35
81 2750 119 2798 ciis
134 2753 230 2810 primum
244 2753 403 2811 praerogativae
424 2753 538 2801 custodem
559 2751 661 2812 praefecit
682 2766 704 2801 et
725 2766 801 2802 senatu
822 2751 866 2800 lre-

39 2852 181 2867 ’κ--η

77 2928 109 2973 20.
127 2930 224 2977 malorum
238 2930 263 2974 ad
277 2937 290 2975 ι’.
306 2949 328 2981 r.;
343 2951 366 2976 ex
381 2930 465 2974 iocunda
479 2930 548 2986 f(uit?)
563 2936 630 2975 statim
645 2950 694 2975 corr.
