2093 3253
140 169 177 217 1¹32
440 186 534 222 srcconrs
545 187 660 219 rotenrour
670 222 672 226 ,

179 321 302 365 parceretur
319 308 418 356 Ciceroni
436 321 457 356 et
474 308 563 367 Virgilio
580 310 671 368 placavit
688 323 778 368 patrem.
795 312 868 370 Atque
884 312 962 363 deinde

158 432 161 436 ff
179 380 253 440 quoad
261 380 314 430 vixit
322 393 383 439 pater
391 380 433 430 iuri
441 380 498 430 civili
504 381 628 441 diligentius
637 382 727 432 studuit.
737 382 781 432 Sed
789 383 849 433 brevi
855 398 916 443 pater
920 387 963 437 vita

169 453 171 455 ¹
181 452 295 513 defunctus
305 467 344 503 est.
357 455 432 512 Ipsum
442 455 500 502 enirn
509 456 629 504 secundum
639 476 663 503 ac
672 457 801 513 vigesimum
809 476 891 505 annum
901 471 963 507 natus

180 526 259 575 amisit.
274 526 334 574 Tum
348 525 437 585 quidem
451 547 492 586 nec
506 546 572 581 mora,
586 541 611 576 ut
625 529 676 575 iuris
690 542 722 576 est
736 529 769 576 sui
783 528 860 583 factus,
874 542 895 577 et
909 551 964 588 quae

154 598 167 646 5
184 599 257 646 oderat
272 599 344 657 legum
359 598 430 646 studia
442 600 515 657 posuit
527 613 548 648 et
561 620 616 658 quos
628 601 714 649 amabat
726 614 799 658 poetas
812 614 877 660 atque
890 602 964 661 impri.

182 672 223 719 mis
238 670 353 729 Virgilium
368 684 389 719 et
403 670 531 719 Ciceronem
545 675 644 730 sumpsit.
704 673 706 675 ’

223 743 321 792 Bononia
337 745 402 803 igitur
417 743 526 802 profectus
542 744 673 793 Avinionem
684 746 747 794 rediit
757 767 797 794 nec
808 746 894 795 difficile
904 749 965 798 audi*

182 830 228 864 tam
244 818 289 865 eius
306 817 335 865 ob
351 819 454 866 virtutem
470 838 495 865 ac
510 838 574 876 saepe
585 818 679 867 redditas
690 818 769 867 multos
780 819 808 867 ad
818 820 898 868 amicos
910 822 965 879 epis·

181 890 235 937 tolas
251 889 281 937 ibi
298 908 427 948 magnorum
442 890 470 938 ad
486 890 600 938 hominum·
618 891 764 949 cognitionem
778 890 966 953 familiaritemque

144 963 169 1011 l0
184 964 288 1020 pervenit.
299 963 442 1012 Audientium
454 964 543 1022 quidem
553 965 637 1012 animos
648 965 750 1012 incitabat
761 964 818 1013 fama
829 966 875 1013 eius
886 979 911 1013 ut
922 987 965 1025 quo

182 1036 250 1084 maior
259 1049 315 1084 esset
324 1037 346 1084 in
356 1035 415 1084 curia
424 1037 525 1095 quisque,
535 1057 560 1084 eo
570 1038 637 1096 magis
646 1036 755 1085 affectaret
764 1038 836 1086 virum
845 1038 903 1087 hunc
912 1042 965 1089 ami·

182 1129 232 1157 cum
248 1122 387 1169 amatumque
403 1108 489 1158 habere.
504 1109 611 1169 Singulari
622 1124 694 1158 autem
705 1110 849 1159 benivolentia
860 1130 921 1161 carus
934 1112 966 1162 Ia·

183 1183 239 1230 eobo
250 1196 271 1231 et
285 1183 375 1232 Iohanni
386 1181 435 1231 fuit.
448 1183 532 1231 Fratres
543 1184 578 1231 isti
590 1183 687 1232 Romana
695 1205 707 1232 e
715 1184 826 1233 nobilitate
832 1198 899 1244 atque
906 1185 966 1235 illus·

183 1256 210 1302 tri
221 1276 233 1302 e
242 1254 323 1303 familia
333 1255 515 1304 Columnensium
525 1256 636 1304 reverandi
647 1256 734 1313 praelati
744 1257 767 1304 in
780 1258 839 1304 curia
854 1257 968 1307 versaban·

146 1330 170 1379 15
185 1342 221 1378 tur
236 1341 257 1377 et
271 1329 330 1389 apud
347 1328 472 1388 pontificem
490 1330 608 1378 maximum
625 1350 675 1378 cum
692 1328 804 1379 nobilitate
821 1331 904 1389 generis
921 1344 968 1382 tum
1025 1327 1043 1369 ἓ

184 1403 289 1461 dignitate
300 1404 437 1460 praelaturae
444 1424 469 1452 ac
480 1421 552 1452 rerum
564 1405 643 1451 noticia
655 1405 726 1461 magni
738 1417 805 1452 erant.
819 1405 910 1453 lacobus
920 1408 968 1464 qui·

185 1477 371 1534 dem'episcopus,
381 1475 495 1524 ‘Iohannes
511 1495 562 1524 vero
578 1476 691 1524 cardinalis
706 1489 758 1526 erat.
773 1477 840 1535 Apud
855 1478 894 1526 hos
910 1491 969 1527 tanta

185 1565 217 1600 est
232 1552 334 1609 precipue
350 1550 454 1604 amicicia,
471 1562 531 1597 tanta
548 1551 621 1606 gratia,
638 1562 697 1597 tanta
713 1548 856 1598 familiaritate
872 1564 968 1600 versatus
1026 1539 1047 1619 ¹

185 1637 209 1673 ut
224 1642 299 1672 eorum
313 1641 381 1682 prope
394 1620 459 1670 frater
473 1642 519 1670 esse
532 1622 608 1670 tertius
619 1621 735 1671 videretur.
748 1622 850 1671 Iacobum
863 1636 936 1672 autem
946 1625 968 1672 in

137 1698 173 1745 20
188 1696 334 1745 Guasconiam
352 1695 523 1754 proficiscentem
540 1708 627 1743 secutus
644 1708 746 1752 aestatem
763 1714 831 1753 prope
849 1696 968 1750 caelestem,
1027 1699 1047 1759 ἵ

186 1783 210 1817 ut
224 1767 289 1816 refert
302 1769 355 1827 ipse,
370 1767 472 1825 Pyrineos
485 1767 513 1813 ad
527 1779 612 1813 montes
626 1766 693 1814 multa
708 1779 729 1814 et
745 1767 815 1815 lacobi
830 1780 851 1815 et
865 1768 969 1817 comitum

186 1843 285 1891 omnium
299 1840 431 1890 iocunditate
446 1841 555 1898 transegit.
1028 1837 1041 1846 ’

193 1957 195 1959 .
229 1916 334 1973 Regresso
349 1928 422 1964 autem
438 1914 478 1962 sibi
494 1915 580 1962 animus
597 1916 709 1972 persuasit,
726 1928 750 1962 ut
766 1916 828 1972 plura
843 1916 933 1969 videret,
950 1929 971 1962 et

188 1989 282 2037 Calliam
292 2007 380 2036 omnem
391 1986 556 2044 Transalpinam
566 1999 588 2034 et
598 1986 739 2035 Germaniam
749 2006 868 2045 peragrare.
879 1988 970 2045 Pergens
1034 1983 1045 2042 J}

146 2064 174 2112 25
190 2063 263 2121 itaque
277 2062 308 2110 ire
322 2060 453 2114 Annoniam
470 2059 615 2115 Brabantiam
632 2059 762 2116 Flandriam,
779 2060 926 2116 Germaniam,
943 2073 970 2115 et,

189 2135 249 2194 quod
259 2135 331 2192 ipsum
342 2152 480 2190 summopere
488 2132 608 2187 delectavit,
617 2133 710 2181 Parisius
718 2134 780 2182 vidit.
789 2132 867 2192 Neque
875 2152 912 2181 ver

188 2207 296 2265 principes
311 2220 371 2254 erant
386 2204 479 2262 benigne
494 2205 566 2262 ipsum
581 2207 679 2263 excipere
693 2207 800 2264 aspernati
815 2218 873 2254 sunt.
889 2204 972 2263 Expec-

188 2280 292 2329 tationem
307 2279 412 2328 adventus
428 2278 474 2326 eius
491 2294 590 2335 magnam
604 2277 686 2336 ubique
698 2278 755 2327 fama
766 2279 897 2337 praenuncia
908 2276 972 2325 facie·
1031 2283 1047 2344 ,

189 2355 232 2403 bat.
244 2353 343 2402 Honores
355 2352 443 2412 quidem
453 2352 513 2410 apud
522 2372 604 2408 omneS,
615 2351 737 2410 largitiones
748 2352 812 2400 etiam
822 2351 881 2411 apud
894 2350 973 2400 multos

146 2429 176 2475 30
190 2428 261 2484 ample
273 2448 298 2475 ac
311 2426 426 2474 liberaliter
437 2425 521 2473 babuit.
534 2426 620 2473 Deinde
633 2425 847 2473 Romamvvetust'atis
857 2426 917 2473 urbis
928 2425 973 2471 eius

191 2500 369 2560 contemplandae
379 2518 442 2546 causa
452 2497 562 2557 profectus
572 2510 611 2547 est.
622 2498 751 2546 Venientem
760 2499 833 2557 ipsum
843 2496 974 2557 Stephanus,
1032 2506 1047 2560 f

191 2574 228 2633 qui
244 2595 257 2622 e
272 2572 457 2622 Columnensibus
473 2574 540 2620 maior
556 2586 608 2627 erat,
619 2573 687 2620 amice
697 2571 873 2630 familiariterque
884 2570 975 2629 excepit.

193 2647 312 2695 Inde‘vero
327 2646 458 2695 avinionem
473 2664 581 2703 regressus
597 2665 650 2699 sese,
666 2658 690 2693 ut
705 2664 793 2702 operam
807 2645 896 2693 tandem
911 2643 975 2692 rebus
1032 2651 1037 2668 ⁵

191 2719 310 2787 scribendis
325 2720 385 2768 daret
401 2731 422 2766 et
438 2719 525 2767 liberius
542 2718 589 2767 ocio
604 2717 718 2774 frueretur,
735 2718 800 2767 vitam
816 2717 844 2766 ad
859 2716 976 2766 solitariam

153 2813 290 2822 .—..—-—a-

206 2857 234 2894 21,
247 2856 328 2894 Petrarch.
341 2857 391 2899 Epist,
404 2854 424 2891 ud
436 2857 511 2893 Posteros.

204 2979 237 3023 Zl.
251 2976 282 3024 Ex
297 2976 388 3022 Pireneos
402 2994 451 3020 corr.
466 2976 532 3029 (etiarn
547 2981 566 3020 irr
581 2976 658 3028 indice)⁴
