2093 3253
471 230 563 262 srccorus
577 230 693 262 aomurour
741 211 743 214 ⁴

212 345 273 403 quasi
288 357 343 392 esset
356 345 466 400 innocens,
480 345 548 394 multa
560 347 582 394 in
594 367 631 395 eos
643 346 681 405 qui
694 346 721 395 de
733 368 755 395 se
773 346 828 395 male
840 347 996 406 suspicarentur
1026 405 1027 408 Ἴ

212 438 236 466 ac
251 415 305 466 {also
319 417 392 475 ipsum
406 430 531 466 accusarent
549 418 602 466 dixit
619 419 792 478 persuadereque
810 418 879 467 multo
900 410 998 472 sermone

213 504 302 539 conatus
313 496 382 538 estne
393 509 448 547 quae
459 490 542 537 inimici
552 491 599 537 eius
609 509 648 548 per
658 491 763 540 invidiam
774 491 876 545 dicerent,
888 511 912 539 ea
923 490 997 543 Cicero

212 563 265 621 ipse,
281 563 319 622 qui
335 575 390 610 esset
401 562 434 626 vir
445 562 617 620 sapientissimus
629 576 650 611 et
661 563 738 622 populi
750 564 842 612 Romani
854 564 938 618 consul,
949 585 997 617 vera

186 637 199 684 5
215 655 261 685 esse
276 647 368 694 putaret.
383 635 434 683 Erat
449 635 539 693 quidem
554 635 646 685 Catilina
661 649 682 684 et
696 637 741 684 veri
756 649 777 684 et
791 635 839 684 falsi
855 636 997 688 dissimulator

214 709 318 766 egregius.
328 707 439 757 Postremo
448 720 521 756 autem
529 708 558 755 ad
566 708 702 756 innocentiae
710 708 861 757 testimonium
869 708 998 769 petiitquod

213 803 235 829 se
250 782 273 830 in
288 782 354 830 domo
365 780 466 829 retineret
476 780 559 835 consul,
571 795 595 829 ut
606 802 662 840 quae
672 782 760 838 diceret,
772 802 827 841 quae
837 781 917 832 faceret
928 783 997 834 omnia

213 868 264 903 nota
271 854 312 903 sibi
321 866 342 902 et
350 853 462 902 manifesta
470 867 548 902 essent.
557 854 633 903 Cicero
640 867 714 902 autem
721 856 795 912 paucis
802 849 998 905 commonefactum

213 927 296 975 dimisit
306 927 379 984 ipsum
389 945 429 974 nec
439 926 462 974 in
472 926 538 974 domo
548 939 573 974 ut
583 927 670 984 petebat
680 926 835 974 asservandum
845 925 907 975 illum
917 928 998 984 putavit

175 1000 201 1048 10
216 1018 269 1054 esse,
285 998 345 1058 quod
354 1018 379 1046 eo
389 1018 439 1047 cum
448 997 536 1047 homine
545 998 642 1048 habitare
650 1018 695 1063 uno
704 998 811 1047 subtecto
820 1019 865 1047 non
873 997 937 1048 vellet
946 1019 998 1057 quo-

214 1091 266 1119 cum
281 1072 337 1119 intra
349 1071 409 1118 urbis
423 1071 494 1119 menia
508 1071 567 1120 haud
578 1084 652 1119 tutum
665 1079 688 1119 se
700 1070 790 1119 videret.

257 1143 381 1201 Quievisset
396 1156 469 1191 tamen
485 1143 562 1192 Cicero
577 1143 647 1191 libens
663 1162 753 1201 remque
768 1142 854 1191 silentio
870 1144 998 1201 preterisset,

216 1217 234 1264 si
250 1217 316 1264 modo
327 1228 364 1264 aut
376 1216 459 1275 pudore
470 1228 508 1264 aut
518 1216 596 1264 timore
604 1215 640 1263 ille
648 1220 760 1274 permotus
769 1236 824 1275 quae
833 1217 941 1274 inceperat
949 1236 1000 1265 con·

218 1289 330 1338 iurationis
344 1288 414 1335 studia
432 1288 547 1345 posuisset.
566 1287 628 1335 Nibil
646 1288 705 1336 enim
723 1288 815 1348 amplius
834 1289 1000 1347 quambonum

177 1362 201 1412 l5
213 1362 248 1410 'rei
263 1362 362 1421 publicae
373 1373 453 1410 statum
464 1361 604 1420 quietamque
615 1361 706 1411 civitatis
718 1374 739 1409 et
750 1381 826 1420 pacem
837 1361 918 1409 civium
928 1362 1000 1419 cupie*

216 1435 253 1483 bat
268 1435 352 1483 Cicero.
369 1434 414 1482 Sed
429 1433 464 1481 ille
480 1454 523 1492 qua
539 1446 583 1481 erat
599 1454 701 1482 accensus
718 1433 845 1481 dominandi
861 1433 1000 1491 cupiditatem

216 1520 237 1555 et
251 1507 318 1556 animi
330 1506 412 1554 rabiem
423 1506 513 1555 minime
524 1506 603 1564 posuit,
616 1506 676 1565 quod
687 1527 731 1554 non
744 1506 816 1555 minus
827 1507 925 1566 pertinax
936 1527 1000 1566 quam

217 1580 287 1628 audax
302 1579 434 1628 destinatum
448 1580 476 1627 ad
490 1579 573 1627 facinus
588 1589 644 1628 esset
659 1599 698 1627 nec
714 1580 830 1637 pensitaret
844 1580 969 1637 quicquam,
983 1580 1000 1626 si

216 1653 310 1711 arripere
326 1652 391 1701 modo
407 1672 473 1710 quem
488 1651 597 1701 affectaret
612 1651 749 1700 dominatum
764 1665 843 1712 posset.
864 1651 1001 1700 Perseverans

175 1726 204 1774 20
219 1725 284 1784 igitur
304 1724 424 1779 Praeneste,
445 1723 505 1782 quod
527 1723 634 1782 Appuliae
656 1738 704 1772 tum
727 1723 800 1773 nobile
822 1723 929 1783 oppidum
952 1736 1001 1778 erat,

217 1816 323 1856 occupare
338 1796 419 1846 ¹fraude
440 1809 545 1846 nocturna
565 1808 633 1856 parat.
655 1797 699 1846 Sed
719 1796 827 1856 praesidio
847 1796 870 1845 in
890 1810 1001 1856 tempusa

220 1871 324 1921 Cicerone
334 1871 451 1930 praemisso
460 1891 499 1930 spe
508 1891 547 1920 sua
555 1870 672 1921 frustratus
680 1870 719 1919 est.

260 1943 452 2004 Ciceronemtum
465 1943 564 2004 occidere
577 1956 614 1992 aut
628 1943 718 1992 occultis
732 1942 823 1997 insidiis,
838 1943 856 1990 si
870 1943 945 2001 possit,
959 1954 1002 1996 aut,

219 2018 236 2064 si
251 2016 307 2065 clam
320 2029 419 2076 nequeat,
433 2017 454 2065 vi
466 2018 532 2065 etiam
545 2016 658 2066 manifesta
671 2017 760 2065 omnino
773 2015 892 2071 constituit,
905 2015 966 2074 quod
977 2035 1002 2065 eo

177 2091 204 2137 25
220 2091 270 2138 vivo
284 2110 398 2148 uunquam
411 2089 458 2137 eius
471 2089 560 2137 consilia
573 2089 601 2137 ad
614 2089 746 2152 desiderium
759 2101 849 2137 ventura
862 2101 939 2146 speret,
958 2088 1003 2144 ipso

218 2175 292 2212 autem
306 2161 392 2222 sublato
407 2160 481 2221 ¹videat
500 2160 553 2210 nihil
572 2161 633 2220 quod
651 2161 697 2211 eius
715 2161 811 2211 consiliis
822 2161 915 2225 'obstare
932 2172 1004 2220 queat.

262 2235 371 2285 Futurum
384 2235 443 2283 enirn
457 2235 579 2283 indubitate
593 2235 683 2293 putabat
697 2235 758 2293 quod
772 2235 791 2282 ei
806 2233 893 2288 laveret,
909 2234 951 2292 qui
961 2245 1003 2280 erat

220 2309 331 2357 Ciceronis
344 2306 432 2365 collega,
442 2306 468 2355 C.
476 2307 592 2363 Antonius,
605 2307 683 2355 caeteri
695 2326 746 2355 vero
758 2305 851 2365 perculsi
864 2318 923 2354 metu
935 2323 1004 2364 neque

220 2381 317 2430 resistere
327 2380 368 2429 sibi
379 2400 419 2428 nec
429 2381 504 2428 contra
514 2381 574 2438 loqui
584 2381 695 2428 auderent.
707 2379 816 2428 Facinoris
827 2379 892 2437 iigitur
902 2389 1004 2426 convocat

178 2455 207 2502 30
221 2452 298 2509 socios,
308 2474 375 2513 quam
384 2453 425 2501 sibi
435 2453 506 2501 obstet
516 2452 593 2501 Cicero
602 2453 671 2511 aperit
680 2452 829 2510 obsecratque,
839 2452 857 2498 si
867 2471 918 2499 eum
927 2459 1004 2501 amant,

211 2525 239 2573 'si
253 2526 372 2586 quiequam
387 2538 419 2573 est
434 2524 533 2573 beneficii
549 2524 609 2584 quod
623 2537 661 2574 aut
676 2523 746 2573 tacere
761 2524 802 2572 sibi
817 2522 855 2571 aut¹
870 2522 965 2581 recipere
979 2519 1005 2567 ab

221 2620 247 2648 eo
262 2613 347 2657 gratum
361 2611 438 2658 putent
452 2598 500 2658 ipsi,
515 2619 542 2648 ne
556 2598 614 2647 hunc
628 2619 693 2647 suum
706 2611 727 2647 et
741 2604 881 2646 communem
894 2593 1006 2652 inimicum

220 2673 329 2729 patiantur
344 2671 426 2731 diutius
439 2672 518 2725 vivere,
533 2671 594 2730 quod
607 2671 635 2718 sit
648 2690 706 2719 unus
720 2669 755 2717 ille
769 2690 809 2717 nec
823 2669 877 2718 alius
891 2668 1006 2728 quisquam

221 2745 259 2805 qui
274 2754 295 2793 et'
310 2745 356 2793 dies
369 2756 390 2792 et
403 2757 477 2792 noctes
490 2742 576 2801 evigilet
589 2764 651 2803 suam
663 2743 687 2790 in
699 2742 818 2801 perniciem
831 2755 852 2789 et
865 2757 1006 2800 quaecunque

179 2816 207 2865 35
223 2814 326 2875 parentur
338 2816 450 2874 impediat.
463 2816 499 2864 Ad
512 2836 537 2863 ea
550 2835 601 2864 cum
614 2815 754 2873 responderet
767 2831 832 2862 nemo
845 2814 884 2862 sed
897 2823 1005 2871 stupentes

220 2909 245 2940 ac
259 2890 318 2939 taciti
332 2888 368 2938 alii
379 2888 432 2937 alios
443 2889 580 2938 intuerentur
590 2909 629 2938 nec
640 2901 696 2937 esset
707 2887 745 2947 qui
763 2883 851 2947 aggredi
865 2886 951 2936 lacinus
960 2896 1006 2933 tan·

221 2976 269 3012 tum
283 2964 382 3022 auderet,
392 2963 496 3011 commoti
507 2962 596 3011 tandem
608 2961 709 3019 precibus
722 2961 805 3018 magnis
817 2973 839 3008 et
850 2961 958 3008 anxietate
969 2975 1011 3014 per
