2093 3253
266 163 534 196 sentrronumrttusrntum
546 175 561 180 -
574 162 632 213 tium
645 163 673 193 xi.
842 147 882 193 3l3
938 162 940 167 '

55 287 56 291 ’
97 280 190 337 tabatur.
205 277 305 327 Ciceroni
319 295 370 326 vero
384 297 410 325 eo
424 276 473 336 plus
487 277 609 345 dignitatis,
620 276 697 331 laudis,
712 275 791 334 gloriae
804 275 882 331 attulit,

98 351 158 413 quod
172 363 222 411 ante
236 351 309 411 ipsum
320 363 407 409 togatus
418 360 484 400 nemo
495 351 553 400 hunc
565 345 670 399 lionorem
681 362 731 410 post
742 349 820 399 urbem
831 366 883 398 con-

98 426 166 474 ditam
180 424 297 487 habuisset.
314 424 379 473 Adde
396 424 457 483 quod
473 424 639 482 imperatoribus
656 441 696 482 pro
712 435 776 471 aucto
793 423 884 480 imperio

96 511 119 550 ‚et
134 495 191 561 bello
205 494 296 546 feliciter
306 509 373 554 gesto,
384 496 484 564 Ciceroni
494 509 567 546 autem
577 514 617 554 pro
626 496 715 545 liberata
725 495 779 545 urbe
788 516 813 544 ac
823 497 884 544 resti-

71 573 84 623 5
99 584 146 621 tuta
160 582 181 619 et
195 583 320 620 conservata
334 588 357 619 re
371 568 458 629 publica
472 571 517 619 non
530 569 595 619 armis
610 569 649 619 sed
659 567 753 641 ‘consilio
767 589 808 618 suo
817 568 884 618 ‘datus

99 645 168 691 honor
182 634 217 690 liic
231 655 305 691 tantus
319 655 382 691 esset

141 714 201 777 Haec
215 714 272 763 illo
267 735 290 764 ιιι
304 727 382 772 senatu
392 727 459 774 gesta.
470 714 506 763 Ad
516 713 624 775 populum
633 733 685 764 vero
696 714 800 763 concione
810 727 885 762 vocata

70 780 177 853 Cicero
191 789 269 838 urbem
283 801 342 838 tanta
359 789 513 838 coniurationis
531 788 595 838 molle
611 809 662 838 cum
682 808 721 837 sua
737 789 816 838 virtute
837 801 885 838 tum

70 848 191 922 deorum
205 882 247 921 ope
261 859 374 911 liberatam
387 862 472 916 dicens,
489 875 514 932 ut
530 861 616 910 tuerent
633 881 731 923 quaeque
752 862 884 924 investigata,

62 939 88 986 10
102 953 236 995 comprensa,
254 933 366 993 patefacta,
385 948 451 993 gesta,
469 936 542 983 omnia
557 933 677 993 explicavit.
691 933 753 983 Τιιιιι
769 934 885 984 multitudo

71 1059 73 1062 ,
100 1009 141 1057 etsi
155 1027 188 1056 res
203 1028 269 1057 novas
284 1007 385 1056 affectare
402 1020 490 1066 patrum
508 1008 559 1056 odio
576 1008 691 1069 videretur,
710 1007 795 1056 sceleris
812 1020 886 1056 tamen

100 1074 211 1130 atrocitate
224 1093 333 1130 commota
346 1079 431 1129 consuli
445 1101 530 1129 summe
543 1079 690 1139 congratulata
703 1092 735 1128 est
748 1079 885 1163 laudavitque

101 1155 180 1235 ipsum,
192 1153 288 1235 quod
270 1174 316 1201 eius
335 1154 423 1207 virtute,
442 1152 540 1207 consilio,
560 1151 706 1210 diligentia
689 1173 736 1211 sine
754 1153 855 1207 bellos
838 1174 885 1201 sine

100 1226 173 1291 armis,
180 1226 241 1276 sinet
232 1224 313 1276 ttumul
304 1238 418 1276 utantam
424 1238 578 1276 conluratroms
585 1238 670 1284 pestem
675 1225 720 1276 ab
710 1245 750 1276 suo
757 1238 779 1275 ct
787 1226 887 1276 omnium

35 1330 36 1333 =
63 1298 122 1351 l5
103 1299 184 1350 civium
200 1298 308 1350 bonorum
332 1298 451 1349 cervicibus
472 1298 583 1372 avertisset
604 1297 825 1367 praecipitantemque
841 1318 887 1349 rem

101 1372 212 1454 publicam
220 1392 247 1421 ne
255 1384 327 1422 rueret
335 1371 475 1422 defendisset
484 1366 568 1421 Hanc
555 1391 578 1420 m
587 1373 716 1422 sententiam
724 1355 792 1435 multa
800 1372 886 1432 publice

102 1446 125 1493 in
134 1446 238 1494 concione
249 1445 306 1494 dicta
316 1445 344 1493 ab
355 1444 396 1493 illis
407 1445 521 1503 presertim
531 1463 569 1503 qur
564 1443 663 1493 bonurn
673 1444 765 1493 civitatis
775 1457 855 1494 statum
865 1458 886 1494 et

102 1538 242 1567 communem
257 1517 379 1575 libertatem
394 1530 498 1567 amarent.
509 1517 599 1567 Privatis
609 1531 683 1567 autem
695 1516 809 1584 colloquiis
820 1518 887 1567 multa

103 1592 168 1640 etiam
178 1604 229 1639 sunt
239 1589 268 1639 ad
279 1591 390 1640 Ciceronis
402 1591 488 1639 laudem
500 1591 564 1639 dicta,
787 1644 790 1649 y

62 1663 90 1710 20
146 1662 245 1723 'Fuerunt
255 1683 350 1722 quoque,
361 1662 457 1724 acfmulti
465 1674 514 1711 tum
521 1683 534 1724 e
542 1662 624 1723 populo
632 1676 680 1712 turn
688 1683 700 1711 e
707 1676 783 1725 senatu
791 1662 886 1724 luerunt,

103 1735 141 1795 qui
151 1755 176 1784 ea
186 1735 214 1784 de
224 1754 247 1784 re
257 1735 314 1786 varie
325 1735 472 1795 loquerentur.
483 1736 541 1785 Nam
551 1748 612 1798 erant
622 1737 660 1796 qui
671 1736 763 1795 maligne
778 1757 887 1796 quaecun-

103 1829 146 1868 que
160 1809 184 1857 in
198 1809 321 1859 coniuratos
337 1809 461 1859 dicerentur
475 1809 530 1871 adeo
545 1809 692 1859 inficiarentur
703 1830 729 1859 ac
739 1812 888 1871 retorquerent

103 1894 128 1928 ut
143 1901 168 1929 ea
183 1901 227 1928 non
243 1899 292 1929 vere
308 1900 347 1938 per
362 1894 473 1930 accusatos
483 1881 540 1930 iacta
550 1882 589 1940 sed
599 1880 654 1930 falso
664 1903 676 1930 a
687 1882 792 1930 Cicerone
807 1883 888 1930 confic-

103 1966 125 2002 ta
140 1971 179 2014 per
194 1953 270 2004 odium
285 1967 306 2004 et
322 1953 599 2016 calumniamviderentur.
613 1954 664 2016 Pars
679 1955 738 2005 enim
753 1956 888 2020 existimabat

63 2026 90 2075 25
106 2027 216 2086 neminem
230 2029 329 2079 omnium
339 2048 386 2077 esse
396 2048 460 2087 posse
469 2042 514 2077 tam
525 2028 653 2082 sceleratum
661 2042 684 2096 et
694 2029 787 2087 impium
797 2030 834 2088 qui
845 2043 889 2078 tam

104 2100 186 2154 acerbe,
201 2112 246 2160 tam
259 2101 358 2155 exitioso,
372 2114 417 2150 tam
430 2100 536 2159 pestifere
545 2121 607 2160 suam
620 2103 646 2150 in·
657 2097 749 2161 patriam
763 2116 787 2151 ut
801 2101 888 2162 relerret

104 2172 181 2223 Cicero
195 2173 323 2233 coniuraret‚
339 2174 449 2233 cogitaret,
463 2175 583 2232 assentiret.
598 2175 649 2224 Pars
664 2167 774 2225 invidebat
788 2174 888 2233 Ciceroni

104 2257 125 2293 et
140 2263 282 2310 quaecunque
297 2259 386 2304 possent
396 2259 418 2296 et
428 2265 477 2296 vera
488 2260 509 2296 et
519 2246 572 2296 falsa
583 2248 724 2304 minuendam
734 2267 796 2296 suam
805 2248 833 2296 ad
843 2248 889 2297 lau

105 2318 155 2366 dem
170 2330 191 2366 et
205 2318 302 2376 gloriam,
316 2320 417 2378 quamvis
430 2332 502 2387 essent
517 2319 636 2375 manifesta,
651 2320 750 2381 negabat.
764 2321 815 2370 Pars
830 2319 889 2370 Cati

63 2388 92 2454 30
106 2390 173 2439 linam
187 2403 208 2439 et
223 2404 297 2451 captos
319 2392 404 2440 amabat
427 2404 448 2440 et
470 2392 571 2451 ipsorum
589 2393 618 2441 ad
640 2386 734 2442 salutem
750 2393 808 2460 vulgi
827 2412 890 2442 aures

104 2454 228 2526 rumoribus
244 2463 311 2520 falsis
329 2486 356 2514 ne
373 2466 544 2529 damnarent-ur,¹
551 2465 662 2525 implebat
685 2464 742 2516 Nec
744 2468 837 2516 deerant
848 2469 889 2526 qui

104 2524 240 2586 tremerent
235 2558 259 2586 ιιι
273 2539 404 2587 Ciceronem
422 2558 448 2587 ac
466 2527 557 2588 verba
551 2560 575 2588 ιιι
595 2560 645 2588 eum
665 2540 769 2588 minantia
788 2553 890 2589 sererent.

106 2608 134 2658 Se
148 2622 222 2669 autem
232 2611 270 2671 qui
281 2609 383 2660 favebant
394 2611 462 2672 captis
473 2611 509 2661 alii
520 2611 573 2662 alios
584 2611 702 2662 incitabant
713 2611 891 2674 exhortabantur*
923 2615 926 2616 ⁷

105 2683 186 2743 quein
200 2683 270 2733 vicem
291 2697 356 2747 atque
378 2684 479 2749 dicebant
500 2684 638 2735 tolerandum
659 2684 828 2746 haudquaquam
844 2707 890 2735 esse

66 2807 209 2816 ἢκ...-

105 2876 124 2920 6.
138 2876 221 2931 (hono)r
229 2881 243 2920 ι’.
253 2871 276 2926 r.;
286 2883 328 2919 erat
344 2874 420 2920 honos?
477 2876 495 2919 7.
511 2884 578 2919 vocata
588 2893 611 2919 ex
621 2879 708 2918 estotim
720 2874 769 2919 corr.
824 2875 843 2920 8.
853 2874 892 2920 Pro

65 2939 122 2986 mole.
177 2941 209 2986 29.
223 2940 254 2987 Ex
268 2941 366 2994 negabant
379 2960 428 2986 corr,
470 2945 472 2947 ’
