2093 3253
247 177 380 208 scmeronun
395 178 519 210 nrusrmum
532 189 546 195 -
559 178 617 209 unm
630 178 675 208 xm.
832 164 873 208 369

85 293 125 341 sed
135 304 159 340 ut
171 290 207 339 ille
218 292 241 340 in
251 292 324 347 istum,
333 292 362 340 ita
374 292 415 340 iste
426 292 450 340 in
461 291 524 341 illum
535 293 672 341 inveheretur
684 293 761 341 acriter
773 291 874 341 maledic-

87 366 159 423 tisque
171 365 253 412 acerbis
267 383 293 412 ac
306 364 379 413 multis
392 365 528 414 contumeliis
541 366 666 426 turpissime
678 377 819 414 concertaret.
832 364 876 413 Sed

87 437 138 486 alibi
152 437 194 484 ista
208 437 236 485 de
249 456 280 485 re.
344 456 346 462 ⁸
550 429 551 432 Ἴ

131 508 247 559 Caeterum
262 522 335 558 exacta
349 522 409 569 peste
425 509 536 566 Clodiana,
549 531 591 570 qua
603 510 669 561 veluti
680 522 812 570 tempestate
823 530 876 570 qua-

62 587 75 634 5
91 584 141 631 dam
155 596 177 631 et
192 583 245 630 mari
256 582 405 631 turbatissimo
417 582 519 641 navigans
531 603 599 643 prope
611 584 723 632 demersus
735 596 787 638 erat,
800 583 877 632 Cicero

90 674 136 702 sese
150 653 239 703 tandem
254 654 276 703 in
291 667 380 712 portum
388 655 496 704 arridente
504 654 594 714 paulum
603 655 690 705 fortuna
699 655 788 714 recepit.
798 654 876 704 Crasso

90 747 176 785 nanque
185 744 209 773 re
218 726 299 775 interea
309 726 364 776 male
373 727 432 786 apud
441 727 531 777 Parthos
540 741 600 785 gesta
608 741 671 788 capto
680 749 705 777 ac
714 727 830 777 crudeliter
839 749 876 775 oc-

90 801 135 848 ciso
145 818 214 857 augur
225 800 248 847 in
259 799 333 849 locum
343 799 390 849 eius
400 813 448 849 toto
459 800 533 860 ipsum
543 814 656 860 expetente
667 820 775 861 augurum
785 800 876 860 collegio

91 873 253 932 Hortensioque
267 894 292 922 ac
306 874 411 932 Pompeio
423 875 549 923 nominante
560 875 663 924 suffectus
675 887 715 922 est.
727 874 814 922 Deinde
825 892 876 922 vero

52 949 78 996 ll]
93 957 133 994 nec
149 944 219 994 multo
229 958 280 1004 post
293 945 381 994 Ciliciae
396 946 512 1004 proconsul
527 947 658 1005 designatur.
670 946 733 994 Hanc
743 946 876 1004 provinciam

91 1019 142 1068 Asia
153 1020 256 1069 continet.
265 1018 327 1068 Urbe
337 1032 412 1068 autem
422 1019 560 1078 proficiscens
571 1019 648 1068 Cicero
658 1037 734 1068 curam
745 1019 877 1067 maritandae

91 1091 205 1148 Tulliolae,
227 1091 284 1141 filiae
305 1113 363 1148 suae,
381 1114 437 1151 quae
453 1093 530 1142 marito
547 1092 625 1142 Pisone
640 1105 727 1141 mortuo
743 1091 809 1141 vidua
825 1105 876 1140 erat.

91 1165 167 1213 amicis
183 1164 277 1223 reliquit.
289 1163 320 1213 Ea
330 1164 429 1223 quidem,
436 1161 492 1214 vmox
501 1179 526 1214 ut
537 1178 597 1224 pater
607 1166 631 1213 in
641 1163 741 1230 Ciliciam
751 1164 811 1219 abiit,
823 1163 877 1212 Cor-

93 1238 157 1287 nellio
168 1237 295 1287 Dolobellae
310 1251 378 1298 nupta
392 1252 431 1288 est.

54 1314 79 1361 l5
137 1311 265 1359 Ciceronem
279 1324 352 1360 autem
369 1311 492 1369 profectum
510 1312 579 1359 Roma
596 1324 661 1369 atque
679 1310 778 1358 Ciliciam
795 1311 876 1367 ingres-

94 1403 150 1437 sum,
162 1383 331 1442 haudquaquam
344 1384 377 1432 uti
388 1383 500 1432 Romanus
513 1389 559 1432 erat
573 1404 620 1431 mos
633 1403 658 1430 ac
672 1382 742 1430 omnis
756 1381 878 1430 humanitas

94 1455 198 1513 exigebat,
215 1455 252 1514 qui
267 1475 316 1504 eam
327 1455 444 1514 proconsul
456 1456 568 1504 obtinebat
579 1455 665 1514 Appius
678 1453 782 1503 Claudius
795 1454 878 1512 excepit

94 1527 193 1586 benigne,
209 1527 351 1586 non'perexit
366 1527 453 1578 obviam
468 1529 570 1583 venienti,
587 1549 631 1577 non
652 1527 742 1583 excessit
760 1527 877 1586 provincia,

95 1623 139 1650 non
153 1601 226 1659 posuit
241 1600 315 1653 fasces,
330 1601 369 1651 sed
379 1601 457 1660 plenus
467 1601 590 1651 moestitiae
603 1623 627 1650 ac
638 1599 718 1649 doloris
729 1598 790 1658 quod
800 1599 878 1657 magis·

53 1676 81 1722 20
95 1686 153 1720 tratu
167 1673 227 1720 abire
241 1686 359 1730 cogeretur,
376 1674 414 1721 ubi
430 1693 577 1722 successorem
592 1674 667 1721 adesse
688 1672 795 1729 cognovit,
817 1672 878 1728 quasi

94 1766 145 1795 eum
159 1745 272 1795 advenisse
283 1747 381 1801 nesciret,
393 1746 494 1796 Tharson
504 1766 581 1805 usque,
593 1766 636 1804 que
646 1746 675 1795 ad
685 1759 780 1796 extrema
791 1745 879 1796 Ciliciae

94 1820 168 1869 civitas
184 1832 216 1868 est
231 1818 310 1868 nobilis
319 1832 340 1868 et
350 1819 445 1879 antiqua,
456 1840 479 1868 se
489 1819 580 1869 coniecit
591 1820 668 1879 iusque
678 1819 760 1879 populo
769 1820 807 1875 ibi,
818 1820 879 1879 quasi

95 1905 150 1940 esset
164 1893 187 1938 in
202 1893 335 1950 magistratu,
344 1892 407 1939 dixit
415 1893 490 1940 Homo
498 1905 542 1939 erat
551 1892 636 1950 Appius
645 1892 788 1941 Claudiorum
796 1912 808 1940 e
817 1905 880 1949 gente

95 1960 219 2028 clarissima,
236 1964 275 2012 sed
290 1964 387 2023 alioquin
404 1965 508 2022 pravitate
524 1983 610 2012 morum
626 1964 739 2013 obscurus.
757 1963 815 2012 Nam
831 1983 881 2021 erga

54 2037 86 2084 25¹
97 2035 238 2094 provinciales
252 2055 328 2085 avarus
337 2036 407 2085 luerat
416 2050 481 2097 atque
490 2036 604 2096 superbus.
615 2037 692 2085 Cicero
701 2049 774 2085 autem
788 2057 832 2096 quo
846 2037 882 2086 die

95 2111 229 2168 provinciam
244 2122 275 2159 est
285 2110 394 2168 ingressus
407 2109 486 2169 (pridie
498 2111 521 2158 id
530 2108 646 2159 Kallendas
655 2109 746 2159 Sextiles
758 2109 808 2169 luit)
820 2129 881 2159 revo·

96 2184 152 2231 cavit
167 2184 257 2241 equites,
276 2183 313 2241 qui
331 2183 397 2241 Appii
415 2184 482 2237 iussu,
500 2196 525 2231 ut
542 2181 600 2231 lame
617 2197 716 2232 senatum
727 2184 881 2243 opprimerent,

97 2254 236 2309 Salaminam,
250 2255 359 2304 civitatem
372 2254 483 2314 Cypriam,
498 2255 633 2304 obsidebant.
648 2254 698 2304 Erat
712 2276 799 2314 nanque
812 2255 882 2308 insula

98 2327 165 2386 Cypri
177 2328 242 2387 paulo
254 2341 304 2377 ante
317 2328 427 2377 Romanae
439 2328 527 2378 ditionis
539 2327 602 2384 lacta,
615 2328 676 2388 quod
687 2338 717 2385 se,
730 2329 768 2388 qui
781 2349 818 2379 rex
829 2342 883 2383 erat,

56 2400 84 2448 30
99 2401 223 2449 Ptolomeus
232 2403 345 2450 occidisset
353 2415 414 2450 actus
423 2402 497 2450 dolore
506 2422 557 2450 cum
565 2422 588 2449 se
597 2402 678 2460 populo
688 2403 786 2450 Romano
794 2421 882 2460 suspec-

96 2486 145 2523 tum
159 2487 225 2534 atque
240 2476 359 2534 mitti,.qui
376 2476 422 2523 eius
439 2495 491 2533 opes
507 2474 607 2530 auferret,
621 2475 728 2524 Catonem
739 2475 812 2524 sensit.
823 2473 884 2523 Tum

97 2546 162 2604 igitur
177 2548 215 2607 qui
236 2546 325 2596 Ciliciae
344 2546 461 2606 proconsul
483 2561 534 2602 erat,
555 2547 573 2593 is
595 2546 693 2605 Cyprum
713 2547 779 2594 etiam
799 2547 884 2595 obtine·

98 2618 142 2669 bat.
159 2620 247 2676 Ciliciae
259 2620 349 2680 quidem
356 2620 459 2679 vproxima
471 2633 503 2669 est
515 2619 585 2669 insula
597 2620 672 2679 Cypri.
685 2619 726 2669 Eas
738 2619 819 2669 dirimit
831 2618 884 2668 Cili-

98 2713 149 2741 cum
164 2713 229 2742 mare.
246 2693 282 2742 Ad
296 2694 466 2752 septentrionem
485 2692 570 2751 Cyprus
590 2693 689 2741 Ciliciam
708 2692 818 2752 prospicit.
832 2698 835 2703 ’

56 2812 199 2823 Ἢ
249 2815 250 2818 ,

97 2880 114 2923 7.
129 2898 151 2924 re
165 2881 255 2937 interlea)
272 2887 285 2926 ἰ.
300 2900 323 2932 r.;
338 2899 362 2926 ex
379 2881 452 2925 interea
468 2887 535 2946 statim
550 2899 600 2925 corr,
659 2882 689 2926 10,
705 2881 821 2934 designatur
835 2887 848 2926 ι’.
862 2899 886 2932 r.;

56 2954 99 2989 erut
114 2946 227 3002 designatus
241 2960 277 2993 est.
335 2947 364 2992 ll.
379 2965 447 2993 curam
460 2955 473 2993 i.
488 2966 511 2998 r,;
526 2958 568 2993 erat
582 2947 637 3002 quod
653 2947 691 2993 sit?

94 3098 116 3134 24
