2093 3253
152 149 178 194 82
449 164 543 198 siccours
557 165 678 198 rotrurour

194 280 290 336 tradunt,
304 300 317 328 a
331 280 436 330 Cicerone
449 279 565 338 Virgilium
577 279 611 330 vel
624 299 676 340 agro
689 280 780 330 donatos
794 280 873 329 milites
882 299 910 330 >re
923 280 979 331 bene
1022 305 1042 346 χ

195 364 261 409 gesta,
268 365 293 402 ut
300 352 352 408 dixi,
360 352 417 402 bello
424 351 545 401 Mutinensi
553 371 641 410 prorsus
649 365 753 410 oporteat.
760 352 835 401 Altero
843 354 901 405 enirn
909 366 979 402 stante
1025 351 1047 429 1

174 469 176 472 ⁴
196 441 258 480 ruere
271 424 363 474 alterum
374 444 461 473 necesse
472 437 511 474 est.
524 424 633 484 Equidem
643 426 684 473 ista
695 445 739 473 non
751 425 880 473 criminandi
891 446 928 474 eos
940 426 978 485 qui

196 498 328 556 grammatici
343 498 461 559 optimiac
477 500 540 558 periti
557 512 628 548 essent
644 519 708 548 causa
725 498 829 556 (alienum
845 519 892 548 esse
909 499 979 548 hoca

170 571 186 618 51
199 590 234 618 me
244 571 317 628 velim)
328 571 366 619 sed
377 572 510 619 memorandi
518 572 565 620 .veri
573 592 598 620 ac
606 573 668 621 venia
678 591 729 620 curn
736 571 793 620 bona
801 572 879 620 dicam.
890 572 978 630 Quippe

196 662 260 691 nemo
276 655 308 691 est
323 645 361 703 qui
376 663 486 702 nusquam
501 656 564 694 erret.
580 643 669 693 Tritum
685 642 775 702 quidem
791 656 823 692 est
838 637 978 702 proverbium

196 715 306 763 neminem
320 715 419 764 omniurn
433 717 569 775 pergentium
585 718 616 765 ire
630 716 685 765 adeo
699 716 830 783 prudentem
844 718 898 774 quin
914 717 979 775 longo
1043 736 1044 740 ’

173 826 174 829 ¹
196 787 272 836 itinere
280 789 370 847 cespitet
378 809 487 847 nusquam
496 809 549 838 esse.
559 788 603 845 Sed
612 808 658 838 rem
666 802 779 848 tangamus
789 800 854 838 manu
863 811 891 838 ne
899 789 979 838 dixisse

196 860 236 908 ista
246 879 285 925 per
294 860 425 909 calumniam
434 874 473 909 aut
483 860 593 928 somnium
603 860 722 911 videamur.
733 859 878 911 Octavianum
888 862 978 920 gessisse
1028 918 1030 922 f

158 933 184 980 10
198 932 254 981 bella
268 932 343 982 ordine
357 934 399 982 isto
414 934 517 995 quinque,
534 933 667 988 Mutinense,
676 933 827 993 Philippense,
842 933 978 990 Perusinum,
1027 933 1033 987 ,²

196 1003 301 1060 Siculum,
312 1005 433 1061 Achaicum
442 1019 465 1054 et
474 1000 615 1071 Tranquillus
626 1019 647 1055 et
658 1007 696 1065 qui
707 1007 800 1065 Augusti
811 1018 870 1065 gesta
881 1007 979 1056 scribunt
1043 1047 1045 1049 .

195 1071 261 1125 docti¹
272 1097 347 1125 omnes
364 1097 408 1125 una
420 1096 479 1131 voce,
498 1075 548 1126 uno
558 1078 689 1132 testimonio,
703 1098 748 1126 uno
760 1086 867 1126 consensu
880 1078 978 1131 tradunt.

195 1147 293 1197 Primum
308 1149 373 1208 igitur
388 1150 486 1198 omnium
502 1149 584 1199 bellum
598 1148 665 1199 luisse
681 1150 807 1200 Mutinense
823 1150 883 1209 apud
898 1152 978 1209 peritos

196 1223 340 1270 controversia
352 1221 410 1271 nulla
423 1235 462 1271 est.
477 1222 502 1270 ld
514 1221 600 1271 funesta
612 1223 750 1271 triumviralis
763 1224 829 1281 pestis
842 1244 893 1271 mox
905 1237 979 1272 secuta

158 1294 182 1342 l5
198 1307 237 1343 est.
252 1294 312 1343 Turn
321 1294 410 1353 quidem
418 1312 451 1342 res
460 1295 547 1353 publica
556 1313 628 1344 eversa
637 1296 730 1353 penitus.
739 1295 799 1344 Tum
808 1296 978 1354 proscriptorum
1044 1311 1047 1343 .’

196 1368 304 1437 expositae
317 1366 409 1417 tabulae.
422 1365 483 1417 Turn
494 1368 531 1427 qui
542 1382 587 1417 erat
597 1370 728 1428 optimatum
739 1369 839 1428 princeps
850 1368 980 1428 recuperan·

196 1441 279 1499 daeque
294 1441 396 1489 libertatis
408 1441 522 1489 consilium
532 1461 557 1489 ac
568 1461 617 1499 spes
626 1462 678 1507 una,
690 1441 774 1495 Cicero,
786 1442 868 1489 occisus
880 1454 919 1489 est.
933 1442 978 1490 ltur

196 1513 275 1561 deinde
285 1513 423 1572 Philippense
433 1514 462 1561 ad
472 1513 562 1567 bellum,
574 1534 618 1572 quo
629 1514 709 1562 Brutus
721 1526 742 1561 et
753 1514 841 1562 Cassius
852 1514 902 1562 victi
913 1527 979 1573 atque

196 1587 260 1635 occisi
270 1599 327 1636 sunt.
338 1585 428 1645 Reliqua
437 1599 497 1635 taceo
506 1606 562 1646 quae
571 1586 650 1636 deinde
659 1586 715 1636 bella
724 1588 789 1644 gessit
797 1586 908 1641 Octavius,
917 1588 978 1646 quod

155 1659 182 1708 20
197 1681 221 1708 ea
236 1673 335 1725 nostrum
345 1659 373 1709 ad
383 1658 507 1720 institutum
518 1658 571 1708 nihil
582 1659 694 1710 attineant.
705 1659 767 1717 Quae
777 1673 850 1709 autem
861 1662 978 1710 memoravi

196 1733 223 1780 de
238 1753 310 1790 pugna
320 1733 448 1785 Mutinensi,
459 1733 486 1780 de
499 1745 559 1790 peste
574 1733 708 1787 triumvirali,
724 1733 822 1780 debello
837 1733 978 1792 Philippensi,

196 1805 245 1853 ideo
260 1805 383 1859 memoravi,
394 1804 454 1863 quod
463 1824 488 1853 ea
497 1804 631 1864 impossibile
640 1805 732 1853 doceant
741 1825 788 1853 esse
797 1805 844 1862 ipso
854 1817 978 1863 temporum

195 1878 271 1926 ordine
287 1876 421 1935 Ciceronem,
439 1878 477 1938 qui
493 1891 543 1928 ante
559 1877 642 1927 bellum
658 1877 796 1938 Philippense
813 1878 895 1927 obisset
912 1879 978 1934 diem,

195 1951 282 1999 laudare
289 1971 345 2010 quae
352 1964 427 2010 postea
435 1952 544 2009 scripserit
549 1950 652 2008 Virgilius
660 1952 764 2008 potuisse.
772 1950 845 2008 Atque
852 1950 907 1999 illud
914 1951 979 1999 Cice·

154 2025 182 2074 25
198 2043 222 2073 ro
237 2024 278 2073 hoc
291 2024 319 2073 ad
331 2024 467 2083 propositum
480 2023 502 2072 in
513 2023 608 2083 epistolis
619 2037 730 2079 memorat,
740 2024 768 2072 ob
777 2042 823 2073 rem
830 2025 886 2073 bene
896 2026 979 2082 gestam

196 2097 317 2148 Mutinensi
331 2118 403 2157 pugna
418 2111 518 2147 senatum
531 2097 651 2147 decrevisse
665 2111 690 2147 ut
703 2098 741 2157 qui
755 2111 907 2147 veteranorum
921 2099 978 2146 mili·

195 2183 243 2219 turn
258 2190 282 2218 ea
296 2170 423 2219 cecidissent
438 2190 518 2229 pugna,
534 2170 556 2219 hi
566 2183 693 2229 perpetuam
702 2167 731 2219 ad
740 2170 827 2220 laudem
836 2171 979 2229 sepelirentur

153 2299 154 2302 Ἴ
196 2243 223 2291 de
238 2242 333 2302 publicu
344 2242 381 2302 qui
393 2261 444 2290 vero
454 2256 591 2301 superessent
602 2243 652 2298 vivi,
665 2242 686 2291 hi
698 2243 830 2292 donarentur
840 2261 899 2301 agro.
909 2243 979 2292 Adest
993 2255 994 2258 ’
1043 2246 1045 2248 ’

195 2335 283 2373 quaque
298 2314 396 2363 Maronis
406 2327 471 2363 aetas.
483 2314 511 2362 Se
522 2315 612 2373 quidem
622 2335 673 2363 cum
683 2314 753 2377 audax
768 2314 809 2362 sibi
825 2316 912 2366 iuventa
923 2326 979 2363 esset
1035 2309 1046 2377 ,Ῑῖ

153 2388 182 2437 30
197 2388 307 2448 scripsisse
321 2386 411 2447 Eglogas
426 2387 498 2436 relert.
513 2387 573 2435 Bello
587 2400 660 2437 autem
674 2388 807 2447 Philippensi
822 2388 881 2437 haud
895 2388 979 2441 iuvenis

195 2462 234 2511 sed
247 2462 280 2509 vir
295 2474 391 2510 maturus
405 2462 532 2509 annos-iam
546 2473 609 2510 natus
625 2462 680 2509 duos
696 2474 718 2509 et
736 2461 801 2509 XXX
821 2473 873 2510 erat.
894 2460 978 2511 Clarius

174 2580 176 2587 ,
195 2535 260 2591 igitur
274 2533 319 2582 sole
330 2544 413 2581 constat
425 2553 465 2580 nec.
475 2534 605 2600 impugnari,
616 2545 723 2591 quantum
734 2534 840 2588 existimo,
851 2551 874 2580 re
885 2532 928 2581 ulla
939 2553 978 2592 po·
1036 2540 1045 2578 J

194 2619 243 2662 test,
259 2607 276 2655 si
285 2606 384 2656 ordinem
392 2605 524 2656 attendimus
533 2598 613 2660 rerum,
622 2619 734 2656 veteranos
743 2606 821 2655 milites
830 2620 878 2655 tum
887 2606 978 2669 donatos
1024 2622 1025 2625 ’

153 2720 296 2727 .——-

191 2778 216 2813 ll.
230 2779 275 2815 Suet.
288 2779 329 2823 Aug.
343 2779 360 2815 9.
408 2778 437 2813 25.
451 2776 604 2829 Hocnoninueni.
654 2777 813 2823 30.Verg.Georg.
828 2776 908 2815 1V‚565.
961 2772 963 2775 ’

193 2936 212 2979 7.
226 2935 346 2980 neminem...
361 2934 429 2978 itinere
442 2940 455 2978 ι’.
470 2952 493 2984 r.;
508 2934 609 2987 cespitet...
623 2951 666 2978 esse
679 2941 692 2978 r'.
707 2954 731 2980 m
747 2934 793 2979 add.
