2093 3253
262 153 396 188 SCRIPTORUM
412 154 538 186 lLLUSTRlUM
551 165 566 171 -
579 153 638 186 LIBER
651 154 701 186 nvn.
852 139 889 186 471

107 271 258 321 lucubratione
272 268 401 320 vendicavit.
422 266 472 317 Erat
492 289 582 318 somnus
603 268 622 318 ei
642 269 760 328 perbrevis.
783 270 815 320 lta
835 271 893 319 enirn

107 345 228 394 dormiebat
243 345 303 403 quod
318 365 343 396 se,
353 342 441 403 vigilare
454 343 537 392 desisse
548 343 665 402 aliquando
678 345 777 394 nesciret.
790 343 843 393 Non
856 365 892 396 va-

107 416 169 467 cabat
184 437 261 466 somno
276 417 315 466 sed
329 417 484 467 succumbebat
497 430 518 466 et
531 416 608 466 oculos
618 416 690 477 vigilia
702 416 801 478 fatigatos
814 417 892 465 caden·

107 503 183 549 tesque
194 490 218 537 in
229 509 294 549 opere
306 489 423 538 detinebat.
436 490 500 540 Molli
512 503 578 539 strato
590 510 703 549 nunquam
714 511 766 539 usus
778 504 811 539 est
822 511 893 549 neque

80 564 94 610 5
109 561 222 609 culcitram
230 562 309 617 habuit¹
315 563 380 609 etiarn
389 582 454 610 senex
463 576 485 610 et
494 563 573 621 opibus
581 563 667 617 florens,
676 583 732 621 quae
739 563 769 610 ita
777 583 821 610 non
830 564 892 610 resis-

107 647 162 683 teret
177 635 262 693 corpori
277 635 337 693 quod
352 633 437 684 nullum
451 635 474 684 in
489 656 513 684 ea
527 635 642 694 vestigium
656 649 776 695 appareret.

152 707 178 757 ln
188 707 265 756 studiis
279 720 353 756 autem
362 707 497 766 eloquentiae
507 708 588 757 Romae
597 707 699 758 Asinium
708 708 835 776 Pollionem,
845 728 892 757 ora-

109 794 180 834 torem
195 801 219 829 ea
234 780 338 829 memoria
354 779 472 843 illustrem,v
483 780 574 830 audivit.
591 781 693 840 Denique
710 779 781 839 magni
798 780 892 829 nominis

109 874 184 902 omnes
199 852 244 901 lere
259 853 364 902 Cicerone
379 866 469 912 excepto
479 861 573 902 oratores
584 853 674 902 audivit.
685 853 764 912 Neque
774 873 826 901 vero
836 866 893 901 aetas

69 928 96 976 10
111 925 240 974 Ciceronem
254 925 295 974 sibi
311 926 349 974 sed
364 925 484 984 malignitas
499 938 623 985 temporum
638 939 659 975 et
675 939 734 975 ortus
750 926 841 975 Caesare
856 947 893 974 oc-

109 1000 154 1047 ciso
168 998 228 1047 luror
243 998 340 1048 civilium
350 998 458 1047 bellorum
469 999 554 1057 eripuit.
568 999 594 1047 ln
604 998 741 1058 philosophia
751 999 843 1054 Stoicos,
855 1000 892 1058 qui

110 1094 222 1121 summum
236 1073 320 1121 bonum
334 1074 357 1121 in
372 1073 451 1121 virtute
472 1073 599 1131 ponendum
620 1093 666 1139 esse
687 1073 810 1127 censebant,
832 1093 893 1120 secu-

110 1159 146 1193 tus
161 1158 200 1193 est.
214 1145 288 1193 Attali
304 1166 397 1204 nanque,
414 1145 537 1204 philosophi
554 1145 673 1193 doctissimi
689 1145 831 1203 eiusdemque
846 1164 893 1202 gra-

110 1217 192 1265 vissimi
206 1218 246 1266 viri
261 1230 283 1266 et
297 1218 320 1265 in
335 1238 359 1265 ea
382 1217 495 1276 disciplina
517 1217 579 1266 facile
602 1217 714 1275 principis,
737 1217 822 1265 auditor
844 1215 893 1264 tuit.

71 1287 97 1339 15
113 1288 185 1339 Huius
203 1289 286 1339 scholas
304 1303 354 1340 ante
374 1288 427 1339 alios
448 1289 561 1339 obsidebat
582 1289 670 1345 Seneca;
691 1289 791 1338 omnium
805 1289 893 1348 primus

110 1363 203 1412 intrabat
218 1362 307 1418 seneca
327 1364 426 1412 omnium
444 1364 534 1412 ultimus
553 1364 624 1412 exibat
643 1363 732 1417 Senecass
747 1363 894 1412 ambulantem

110 1436 215 1483 Athalum
229 1437 258 1484 ad
272 1437 428 1494 disputationes
446 1436 549 1485 evocabat
566 1436 656 1485 Seneca.
673 1436 746 1483 Achati
764 1456 852 1495 quoque
870 1456 894 1482 ea

77 1558 78 1561 ,
110 1508 231 1567 benignitas
241 1508 361 1558 trebonius
372 1522 416 1558 erat
427 1509 487 1569 quod
497 1509 599 1559 studiosis
610 1516 654 1559 non
664 1522 749 1558 tantum
759 1522 846 1569 paratus
856 1510 895 1558 sed

111 1581 188 1630 obvius
203 1594 268 1641 atque
282 1583 381 1631 incitator
395 1584 442 1637 iret,
457 1583 524 1641 idque
537 1583 560 1630 in
574 1602 610 1630 eos
625 1583 753 1641 propensius
768 1582 894 1632 ostendebat

68 1656 97 1702 20
112 1674 167 1712 quos
182 1654 264 1702 videret
278 1675 305 1702 ex
319 1654 360 1702 illis
378 1676 424 1703 esse
440 1656 478 1714 qui
494 1655 523 1702 ad
539 1676 590 1702 eum
606 1655 669 1709 irent,
686 1676 730 1702 non
746 1668 771 1702 ut
787 1667 895 1702 tentarent

111 1727 145 1775 vel
160 1727 259 1775 audirent
274 1728 348 1782 modo,
363 1747 439 1776 verum
453 1741 478 1775 ut
493 1748 559 1786 quam
575 1729 634 1775 daret
649 1728 735 1775 vivendi
750 1728 856 1775 rationem
870 1748 895 1775 ac

113 1800 189 1858 legem,
205 1820 253 1849 eam
268 1800 358 1849 studiosi
372 1814 394 1850 et
406 1801 498 1850 libentes
511 1802 633 1860 acciperent
646 1821 686 1849 nec
699 1800 739 1849 viri
753 1800 824 1849 solum
837 1799 894 1849 docti

90 1907 97 1915 „
112 1873 151 1921 sed
165 1872 218 1921 boni
233 1874 298 1921 etiam
312 1879 358 1922 esse
372 1887 479 1922 curarent.
727 1914 728 1917 η

154 1945 272 1994 Focionem
286 1965 382 2005 quoque,
395 1946 494 1995 Stoicum
506 1945 669 2004 philosophum,
683 1946 758 1994 habuit
770 1958 895 2005 praecepto-

69 2017 98 2066 25
113 2036 160 2067 rem
170 2031 191 2067 et
201 2017 351 2068 adhortatione
362 2039 401 2068 sua
411 2019 489 2079 perdiu
500 2018 601 2068 carnibus
611 2018 723 2068 abstinuit.
736 2018 762 2067 ld
772 2039 859 2079 nanque
870 2040 896 2068 ex

112 2092 219 2150 preceptis
233 2091 353 2150 Pythagore
365 2113 390 2141 ac
404 2092 472 2141 Sextii
485 2092 552 2141 Focio
564 2092 675 2141 suadebat.
689 2091 794 2141 Carnium
806 2092 896 2152 quidem

112 2164 241 2213 abstinentia
256 2185 341 2213 summe
355 2186 368 2214 a
382 2166 501 2224 Pythagora
516 2166 601 2214 laudata
616 2179 667 2221 erat,
683 2166 743 2224 quod
758 2166 896 2214 morientium

34 2239 36 2242 ’
112 2237 195 2285 animas
210 2257 254 2285 non
269 2237 348 2286 deferri
361 2238 389 2287 ad
402 2237 490 2293 inferos,
505 2259 549 2286 non
562 2230 687 2287 evolaread
700 2257 796 2296 superos,
810 2259 854 2287 non
867 2240 896 2286 si-

114 2309 159 2358 mul
174 2330 225 2359 cum
239 2311 367 2369 corporibus
382 2311 469 2359 interire
487 2324 580 2369 putaret.
599 2310 640 2359 Eas
659 2331 745 2370 nanque
764 2323 850 2360 mortuo
869 2313 897 2360 de

70 2381 99 2428 30
114 2400 204 2440 corpore
217 2383 240 2431 in
253 2383 359 2431 nascentis
372 2384 438 2432 etiam
450 2383 509 2432 bruti
521 2402 600 2442 corpus
613 2382 679 2432 veluti
692 2383 801 2432 domicilio
814 2396 897 2433 mutato

114 2454 234 2513 demigrare
248 2455 363 2505 arbitratus
386 2468 425 2504 est.
438 2456 541 2504 'Proinde
563 2455 649 2504 nullum
670 2456 796 2504 violandum
817 2456 897 2505 animal

113 2527 227 2584 statuebat,
243 2548 270 2577 ne
285 2529 333 2588 quis
348 2526 404 2578 lorte
414 2528 503 2578 violaret
513 2529 536 2579 in
546 2549 591 2588 quo
600 2535 638 2578 aut
648 2529 742 2588 parentis
752 2536 789 2578 ant
799 2548 897 2578 necessa-

113 2601 196 2650 riorum
210 2602 339 2661 cuiusquam
352 2602 425 2651 anima
438 2603 548 2651 insideret.
563 2603 637 2651 Sextio
650 2615 730 2658 autern,
744 2602 843 2651 Romano
856 2602 898 2651 civi

114 2686 135 2719 et
150 2673 228 2721 illustri
243 2675 380 2732 philosopho,
399 2695 443 2722 non
459 2676 568 2723 devitandi
586 2676 701 2732 parricidii,
718 2677 750 2723 uti
766 2675 899 2733 Pythagorae

73 2793 214 2819 —-—7.

115 2861 145 2907 15.
165 2863 248 2917 (Huilns
267 2862 364 2923 schlolas)
381 2870 395 2908 1⁵³.
410 2880 425 2909 r.
445 2863 495 2918 (erat
514 2858 580 2909 Huius
599 2862 668 2918 scolas)
683 2862 702 2908 O
718 2862 785 2908 Huius
799 2863 860 2909 scolas
874 2863 898 2910 F.

73 2926 106 2972 30.
121 2927 186 2973 Stulte
200 2935 213 2973 ι’.
228 2948 253 2974 m.
