2093 3253
242 161 372 193 scaurorum
384 161 512 201 *ruusruruu
520 172 535 178 —
548 161 607 192 uam
620 161 656 192 ιιι.
818 149 872 193 337·

74 276 201 339 posse'plus
216 275 284 326 nimio
304 274 425 326 videbatur.
445 276 618 341 Hinc³=denique
637 275 751 334 ablegandi
771 276 863 326 Catonis

74 370 137 400 causa
152 349 240 399 inventa
254 362 294 404 est:
305 349 376 407 legem
386 358 473 408 nanque
483 351 577 413 populus
589 350 701 398 Romanus
711 361 798 398 auctore
809 348 861 399 Clo-

76 425 112 473 dio
122 423 172 472 tulit
185 443 241 482 quae
254 435 276 472 et
288 443 341 482 opes
354 422 410 481 regis
419 422 494 482 Cyprii
503 423 596 476 Romam
607 422 685 472 deferri
699 436 720 472 et
733 422 862 471 nominatim

76 497 182 544 Catonem
196 494 225 541 ad
239 514 274 541 eas
288 493 415 555 deferendas
428 494 524 553 legatum
537 494 594 545 mitti
607 494 698 545 iuberet.
712 494 760 543 Hac
773 493 863 553 quidem

50 571 62 620 5
78 567 190 627 legationis
202 567 274 625 specie
285 587 337 616 cum
348 566 427 616 abisset
439 566 502 624 Cato,
514 581 536 617 et
549 588 627 627 magno
639 567 733 624 nudatus
745 581 777 617 est
785 567 863 617 Cicero

77 641 172 700 presidio
184 653 205 687 et
217 640 275 698 gravi
288 639 412 698 sublevatus
424 640 516 689 Clodius
529 641 686 698 impedimento
703 653 731 695 et,
750 660 805 699 quae
816 654 863 689 tur-

77 713 165 772 pissima
176 724 228 767 erat,
239 712 315 771 rapina
325 733 393 772 opum
403 713 460 772 regis
470 712 546 773 Cyprii
557 713 647 762 honesta
658 733 704 763 esse
715 713 744 763 ob
754 732 863 763 summam

77 788 140 846 legati
150 786 278 845 dignitatern
287 786 339 835 visa.
350 785 406 844 Cato
415 800 488 835 autem
497 787 636 845 proficiscens
645 788 706 842 urbe,
717 788 778 846 quod
786 807 863 836 accen-

78 862 106 909 sis
121 859 224 918 utrinque
238 859 316 907 animis
332 878 379 908 rem
392 860 422 908 ad
436 859 570 909 sedicionem
584 873 681 918 spectare
694 861 784 915 videret,
800 860 863 909 Cice-

40 937 65 986 l0
80 953 155 984 renem
170 953 237 993 quam
252 933 346 992 maxime
360 932 486 982 adhortatus
502 946 535 982 est
550 935 627 982 cedere
642 934 781 983 inimicorum
795 933 864 983 furori

78 1028 143 1067 quam
157 1008 223 1056 armis
238 1020 320 1057 certare
331 1004 411 1062 mallet,
424 1000 564 1066 studeretque
576 1025 650 1057 curare
662 1026 789 1057 conservare
800 1028 823 1056 se
834 1009 864 1056 ita

78 1094 102 1128 ut
117 1098 147 1127 rer
141 1079 262 1138 publicae
276 1093 420 1134 conservator,
436 1081 474 1139 qui
490 1080 556 1129 semel
571 1080 655 1135 luisset,
671 1081 750 1128 iterum
765 1100 811 1129 esse
826 1080 864 1128 ali-

80 1153 167 1211 quando
182 1165 262 1212 posset.

122 1225 207 1283 Legum
221 1245 310 1284 quoque
324 1225 409 1280 auxilia,
423 1246 451 1274 ne
463 1209 587 1284 superesset
601 1208 718 1285 quicquam
731 1224 808 1285 refugii
820 1247 866 1285 quo

42 1301 66 1350 l5
81 1319 104 1348 se
119 1298 196 1348 Cicero
209 1309 313 1353 tueretur,
327 1298 409 1347 ademit
423 1297 521 1353 Clodius;
536 1298 611 1357 populi
622 1319 730 1357 nanque
726 1311 800 1347 uocata
813 1318 866 1347 con

80 1372 143 1419 cione
156 1370 335 1436 inspectanteque
344 1390 376 1419 ac
378 1371 467 1419 sedente
477 1370 580 1425 Gabinio,
591 1372 629 1447 qui
639 1383 684 1419 erat
693 1370 769 1419 consul
778 1382 800 1419 et
809 1370 866 1420 iniu

80 1443 117 1492 riis
131 1444 163 1492 ire
177 1442 264 1492 obviam
279 1443 396 1499 debuisset,
413 1442 463 1493 tulit
483 1443 554 1503 legem
570 1463 598 1493 ne
613 1443 714 1502 auspiciis
730 1443 866 1502 obtempera-

80 1530 145 1573 retur,
161 1538 189 1566 ne
204 1516 371 1567 obnuntiaretur
382 1515 472 1567 consilio
482 1530 520 1567 aut
530 1517 633 1573 comiciis,
645 1538 673 1566 ne
682 1517 724 1577 legi
735 1518 868 1572 intercedere

81 1582 162 1644 liceret,¹
176 1610 204 1639 ne
218 1590 253 1639 lex
266 1589 328 1639 Aelia
340 1602 377 1639 aut
392 1590 456 1638 Fusia
468 1590 556 1645 valeret,
570 1610 633 1649 quae,
646 1603 671 1638 ut
684 1594 755 1638 essent
768 1589 868 1639 consules

44 1663 71 1710 20
84 1664 115 1711 rei
129 1656 229 1722 publicae
244 1662 352 1721 praesidio
358 1661 522 1721 contralurores
528 1662 664 1718 tribunicios,
671 1662 868 1716 lataeamaioribus
909 1719 912 1720 ⁷

81 1733 174 1784 luerent.
190 1735 343 1784 Cohercendos
355 1737 414 1784 enim
424 1736 452 1784 ad
464 1736 608 1794 magistratus,
619 1736 707 1795 nequis
718 1753 757 1794 per
767 1736 869 1784 iniuriam

83 1808 248 1866 opprimeretur,
264 1820 285 1856 et
299 1809 382 1857 tribuni
397 1809 462 1857 creati
472 1820 547 1857 contra
556 1808 655 1857 consules
665 1820 687 1856 et
696 1828 750 1867 quas
759 1809 869 1856 nominavi

83 1879 139 1937 leges
154 1882 246 1939 scriptae
260 1894 335 1929 contra
348 1881 448 1929 tribunos
463 1893 530 1929 erant.
582 1910 590 1925 ,ι

125 1952 197 2011 Quam
211 1971 263 2003 vero
277 1953 348 2013 legem
362 1953 440 2003 tulerat
460 1953 559 2009 Clodius
580 1974 605 2003 ea
625 1953 753 2003 Ciceronem
772 1923 870 2004 laedebat

45 2026 72 2074 25
87 2045 171 2084 parum,
183 2047 200 2075 sr
194 2018 373 2086 promulgatam
384 2027 450 2077 modo
458 2039 495 2077 aut
503 2027 592 2077 laudare
599 2039 636 2076 aut
645 2026 752 2086 negligere
759 2027 869 2077 volursset

84 2098 129 2146 Sed
144 2113 227 2148 mutare
238 2100 311 2158 potius
323 2113 406 2149 vestem
418 2113 440 2159 et
452 2118 532 2159 rogare.
539 2099 647 2162 populum
660 2101 741 2155 statuit,
754 2100 814 2158 quod
824 2101 870 2149 ani-

86 2193 132 2232 mos
147 2171 233 2222 flectere
242 2173 270 2221 ad
279 2173 551 2230 commiserationemcirm
561 2192 625 2240 prece
635 2172 711 2222 humili
721 2185 742 2220 et
755 2185 803 2221 tum
812 2186 871 2221 veste

85 2241 172 2293 sordida
186 2239 250 2304 posse
264 2257 367 2303 speraret.
380 2246 431 2293 Mos
443 2240 530 2303 nanque
542 2245 560 2292 is
572 2245 654 2293 Rornae
664 2245 693 2292 ad
704 2245 820 2304 placandos
831 2265 871 2302 po-

85 2316 130 2374 puli
145 2317 229 2368 animos
244 2338 331 2367 summo
347 2318 370 2367 in
386 2317 483 2378 periculo
499 2329 520 2366 et
537 2317 657 2367 calamitate
672 2317 803 2367 constitutus
819 2330 871 2373 erat,

45 2389 72 2439 30
86 2403 110 2439 ut
125 2392 205 2454 quibus
220 2392 248 2441 ad
262 2391 370 2451 populum
385 2391 442 2441 dicta
457 2405 513 2441 esset
529 2391 582 2447 dies,
599 2391 613 2439 ii
630 2403 738 2441 mutarent
753 2404 835 2441 vestem
844 2404 872 2441 et

85 2464 169 2512 animos
183 2464 270 2512 flectere
282 2483 334 2512 cum
346 2482 410 2522 prece
423 2464 500 2512 humili
513 2476 562 2512 tum
575 2464 650 2512 habitu
663 2464 751 2512 sordido
764 2464 792 2513 ad
804 2464 872 2522 pieta-

85 2549 130 2585 tem
145 2537 359 2597 misericordiamque
374 2550 490 2586 tentarent.
502 2538 597 2587 Mutavit
613 2539 687 2597 itaque
702 2551 785 2587 vestem
795 2538 873 2586 Cicero

87 2622 159 2660 noster
178 2611 313 2670 tentavitque
333 2610 450 2660 sorditatas
469 2631 495 2659 ac
516 2609 609 2670 supplex
628 2611 646 2658 si
667 2612 791 2669 extinguere
810 2611 873 2660 flam·

87 2702 145 2731 mam
159 2696 231 2732 tantae
246 2685 347 2738 invidiae,
362 2684 415 2737 odii,
429 2683 509 2732 luroris
524 2696 606 2742 posset.
621 2684 663 2731 Res
678 2684 760 2744 quippe
773 2684 873 2738 lacrimis,

49 2771 187 2783 R—

84 2814 109 2851 l6.
122 2815 157 2854 Cic.
169 2817 209 2855 Red.
222 2817 260 2856 Sen.
278 2818 303 2855 ll.

48 2892 188 2908 Ἣ

88 2934 120 2979 29.
134 2939 253 3003 constitutis.

84 3088 106 3126 22
