2093 3253
158 200 199 250 328
458 218 551 249 srcconrs
565 218 681 250 roraurour

199 333 276 391 procul
291 352 304 380 a
317 333 384 381 domo
395 332 508 381 Ciceronis
518 344 539 380 et
548 332 609 391 apud
619 352 670 381 eum
680 352 744 391 saepe
754 352 805 382 curn
815 332 930 381 vicinitatis
937 333 988 383 ,iure

199 419 247 455 tum
262 404 362 455 familiari
378 406 473 464 quadam
480 405 638 454 consuetudine
646 406 778 454 versabatur.
787 405 891 455 Clodium
899 427 987 466 quoque

200 478 304 527 Lucullus
314 496 432 536 gravesque
441 478 477 526 alii
487 491 508 526 et
518 478 569 526 boni
579 480 619 525 viri
629 478 736 536 periuriis,
746 479 903 536 largitionibus,
912 496 988 527 versu-

198 551 241 605 tiis,
256 549 368 600 adulteriis
378 550 469 599 noxium
479 570 505 599 ac
514 549 662 610 plenumesse
672 550 743 600 testati
754 563 812 600 sunt.
825 549 858 600 Illi
868 563 948 605 autem,
960 573 986 600 ne

173 625 185 672 5
202 624 348 678 damnaretur,
360 622 446 673 larebat
458 624 530 672 omnis
542 622 620 672 lasciva
632 625 743 679 iuventus,
754 623 839 673 favebat
850 626 907 672 acies
916 625 986 672 homi-

191 717 253 752 num
269 697 305 746 illa
319 718 375 756 quae
390 715 428 755 per
441 696 550 746 licentiam
562 697 635 746 vivere
647 710 732 747 assueta
745 698 818 747 omnia
831 698 872 747 sibi
885 697 949 747 licere
961 718 987 747 ac

199 770 279 820 scelera
291 790 339 819 esse
351 771 458 829 impunita
471 770 542 819 vellet.
556 770 597 818 His
610 783 685 829 septus
698 771 772 819 amicis
790 790 815 818 ac
835 769 987 819 defensoribus

200 843 291 892 Clodius
300 855 385 892 tantum
394 844 483 892 audacie
493 843 569 892 habuit
577 857 609 898 ut,
619 863 671 892 curn
680 843 764 901 legibus
772 864 796 891 se
804 864 849 892 non
857 863 922 901 posse
930 845 988 892 tueri

199 915 288 971 videret,
303 914 419 970 iudicibus,
434 914 457 964 ni
471 935 522 965 eum
535 914 679 971 absolverent,
694 915 819 964 minaretur.
833 914 894 963 Turn
908 914 986 963 milites

160 989 186 1036 10
200 1008 212 1035 a
220 1001 295 1037 senatu
304 999 325 1036 et
333 988 394 1046 petiti
403 999 425 1036 et
433 988 477 1035 dati
485 1001 536 1036 sunt
545 1000 569 1036 ut
576 988 653 1036 armati
661 1008 673 1036 e
682 1007 741 1036 more
749 988 805 1035 circa
812 986 886 1036 forum
893 987 988 1044 presidia

199 1060 329 1108 collocarent
341 1060 430 1117 vimque
437 1072 540 1107 arcerent
552 1060 573 1106 vi
586 1078 611 1107 ac
623 1071 724 1116 curarent
736 1059 797 1117 quod
809 1059 892 1107 iudices
905 1078 951 1108 esse
963 1059 987 1106 in

199 1131 246 1181 loro
260 1132 302 1182 tuti
318 1145 339 1181 et
353 1131 449 1180 iudicare
464 1131 531 1180 libere
545 1153 570 1181 ac
585 1131 630 1181 ullo
645 1132 692 1181 sine
707 1145 766 1182 metu
781 1144 877 1191 possent.
892 1132 921 1181 At
936 1152 987 1182 vero

199 1206 293 1255 Clodius
301 1225 356 1264 quos
368 1206 433 1254 minis
445 1206 552 1255 deterrere
560 1227 604 1254 non
616 1208 687 1264 potuit
699 1207 786 1265 stupris,
795 1205 914 1265 adulteriis,
923 1206 986 1267 largi-

197 1280 294 1328 tionibus
307 1280 406 1326 suumin
418 1277 515 1326 favorem
527 1298 552 1325 ac
564 1279 698 1326 voluntatem
710 1278 776 1326 flexit.
789 1278 843 1326 Aliis
856 1280 915 1327 enim
927 1280 987 1327 dono

159 1352 184 1402 15
200 1352 314 1410 pecuniam
327 1350 394 1405 dedit,
407 1350 453 1399 aliis
466 1352 544 1410 premii
556 1351 604 1399 loco
616 1371 683 1410 quam
695 1352 774 1410 delegit
786 1352 879 1410 quisque
890 1365 928 1401 aut
940 1373 987 1401 rna·

197 1439 272 1474 tronae
280 1437 317 1475 aut
326 1425 414 1482 virginis
423 1424 555 1484 stuprandae
563 1437 692 1484 potestatem
701 1423 759 1475 tecit,
774 1425 829 1487 Mox
845 1426 935 1485 quidem
952 1430 986 1473 se-

197 1518 263 1547 curus
270 1511 303 1546 est
310 1496 380 1545 tactus
390 1497 417 1544 de
425 1497 494 1544 salute
501 1516 542 1544 sua
549 1516 600 1545 cum
608 1498 690 1544 iudices
699 1498 780 1554 stupris
788 1510 810 1545 et
817 1498 930 1555 largitione
938 1517 987 1545 cor-

198 1570 264 1628 rupit:
274 1587 323 1628 pars
333 1570 406 1627 itaque
415 1570 509 1617 versutia
519 1569 613 1626 quadam
622 1570 655 1616 usi
666 1569 803 1626 protulerunt
816 1570 900 1618 tabulas
914 1590 986 1619 carac-

197 1642 280 1691 teribus
296 1643 325 1690 ita
340 1639 437 1689 contusis
451 1652 476 1689 ut
491 1640 632 1690 absolutusne
646 1661 674 1689 an
690 1641 805 1690 damnatus
819 1654 876 1690 esset
891 1642 985 1692 dubitari

156 1717 185 1764 20
200 1716 267 1772 magis
277 1733 344 1773 quam
353 1712 443 1771 intelligi
453 1726 511 1761 certe
521 1726 601 1770 possen
611 1732 660 1772 pars
671 1712 786 1761 manifesto
795 1715 868 1771 ipsum
876 1727 902 1762 ut
912 1715 987 1764 insona-

198 1801 243 1835 tem
257 1786 324 1835 libere
334 1784 480 1834 absolverunt.
492 1784 571 1844 Neque
580 1803 631 1833 vero
641 1786 757 1834 auctoritas
767 1784 886 1841 Ciceronis,
897 1807 954 1846 quae
963 1788 985 1836 in

198 1878 221 1908 re
229 1859 317 1918 publica
326 1877 404 1916 magna
413 1870 465 1913 erat,
471 1857 531 1916 apud
539 1877 576 1906 eos
583 1857 625 1907 luit
634 1857 689 1906 tanti
700 1857 760 1916 quod
769 1857 860 1907 liberare
869 1859 943 1918 ipsum
953 1861 986 1909 in-

198 1932 263 1982 lamia
278 1930 367 1992 periurii
380 1947 447 1990 quam
459 1950 522 1981 reum
535 1931 638 1981 damnare
650 1932 741 1986 crimine
753 1932 829 1981 incesti
843 1931 942 1982 mallent,
955 1934 985 1982 Ita

198 2007 256 2055 enim
271 2007 296 2055 fit
310 2004 370 2064 apud
384 2005 496 2063 improbos
507 2025 578 2063 saepe,
590 2017 615 2054 ut
625 2006 730 2061 pecuniae
741 2004 790 2062 plus
807 2017 873 2063 quam
888 2008 986 2061 testium,

156 2081 184 2129 25
200 2100 266 2138 quam
280 2079 360 2137 legum,
377 2097 443 2137 quam
459 2078 521 2132 iuris,
536 2097 602 2136 quam
618 2077 703 2125 bonesti
719 2089 814 2134 potestas
831 2090 852 2126 et
868 2080 986 2127 reverentia

197 2153 273 2201 valeat.

238 2225 332 2274 Senatus
347 2244 436 2282 quoque
450 2222 556 2277 consulta,
573 2243 629 2281 quae
644 2223 721 2272 acerba
737 2224 760 2272 in
776 2222 880 2272 Clodium
896 2236 986 2272 auctore

196 2298 224 2355 Q.
234 2295 360 2352 Cornificio,
369 2296 495 2354 gravissimo
509 2296 562 2352 viro,
574 2295 630 2345 lacta
643 2310 711 2351 erant,
725 2297 850 2355 operatione
863 2296 889 2346 L.
901 2297 985 2346 Pisonis

197 2371 303 2421 Callumii
315 2387 355 2427 per
366 2369 477 2425 silentium
487 2370 599 2427 antiquata
609 2382 675 2428 atque
686 2370 776 2417 tandem
787 2370 865 2418 obruta
876 2383 935 2418 sunt.
950 2371 987 2418 lu-

154 2445 183 2492 30
198 2444 257 2492 dices
266 2456 340 2492 autem
349 2441 448 2495 Catulus,
457 2441 604 2498 amplissimae
613 2442 724 2500 dignitatis
734 2442 773 2496 vir,
783 2440 840 2489 forte
849 2442 936 2491 obviam
944 2441 987 2490 iltis·

196 2517 266 2565 lactus
281 2536 332 2565 cum
347 2514 476 2563 mordaciter
487 2528 536 2564 tum
548 2513 604 2563 belle
616 2534 641 2563 ac
653 2512 722 2563 lacete
732 2514 883 2573 reprehendit:
896 2531 905 2555 t(
914 2514 985 2572 Quam

177 2636 179 2638 ,
197 2603 261 2644 recte,
269 2606 277 2629 >1
286 2588 365 2646 inquit,
374 2605 402 2634 ro
409 2587 499 2640 iudices,
508 2587 641 2645 praesidium
649 2586 774 2644 postulastis
783 2600 904 2635 metuentes
912 2608 940 2634 ne
948 2588 986 2634 da-

195 2675 243 2709 tum
258 2660 320 2709 vobis
331 2671 446 2718 argentum
458 2659 574 2717 quisquam
585 2658 696 2716 arriperet.
707 2674 716 2697 ³>
732 2657 777 2706 Sed
788 2658 865 2707 Cicero
877 2659 915 2707 ubi
932 2679 986 2707 con·

189 2795 216 2831 27.
230 2794 265 2831 Cic.
279 2794 315 2833 Aa.
328 2793 341 2830 1.
358 2793 382 2831 13.
396 2793 412 2830 3.
468 2793 496 2829 31.
508 2792 544 2830 Cic.
557 2793 592 2831 Au.
605 2792 618 2829 l.
635 2793 659 2830 to.
673 2792 690 2830 5.

152 2873 297 2883 ,-.-..--.

192 2916 211 2961 7.
226 2913 256 2961 Ex
272 2913 380 2969 vellento)
395 2917 462 2959 statim
476 2930 525 2957 corr.
596 2909 627 2958 17,
642 2910 722 2968 (salure
736 2918 749 2958 i.
764 2929 787 2963 n:
802 2921 844 2957 erat
859 2910 925 2981 salus?

155 2983 185 3027 l9.
200 2984 227 3027 ita
241 3001 287 3027 sscr.
348 3007 349 3013 1
734 2992 735 2995 ’
838 2981 841 2988 ’
