2093 3253
463 219 558 250 sicconis
572 198 693 251 potantum

208 332 247 381 sed
260 332 381 382 aliudesse
394 332 462 381 lerme
476 333 536 393 quod
549 334 646 383 recitaret
660 333 731 390 Maro,
745 334 804 383 aliud
817 333 877 394 quod
890 333 992 384 Mecenas

208 407 348 456 audientibus
362 407 479 456 videretur.
495 406 611 457 Enimvero
626 428 681 467 quae
697 409 798 457 recitabat
814 408 885 463 Maro,
901 428 926 466 ea
939 410 992 459 mira

161 507 163 509 ·
209 500 260 527 cum
272 479 414 544 delectatiqne
426 493 448 527 et
459 480 547 527 auribus
560 482 635 528 attenti
648 482 685 538 qui
698 482 786 528 aderant
801 481 924 529 audiebant.
940 481 992 529 Pro·

210 552 327 601 nunciabat
343 552 433 611 quidem
443 552 547 610 Virgilius
562 573 613 601 cum
627 553 738 602 lenociniis
748 566 769 602 et
779 550 882 602 suavitate
892 553 993 612 quadam.

183 626 196 674 5
213 623 315 673 Mecenas
330 627 381 674 uero
394 646 445 673 cum
459 626 516 674 vices
529 625 614 684 legendi
624 627 757 685 susciperet,
776 628 815 675 etsi
834 631 942 685 spectatus
961 629 993 676 vir

210 692 306 764 alioquin
319 719 344 748 ac
358 699 434 748 doctus
448 711 510 754 esset,
524 698 578 747 adeo
591 711 663 748 tamen
676 698 753 748 acerbe
765 699 862 759 adeoque
875 699 956 748 insulse
968 721 993 749 ac
1037 745 1046 767 ,

209 773 282 829 inepte
296 773 380 830 legebat
394 784 419 819 ut
433 791 489 830 quae
503 772 601 819 recitaret
615 773 668 830 ipse,
683 792 708 820 ea
722 773 782 820 nullo
796 773 839 820 sale
854 773 940 821 condita
955 775 993 821 sed

210 849 270 893 muta
285 850 332 894 esse
345 858 411 905 atque
426 846 497 893 inania
511 846 642 894 viderentur.
1041 843 1046 906 ¹·

251 918 363 967 Postremo
377 926 451 967 autem
466 917 568 976 Virgilius
582 918 708 973 Aeneidem,
723 920 821 967 omniurn
836 920 955 968 maximum
968 940 993 968 ac

171 991 197 1038 10
212 991 383 1048 pulcherrimum
401 993 460 1048 opus·
474 992 603 1048 gratumque
621 1004 642 1038 et
659 1004 772 1049 acceptum
790 991 895 1049 Augusto,
910 986 994 1050 coepit.

210 1062 308 1111 Primum
321 1082 368 1111 rem
381 1082 470 1110 omnem
483 1062 553 1111 soluta
567 1063 663 1111 oratione
676 1064 805 1122 composuit,
819 1064 898 1112 deinde
911 1064 934 1112 in
948 1084 994 1112 me·

209 1148 269 1183 trum
283 1136 353 1190 vertit,
362 1134 429 1193 idque
438 1134 528 1182 artifieio
536 1147 596 1182 tanto
605 1134 695 1192 perfecit
704 1135 764 1193 quod
772 1137 795 1183 in
804 1156 837 1190 eo,
846 1148 871 1183 ut
880 1136 923 1183 dici
932 1135 993 1191 solet,

210 1220 231 1255 et
245 1208 294 1265 agni
305 1207 403 1266 peditent
413 1219 434 1254 et
444 1206 526 1254 camelli
537 1211 618 1255 natant.
629 1206 746 1255 Caesarum
756 1207 815 1255 enirn
824 1220 913 1266 aspectu
922 1207 994 1266 primo

161 1295 162 1298 ’
210 1280 315 1338 originem
325 1293 347 1328 et
357 1279 430 1328 laudes
441 1301 466 1327 ac
476 1292 535 1337 gesta
545 1279 620 1337 populi
631 1279 722 1328 Romani
733 1281 798 1329 canit.
808 1280 890 1328 Verum
900 1281 918 1328 si
928 1281 993 1329 corti-

172 1354 197 1403 15
213 1374 260 1402 cem
275 1354 356 1412 palpas,
373 1357 403 1402 ea-
412 1353 483 1401 suavis
499 1365 531 1401 est
546 1365 611 1411 atque
626 1353 726 1402 iocunda.
742 1353 766 1401 Si
782 1353 891 1402 medulam
905 1354 994 1412 inspicis
1042 1354 1046 1403 ’ῑ

210 1438 231 1473 et
246 1426 309 1484 plane
324 1426 431 1483 degustas,
446 1444 471 1473 ea
485 1424 548 1483 plena
563 1426 639 1483 optimi
650 1426 731 1484 saporis
742 1445 767 1473 ac
777 1427 893 1484 sapientiae
904 1445 994 1484 magnae
1041 1425 1046 1475 s

211 1498 285 1547 est.·Si
296 1497 441 1557 eloquentiam
451 1499 529 1555 tangis,
541 1518 565 1545 ea
577 1510 636 1545 tanta
649 1511 681 1546 est
689 1511 713 1546 ut
724 1499 746 1546 in
757 1511 820 1557 poeta
831 1511 938 1546 oratorem
948 1519 994 1546 esse
1041 1534 1042 1537 η

154 1617 156 1619 ,
176 1565 178 1567 .
210 1577 335 1631 cognoscas.
350 1572 374 1619 Si
394 1572 456 1618 metri
475 1571 603 1628 elegantiam
621 1571 793 1628 dignitatemque
810 1572 940 1625 consideras,
960 1572 995 1619 hic

162 1654 163 1658 ’
211 1646 304 1691 caeteros
319 1644 357 1702 qui
373 1642 446 1691 Latini
459 1643 502 1690 sint
514 1644 588 1701 poetas
602 1643 692 1691 excellit.
706 1643 730 1691 Si
742 1643 836 1702 denique
849 1644 922 1691 omnia
934 1643 994 1692 colli·

162 1716 198 1764 ’20
212 1717 252 1774 gis,
267 1717 339 1775 ipsum
349 1735 395 1764 esse
405 1735 475 1763 unum
484 1715 543 1774 apud
554 1715 649 1770 Latinos,
660 1728 685 1764 ut
695 1728 727 1763 est
738 1715 846 1764 Homerus
856 1716 915 1774 apud
926 1715 994 1764 Grae·
1039 1730 1045 1777 ,f

211 1810 255 1845 cos,
271 1790 308 1849 qui
323 1789 457 1850 principetur
469 1809 494 1837 ac
506 1801 569 1847 poeta
589 1789 617 1837 sit
628 1790 688 1837 omni
700 1790 747 1837 iure
759 1810 784 1837 ac
796 1790 873 1837 merito
884 1789 994 1848 appellan-
1044 1806 1046 1829 ῑ

163 1889 165 1891 ·
207 1863 252 1927 ¹dus
267 1863 335 1910 vides.
351 1863 430 1919 Scripti
441 1862 468 1908 ab
479 1882 505 1908 eo
515 1863 586 1919 operis
597 1862 662 1909 huius
672 1862 722 1909 libri
732 1862 777 1910 Xll
789 1868 847 1910 sunt.
858 1863 934 1909 Annos
944 1881 995 1910 vero
1041 1916 1042 1919 Ἴ

166 1961 168 1965 -
211 1935 233 1981 in
244 1934 274 1981 eis
289 1932 424 1994 perficiendis
434 1932 467 1981 Xl
477 1934 557 1991 posuit.
568 1933 599 1981 Ut
608 1952 659 1982 vero
669 1934 740 1992 coepit
750 1933 791 1981 hoc
801 1942 855 1992 opus
865 1934 932 1992 idque
941 1934 995 1982 ami·

208 2009 249 2061 cis,
264 2022 289 2055 ut
303 2008 349 2055 lieri
362 2007 429 2061 solet,
439 2007 558 2055 videndum
571 2007 675 2062 exhibuit,
689 2010 748 2055 tanta
760 2009 806 2055 eius
818 2002 926 2065 increbuit
938 2008 996 2069 lama

170 2081 198 2129 25
213 2090 238 2128 ut
252 2082 324 2138 ipsum
339 2081 397 2129 caelo
407 2080 495 2128 ferme
486 2101 523 2138 qur
518 2081 632 2128 viderent
642 2101 717 2127 omnes
728 2081 828 2128 laudibus
843 2081 995 2152 adaequarent.
1043 2094 1045 2097 “

212 2153 284 2201 Multa
295 2166 346 2201 sunt
357 2152 431 2218 multis
442 2173 455 2199 a
465 2152 535 2200 doctis
547 2171 598 2218 sane
609 2153 660 2200 viris
671 2165 736 2211 atque
748 2153 816 2211 poetis
830 2159 938 2200 summam
950 2153 995 2200 eius
1016 2152 1018 2156 Α
1044 2160 1045 2202 j

211 2227 238 2274 ad
253 2227 340 2274 laudem
351 2227 415 2274 dicta.
421 2213 553 2284 Propertius
566 2247 661 2285 nanque,
671 2226 708 2284 qui
722 2240 786 2284 poeta
798 2240 854 2274 esset
867 2246 964 2284 egregius
975 2240 996 2274 et
1045 2234 1046 2238 ’

211 2299 282 2346 bonus
297 2300 369 2354 iudex,
384 2307 409 2346 ut
424 2311 543 2357 preteream
563 2311 665 2353 caeteros,
685 2299 740 2357 quid
754 2300 842 2347 sentiret
857 2299 919 2347 hoc
913 2312 955 2346 isto
969 2299 997 2346 de
1041 2336 1043 2338 ψ

212 2390 276 2430 opere
292 2372 325 2420 his
340 2372 438 2420 versibus
453 2370 561 2454 patefecit:
578 2388 586 2412 t<
595 2371 679 2426 Cedite,
691 2371 783 2419 Romani
794 2373 916 2430 scriptores,
927 2372 998 2425 cedite

170 2445 199 2494 30
215 2444 275 2495 Grai:
290 2444 370 2495 Nescio
380 2445 433 2504 quid
442 2466 511 2494 marus
520 2457 615 2493 nascitur
626 2444 717 2494 llrade
731 2443 782 2494 Erat
773 2457 872 2504 quippe
881 2445 940 2504 apud
948 2465 996 2494 om
1040 2470 1042 2504 r

159 2522 166 2560 s
212 2539 249 2579 nes
264 2518 387 2566 visendi
369 2538 415 2566 eius
435 2518 555 2576 expectatio
576 2537 660 2576 magna.
680 2517 804 2577 Augustum
823 2537 874 2566 vero
894 2517 1042 2566 mirabilis
1041 2512 1042 2530 l

168 2596 170 2598 ’
211 2592 268 2639 lama
282 2593 336 2640 adeo
351 2592 492 2640 inflammavit
507 2592 613 2639 desiderio
628 2592 716 2639 videndi
731 2604 756 2639 ut
771 2593 848 2639 mediis
863 2612 875 2639 e
890 2592 997 2641 bellorum
1040 2591 1046 2657 l

212 2664 269 2713 curis
277 2677 343 2724 atque
351 2663 404 2723 ipsis
413 2685 425 2712 e
434 2664 508 2712 castris
517 2662 577 2721 (nam
585 2662 688 2723 gerebatt
679 2676 732 2713 tunc
740 2664 762 2713 in
771 2663 898 2713 Catambros
907 2663 997 2719 bellum;
1041 2660 1042 2732 l

207 2837 235 2874 27.
248 2838 296 2881 Prop.
311 2836 331 2873 ll,
346 2838 374 2875 34.
388 2836 443 2873 65-66
456 2837 499 2880 apud
512 2836 573 2874 Donat.
587 2837 625 2874 Vtra
638 2837 684 2883 Verg.
697 2853 712 2874 v.
729 2837 760 2874 l02
772 2838 800 2874 ΒΥ.

214 2995 246 3041 23.
261 2995 343 3051 (coep)it
357 2996 396 3040 hoc
409 3001 422 3039 i.
438 3013 454 3038 r.
509 2993 542 3039 24.
557 2959 648 3040 exhibuit
662 3002 674 3039 i.
690 3015 705 3039 r.
