2093 3253
230 164 359 195 scnuronuu
373 163 498 194 itcusrniuu
511 175 526 180 —
539 163 598 195 ernau
610 163 664 196 vuu.
745 149 746 153 ’
825 149 864 196 243

78 285 170 333 Romam
181 282 260 330 deinde
275 283 331 330 inter
340 281 490 338 familiaresac
506 282 635 330 domesticos
646 280 729 328 habuit.
740 279 789 328 Hoc
799 279 864 337 igitur

77 356 178 413 magistro
189 373 242 403 usus
253 354 330 403 litteris
341 366 427 403 tautum
438 353 519 411 ingenii
529 374 554 402 ac
566 372 631 411 opere
642 352 703 401 dedit
713 364 739 400 ut
750 353 788 411 qui
799 371 865 400 senex

77 431 192 486 inceperat,
209 426 310 475 didicisse
325 447 338 474 a
352 426 425 485 pueris
440 446 465 474 ac
480 426 569 475 caeteris
584 426 668 493 doctior
683 424 800 474 videretur.

118 499 210 548 Biennio
225 499 298 548 autem
313 512 454 560 posteaquam
469 511 525 548 esset
539 512 639 559 praetura
655 497 771 548 defunctus
787 497 863 547 consul

52 578 63 627 5
78 586 161 622 creatus
173 584 212 621 est.
224 572 336 632 Collegam
346 592 398 622 vero
409 572 485 621 hocin
496 573 621 632 magistratu
632 572 793 633 habuit-ipsum
803 569 866 620 illum

77 646 187 695 Valerium
197 645 299 694 Flaccum
309 646 371 694 cuius
382 664 447 704 opera
456 658 522 704 atque
532 646 622 694 consilio
633 646 725 693 Romam
735 664 762 692 ex
772 643 863 692 Tusculi

77 717 159 778 oppido
174 717 263 768 veniens
280 737 369 776 magnos
385 716 414 767 ad
430 716 522 767 honores
540 730 561 767 et
578 717 714 777 magistratus
726 716 863 770 ascenderat.

119 791 160 840 His
188 791 314 840 consulibus
343 803 409 850 atque
419 792 547 851 priusquam
575 791 697 850 provincias
726 791 861 844 sortirentur,

78 866 167 914 minima
182 884 246 913 exre
261 866 372 913 contentio
386 877 419 912 est
435 884 512 921 magna
526 885 551 911 ac
566 883 634 922 prope
649 864 727 911 seditio
742 877 796 912 orta.
814 864 865 921 Ipso

42 941 66 989 10
80 958 166 997 nanque
181 937 254 986 medio
267 937 290 986 in
304 937 381 986 ardore
395 936 446 986 belli
460 937 550 986 secundi
565 937 648 991 Punici,
663 936 724 995 quod
737 936 802 995 paulo
816 948 866 985 ante

77 1011 164 1059 linitum
181 1024 232 1066 erat,
250 1009 320 1069 legem
337 1010 371 1059 M.
388 1010 482 1069 Oppius,
499 1010 601 1059 tribunus
617 1009 695 1070 plebis,
713 1009 741 1067 Q.
759 1008 827 1058 Fabio
844 1023 865 1058 et

33 1130 34 1133 ,
79 1082 106 1131 T.
122 1083 252 1141 Sempronio
266 1083 391 1140 consulibus
406 1082 491 1137 tulerat,
507 1103 562 1143 quae
577 1081 642 1131 simul
657 1096 678 1130 et
693 1081 785 1150 modum
799 1102 862 1130 orna-

79 1169 153 1204 mento
171 1156 287 1205 mulierum
305 1156 369 1204 dabat
387 1169 408 1204 et
426 1174 472 1204 rem
489 1155 600 1215 publicam
617 1154 719 1205 lacultate
731 1152 819 1217 lprivata
836 1155 866 1204 ob

68 1230 182 1278 ‘maximas
194 1229 266 1279 clades
279 1229 383 1279 exhausto
396 1230 477 1278 aerario
490 1228 612 1279 adiuvabat.
628 1228 719 1278 lubebat
732 1229 823 1289 quidem
835 1248 863 1277 ne

42 1304 64 1351 l5
80 1323 122 1359 qua
136 1302 213 1350 mulier
226 1301 275 1360 plus
288 1303 407 1350 semiuncia
419 1302 466 1349 auri
479 1303 502 1349 in
514 1321 566 1350 aure
578 1301 644 1349 lerret
657 1322 700 1349 neu
712 1303 867 1350 vestimentum

80 1374 158 1425 diversi
172 1373 250 1424 coloris
265 1374 353 1424 haberet
367 1395 410 1424 neu
424 1374 524 1423 vehiculo
538 1375 560 1423 in
574 1375 628 1423 urbe
643 1374 751 1434 oppidove
765 1387 802 1423 aut
816 1392 867 1433 pro-

79 1447 128 1507 pius
139 1448 190 1497 inde
201 1447 260 1497 mille
272 1448 300 1497 ad
313 1468 389 1508 passus
400 1448 441 1497 nisi
452 1467 563 1497 sacrorum
575 1447 714 1507 publicorum
727 1468 791 1497 causa
800 1449 865 1498 vehe-

80 1532 145 1574 retur;
162 1521 268 1579 quicquid
283 1533 356 1569 autem
371 1520 418 1569 auri
435 1539 500 1578 supra
515 1534 578 1575 esset,
595 1521 618 1569 id
633 1533 705 1570 totum
721 1522 744 1569 in
759 1522 866 1569 aerarium

37 1630 38 1633 ,
80 1592 125 1641 sine
142 1590 219 1642 lraude
236 1591 365 1642 conferrent.
384 1592 431 1643 Nec
448 1592 573 1642 lamentatio
590 1592 633 1642 ulla
651 1590 773 1648 mulierum,
792 1593 866 1653 quoad

41 1664 65 1711 20
79 1684 113 1713 res
130 1665 198 1714 dubio
215 1667 256 1714 sub
273 1666 330 1715 bello
346 1665 395 1721 tuit,
413 1667 487 1715 audita
504 1679 546 1715 est.
561 1667 614 1724 Legi
631 1667 732 1715 mulieres
748 1667 825 1715 tacitae
841 1671 868 1714 ac

80 1738 204 1788 obedientes
219 1752 334 1798 paruerant
349 1759 431 1788 omnes.
447 1738 520 1788 Finito
533 1753 607 1788 autem
621 1739 678 1788 bello
692 1752 757 1798 atque
772 1740 863 1798 imperio

80 1810 212 1870 amplissime
226 1824 290 1861 aucto
308 1811 361 1870 (iam
379 1810 411 1861 XI
431 1824 476 1861 erat
494 1810 573 1871 annus)
592 1811 692 1861 mulieres
711 1811 807 1871 primum
825 1828 865 1872 per

80 1884 221 1955 conciliabula
236 1886 296 1945 apud
310 1906 363 1941 sese,
380 1886 460 1936 deinde
474 1886 540 1946 apud·
549 1887 606 1936 viros
622 1907 673 1935 suos
689 1899 710 1935 et
725 1887 806 1936 amicos
821 1887 866 1945 priu

35 1997 37 2000 .
80 1960 146 2008 vatim
162 1972 263 2018 quaestae
279 1972 337 2009 sunt.
354 1959 466 2009 Postremo
481 1973 555 2009 autem
570 1979 621 2008 cum
637 1979 699 2008 aures
715 1979 738 2008 se
753 1959 865 2008 audientes

41 2028 66 2077 25
82 2050 121 2078 nec
132 2031 191 2089 apud
202 2031 290 2079 maritos
301 2052 341 2079 nec
351 2031 411 2089 apud
421 2031 552 2081 necessarios
562 2032 691 2086 invenirent,
707 2032 819 2080 turmatim
829 2051 868 2090 per

38 2139 40 2144 .
80 2102 139 2152 vicos
153 2124 178 2152 ac
191 2102 316 2164 frequentes
330 2104 354 2154 in
367 2103 481 2163 publicum
495 2105 518 2154 in
532 2104 667 2164 Capitolium
680 2104 708 2153 ad
723 2105 867 2164 magistratus,

80 2176 108 2224 ad
117 2191 223 2232 senatum,
234 2177 262 2227 ad
272 2177 371 2226 consules
382 2178 516 2227 devenerunt
526 2192 592 2239 atque
602 2179 686 2238 pudore
696 2179 756 2227 omni
767 2178 869 2227 muliebri

81 2249 180 2308 deposito
194 2270 238 2298 non
252 2251 309 2298 viros
324 2250 390 2298 modo
404 2269 429 2298 ac
443 2252 574 2299 necessarios
589 2270 639 2300 suos
654 2251 693 2299 sed
706 2251 788 2300 alienos
801 2264 868 2311 atque

47 2380 48 2383 Ἴ
80 2319 201 2381 incognitos
223 2322 347 2378 retinentes,
370 2335 395 2372 ut
417 2321 510 2372 leminae
533 2323 609 2380 solent,
632 2323 740 2384 precibus,
764 2324 864 2381 lacrimis,

41 2389 68 2440 30
82 2393 212 2445 clamoribus
231 2397 304 2445 omnia
323 2395 442 2455 replebant.
464 2396 490 2445 ld
509 2397 575 2446 modo
594 2398 697 2457 petebant
715 2411 740 2447 ut
759 2417 814 2458 quae
832 2398 868 2447 lex

23 2533 24 2536 Ἴ
80 2466 170 2516 adverso
184 2467 241 2517 bello
255 2469 312 2528 ipsas
327 2469 426 2518 libertate
439 2490 464 2518 ac
478 2476 606 2519 ornamento
620 2472 731 2530 privasset,
747 2491 795 2520 eam
808 2492 867 2520 nunc

80 2539 144 2589 rebus
161 2541 228 2589 deum
242 2541 376 2600 benignitate
391 2542 492 2591 secundis
508 2542 644 2602 abrogarent.
661 2543 756 2592 Favebat
772 2544 802 2592 eis
818 2563 868 2604 pars

81 2614 173 2662 maxima
185 2613 361 2674 civitatumque,
374 2627 399 2664 ut
411 2614 570 2672 exaudirentur,
585 2615 618 2666 M.
628 2615 747 2666 Fundanus
760 2630 781 2666 et
790 2616 816 2666 L.
825 2615 868 2666 Va=

81 2683 152 2741 lerius,
169 2687 208 2746 qui
224 2700 296 2736 essent
311 2688 394 2736 tribuni
410 2687 488 2747 plebis,
505 2689 610 2738 concione
625 2702 701 2739 vocata
717 2688 745 2738 ad
761 2689 869 2755 populum

43 2753 68 2802 35
83 2760 210 2808 retulerunt.
221 2760 304 2808 Contra
314 2778 366 2809 vero
376 2760 410 2810 M.
422 2754 443 2809 et
453 2759 481 2809 T.
495 2761 578 2815 lunius,
589 2762 671 2810 tribuni
683 2761 759 2820 plebis,
771 2782 798 2811 ne
808 2756 870 2811 audi·
885 2769 887 2772 ’

45 2870 185 2885 Μ

81 2934 99 2979 2.
114 2936 153 2982 Pro
169 2953 246 2991 operae.
301 2936 334 2982 35.
348 2937 463 2983 concione...
478 2936 605 2994 retuderunt)
620 2946 633 2984 ι’.
646 2960 661 2985 r.
