2093 3253
138 192 179 238 4⁶2
440 208 535 239 sreconrs
549 207 668 239 roranronr
712 208 714 210 ·

145 366 147 371 .
181 318 365 370 nulloaGraeco
377 320 465 380 politius
478 340 518 369 nec
531 321 606 370 maiori
619 341 670 370 cum
683 321 787 379 dignitate
799 330 898 379 possent
909 320 968 371 Haec
1036 371 1038 373 ,

145 427 147 438 ,
182 392 279 453 quidem,
296 405 321 442 ut
338 394 462 449 memoravi,
479 392 555 443 litteris
572 407 593 443 et
610 393 699 444 Graecis
716 406 737 443 et
754 391 837 442 Latinis
854 391 968 453 solutaque
1037 384 1046 442 ⁵[

182 465 277 515 dictione
287 467 312 514 ac
323 479 392 515 metro
403 466 482 525 scripta
492 486 538 514 esse
548 487 560 514 a
571 464 676 515 Cicerone
686 485 737 514 cum
747 486 787 514 suo
797 478 846 513 tum
855 476 970 514 auctorum

183 538 301 587 illustrium
314 538 439 586 testimonio
454 551 475 586 et
489 536 625 586 confessione
639 539 715 597 liquet.

156 614 168 662 5
226 609 333 660 Historias
343 629 399 659 vero
406 611 520 670 presertim
530 623 655 670 temporum
666 627 756 659 suorum
767 622 788 658 et
800 607 883 671 Latinis
894 607 970 658 litteris
1037 609 1038 612 ’

183 699 210 735 et·
219 684 286 743 digno
299 703 354 733 cum
364 697 441 733 ornatu
454 683 548 733 scribere
561 704 612 733 cum
626 684 715 733 redisset
733 684 761 733 ab
779 682 843 732 exilio
861 682 968 742 cogitavit.

184 758 296 806 Laudabat
311 757 426 804 consilium
441 756 536 813 Quintus
551 757 616 805 irater
631 756 800 814 hortabaturque
814 776 842 803 ne
857 755 929 809 modo,
944 768 969 803 ut

147 871 149 874 .
184 843 312 890 conceperat
322 828 401 884 animo,
413 850 469 889 quae
479 828 569 885 vidisset
579 829 632 889 ipse,
644 828 683 878 sed
693 828 800 878 ordiretur
811 829 859 888 ipso
869 827 897 876 ab
903 827 970 881 „initio
1036 845 1041 888 j

184 925 228 964 quo
241 903 293 951 urbs
307 902 376 951 Roma
389 903 476 951 condita
486 902 555 952 luerat
566 916 587 952 et
598 924 653 963 quae
666 923 731 951 suum
743 902 772 951 ad
784 902 843 951 diem
853 922 923 961 usque
932 914 970 951 aut

117 1031 120 1034 ,
144 979 171 1025 10
186 996 238 1035 pace
250 989 287 1024 aut
299 975 356 1024 bello
369 989 428 1033 gesta
440 989 511 1024 essent
519 975 596 1024 ⁴omnia
608 996 675 1034 quam
686 970 969 1033 ornatissime'memoraret,

186 1047 291 1097 incitabat
307 1068 396 1106 quoque
411 1048 484 1105 ipsum
499 1048 560 1106 quod
575 1047 685 1096 Romanae
701 1066 734 1096 res
750 1069 762 1096 a
777 1047 925 1105 superioribus
940 1048 970 1095 ita
1039 1060 1046 1104 53

185 1120 276 1178 scriptae
297 1131 321 1167 ut
342 1118 501 1179 negligerentur
522 1131 600 1168 essent.
621 1118 672 1167 Erat
692 1118 775 1179 quippe
790 1119 910 1179 scripturus
926 1118 969 1167 his·

185 1194 250 1242 torias
260 1192 349 1242 Cicero.
365 1193 392 1241 ld
405 1193 464 1242 enirn
478 1207 527 1253 post
540 1193 629 1242 exilium
647 1193 717 1242 lacere
738 1188 839 1251 cogitavit
853 1212 917 1251 saepe
931 1212 970 1241 nec
1041 1194 1044 1229 ’ἶ

122 1304 123 1307 ¹
185 1266 225 1314 alia
239 1285 262 1313 re
275 1267 348 1313 omisit
361 1266 383 1313 ni
397 1267 457 1323 quod
471 1266 544 1313 multis
558 1266 652 1323 negociis
666 1266 783 1323 impeditus
797 1266 877 1319 ocium,
891 1265 923 1313 uti
937 1285 970 1312 res
1017 1323 1019 1328 Δ
1037 1279 1041 1331 s

147 1340 172 1389 l5
187 1338 287 1398 exigeret,
301 1351 354 1387 tunc
368 1337 461 1388 liberum
476 1359 520 1388 non
535 1337 630 1388 liaberet.
645 1338 742 1398 Scriptos
756 1351 829 1392 tamen
843 1358 889 1387 esse
903 1337 931 1387 ab
945 1358 971 1386 eo
999 1389 1000 1392 ,
1020 1346 1023 1349 ’
1040 1351 1047 1397 ,ᾗ

186 1411 280 1461 Annales
290 1425 363 1470 ,atque
381 1412 408 1460 de
425 1411 596 1471 Cosmograpbia
613 1410 680 1461 libros
697 1411 818 1460 Priscianus
835 1408 908 1459 relert.
926 1410 971 1459 Sed

187 1484 333 1543 fragmentum
349 1496 413 1532 extat.
430 1485 502 1533 Multa
518 1497 569 1533 sunt
584 1504 597 1531 a
613 1485 675 1533 nobis
692 1496 713 1532 et
729 1484 751 1532 in
767 1482 903 1531 Academicis
919 1503 970 1531 con·
1042 1487 1045 1514 ἶ

158 1580 160 1602 ;
187 1556 273 1613 scripta,
285 1556 312 1603 de
322 1576 367 1614 quo
377 1556 432 1614 quid
442 1556 548 1604 affirmem
558 1557 611 1605 certi
621 1577 666 1604 non
675 1556 747 1604 video.
767 1555 791 1603 Si
802 1575 849 1603 rem
864 1574 889 1603 ac
903 1575 972 1612 genus
1029 1558 1044 1607 J

188 1628 274 1676 dicendi
291 1639 361 1684 gusto,
379 1627 508 1676 Ciceronem
524 1628 587 1686 sapit;
604 1628 622 1675 si
639 1628 709 1686 operis
726 1647 806 1675 nomen
822 1625 972 1686 perquiro,id

108 1763 110 1765 -
145 1702 174 1749 20
189 1720 297 1757 nusquam
315 1700 409 1748 invenio.
427 1700 509 1748 Rerum
526 1700 616 1758 quidem
634 1702 764 1749 creationem
781 1700 973 1757 aeternitatemque

187 1772 314 1832 perquirens
330 1772 443 1830 investigat
457 1772 554 1834 primum
568 1772 623 1831 quid
637 1785 669 1821 est
684 1773 744 1830 quod
758 1790 844 1830 semper
859 1771 886 1819 sit
902 1791 972 1830 neque

187 1845 257 1895 ullum
272 1845 337 1894 habet
352 1858 431 1894 ortum.
456 1844 613 1894 Praefationem
638 1866 684 1894 esse
709 1844 820 1895 Ciceronis
845 1846 868 1894 in
878 1843 972 1893 Platonis
1040 1864 1045 1881 τ

188 1917 304 1967 Timaeum
317 1917 384 1976 aliqui
399 1918 529 1972 existimant;
545 1918 572 1966 de
587 1917 653 1966 Caelo
667 1930 689 1965 et
704 1917 791 1966 Mundo
806 1917 902 1976 quidam,
912 1911 974 1975 quod

188 1991 248 2051 loqui
263 2011 287 2039 ea
302 1990 329 2039 de
347 2010 370 2039 re
388 1990 492 2046 videatur,
511 1990 627 2050 appellant.
646 1991 725 2050 Neque
743 2009 794 2040 vero
813 1989 923 2039 dissimilis
941 2002 973 2042 est
1040 2020 1042 2041 z

146 2067 175 2115 25
190 2083 278 2124 prorsus
293 2084 344 2113 vero
355 2064 442 2114 illorum
454 2064 528 2124 opinio
539 2066 577 2123 qui
589 2085 644 2123 opus
655 2064 678 2117 id
689 2077 778 2123 ceptum
789 2084 835 2112 esse
846 2085 859 2112 a
870 2062 975 2120 Cicerone

190 2137 228 2185 sed
238 2157 283 2184 non
293 2135 415 2194 perlectum
425 2149 494 2184 morte
504 2136 637 2194 impediente
646 2148 731 2194 putant.
742 2136 799 2184 Sunt
809 2155 898 2194 quoque
907 2132 973 2182 libelli

144 2241 145 2244 =
190 2210 217 2259 de
232 2208 364 2264 Sinonomis,
384 2209 411 2258 de
430 2209 564 2260 Differentiis
583 2208 713 2263 Verborum,
732 2208 759 2258 de
778 2208 810 2257 Re
829 2206 927 2262 Militari,
947 2207 974 2256 de
1045 2222 1047 2225 ⁴

190 2281 337 2331 Grammatica
348 2282 448 2331 Ciceroni
460 2283 565 2341 inscripti,
577 2282 616 2330 sed
627 2282 668 2331 hos·
678 2281 786 2340 proiectos
797 2282 825 2330 ab
837 2302 863 2331 eo
874 2281 912 2341 qui
924 2292 974 2330 sunt

190 2355 253 2414 periti
263 2354 352 2403 omnino
362 2354 499 2404 dissentiunt.
509 2354 587 2404 Audiri
597 2355 661 2404 etiam
671 2353 740 2403 solent
750 2353 788 2414 qui
798 2375 842 2403 non
851 2354 892 2402 ista
901 2353 974 2406 morlo,

147 2430 176 2477 30
191 2449 247 2488 quae
266 2429 312 2477 viro
332 2441 392 2477 tanto
412 2428 477 2487 digna
495 2449 539 2476 non
554 2427 628 2483 fatear,
645 2428 684 2477 sed
699 2427 811 2487 complura
826 2448 852 2476 ex
871 2425 912 2475 illis
932 2446 975 2486 que

191 2501 281 2550 illustria
291 2514 341 2549 sunt
352 2514 372 2550 et
383 2501 427 2550 dixi
436 2523 449 2550 a
459 2502 564 2550 Cicerone
574 2502 653 2560 scripta
662 2514 748 2560 negant.
759 2501 806 2549 Nos
815 2520 867 2549 vero
877 2500 915 2548 bas
925 2501 975 2548 mit·
1023 2512 1031 2529 ·’
1043 2499 1047 2538 s

191 2587 261 2623 tamus
279 2575 429 2623 contentiones
448 2588 469 2623 et
487 2574 586 2623 Stoicum
603 2575 632 2623 ad
650 2575 761 2629 Senecam,
780 2575 812 2622 uti
831 2574 884 2622 ordo
902 2573 975 2631 exigit,
1043 2572 1047 2626 'v

190 2659 332 2694 transeamus.

189 2749 214 2788 n.
226 2749 277 2787 raso.
289 2750 330 2788 na.
342 2749 372 2787 vr.
385 2749 407 2786 aa
420 2749 449 2795 (u,
461 2740 478 2795 i·
492 2749 526 2787 zar
539 2749 569 2795 x).

188 2840 208 2884 6.
222 2840 253 2886 Ex
267 2848 337 2884 ornate
350 2855 400 2885 corr.
456 2837 486 2883 18,
500 2855 543 2883 rem
556 2856 579 2884 ac
592 2856 637 2885 sacr.
691 2837 724 2884 22.
734 2838 901 2885 Praelationem...
910 2839 977 2885 existi·
1044 2874 1046 2876 v

149 2917 204 2951 mant
218 2913 232 2951 ι’.
247 2925 271 2951 m.
286 2905 322 2959 ins.
338 2906 394 2956 odd:
407 2906 515 2951 Timaeum
528 2924 551 2951 ex
564 2905 719 2963 Tb(imaeum?)
728 2912 794 2953 statim
807 2925 863 2958 corr.;
878 2907 924 2953 Hoc
932 2915 978 2952 ante

150 2973 176 3034 de
190 2971 250 3018 Caelo
264 2991 313 3018 eras.
348 2985 350 2989 ’
368 2974 401 3019 32.
416 2975 446 3019 Ex
460 2979 483 3017 ut
496 2992 544 3018 corr.
