2093 3253
245 199 381 232 scnnroauu
396 199 523 232 utusrnruu
536 211 550 216 —
563 199 621 231 urana
635 199 685 231 xvn.
838 185 878 231 485

89 335 100 360 a
114 334 138 361 se
151 313 232 366 donati.
247 313 276 360 ita
289 312 332 360 lrui
346 312 502 371 opibus'simul
516 326 537 361 et
550 313 623 372 quiete
638 314 757 361 desiderata
769 314 880 371 permisit,

91 387 130 438 Me
144 398 217 436 autem
232 384 308 436 decere
322 385 419 446 accipere
433 402 489 446 quae
504 386 570 451 habes
586 407 632 437 non
648 385 745 454 intelligo
761 404 801 436 nec
816 386 880 437 video

89 481 136 510 esse
151 460 269 509 modestiae
283 473 333 509 tuae
347 459 398 508 inde
412 460 499 510 laudern
513 479 618 519 quaerere
632 460 691 509 unde
705 461 776 509 amico
791 459 879 509 inlamia

90 535 178 583 oriatur.
191 531 251 591 Opes
264 554 276 582 a
288 545 310 581 te
323 532 492 593 haudquaquam
504 546 581 593 sponte
594 534 697 583 dimissas
711 533 749 582 sed
762 533 784 582 vi
797 545 882 592 ereptas

64 607 169 664 5vulgus
185 606 383 664 semper‘invpeius
403 626 497 665 pronum
515 607 595 656 credet.
615 606 725 665 Equidem
745 619 881 665 postponen·

91 680 145 728 dum
158 690 180 726 te
195 698 235 727 nec
247 678 276 728 C.
291 678 400 727 Mecenati
414 699 454 728 nec
468 679 502 729 Μ.
516 679 629 739 Agrippae
641 699 727 731 censeo.
741 679 882 728 Adiuvarunt

91 752 122 801 illi
137 752 262 810 Augustum
278 750 343 808 bello}
359 765 445 812 tempus
461 752 484 802 id
500 752 574 803 multis
590 752 756 804 adversantibus
773 745 890 811 exigebat(

92 827 158 874 Arma
173 836 197 873 tu
213 823 270 873 nulla
285 843 325 883 pro
340 845 375 873 me
389 825 486 874 induisti.
496 827 548 875 Non
558 826 600 874 tuit
609 827 701 880 occasio,
711 826 774 884 quod
783 825 882 873 delatum

92 899 120 949 ad
134 919 169 948 me
184 898 300 958 imperium
315 900 343 948 sit
357 898 483 948 adversante
498 898 558 949 nullo
573 899 640 959 idque
655 898 720 947 rebus
737 897 881 957 pacatissimis

54 978 79 1025 10
95 975 193 1021 babeam.
208 971 291 1021 Verum
305 973 385 1031 quibus
403 972 493 1030 egebam
510 973 539 1021 ad
556 972 680 1021 subsidium
698 973 772 1021 aetatis
786 984 817 1019 'ac
835 971 881 1019 lor-

92 1059 158 1094 tunae
173 1064 233 1093 meae
246 1056 272 1093 tu
283 1064 317 1092 me
328 1044 416 1103 optimis
428 1044 539 1098 doctrinis,
550 1057 575 1093 tu
586 1065 620 1093 me
631 1036 762 1102 gravissimis
774 1044 881 1097 moribus,

93 1132 168 1180 tume
182 1117 345 1176 sapientissimis
362 1117 456 1165 consiliis
472 1118 585 1166 adiuvasti.
603 1118 666 1174 Quae
683 1117 789 1165 beneficia
806 1117 829 1164 in
846 1137 882 1164 me

93 1204 130 1238 tua
144 1190 249 1247 impressa
264 1189 318 1237 milri
334 1202 355 1237 et
370 1190 509 1247 impresentia
525 1203 575 1238 sunt
591 1203 612 1237 et
628 1190 734 1252 memoria
749 1189 883 1246 sempiterna

94 1274 164 1312 erunt.
179 1261 258 1321 Neque
271 1275 293 1311 te
306 1261 500 1312 defuturummihi
514 1263 602 1317 suadeo,
616 1257 676 1317 cum,
690 1262 730 1312 etsi
743 1282 838 1311 annosus
852 1261 881 1309 sis

53 1339 80 1386 ,15
95 1356 120 1384 ac
134 1336 251 1394 plusquam
265 1356 337 1390 senex,
356 1356 380 1384 ea
391 1350 470 1385 tamen
487 1337 554 1385 deum
571 1355 661 1385 munere
678 1335 718 1384 tibi
737 1349 758 1384 et
775 1334 842 1383 animi
860 1349 882 1381 et

94 1408 190 1466 corporis
204 1408 333 1467 prosperitas
347 1409 375 1456 sit
388 1421 412 1457 ut
425 1427 561 1467 perseverare
574 1410 643 1467 possis
657 1429 682 1456 ac
696 1408 816 1456 milii'sane
828 1428 880 1455 con-

90 1480 164 1542 sulere
179 1481 218 1529 nes
233 1502 268 1529 me
283 1481 380 1530 deserere
395 1481 473 1531 debeas
488 1481 529 1530 lroc
543 1482 658 1541 presertim
672 1480 757 1548 imperii
774 1480 883 1540 principio

96 1566 117 1601 et
131 1555 171 1602 hac
187 1576 233 1602 mea
244 1555 338 1622 iuventa,
349 1576 401 1604 cum
412 1557 439 1604 sit
451 1556 503 1604 milri
516 1568 537 1604 et
548 1556 632 1604 consilii
643 1568 665 1603 et
676 1555 749 1603 auxilii
760 1550 792 1603 tui
805 1574 883 1613 magna

96 1626 218 1674 necessitas
233 1625 267 1674 Te
281 1619 354 1676 autem
369 1627 487 1685 pavefaciar
502 1628 605 1676 nullus
590 1640 663 1676 timor
680 1628 729 1675 Hoc
744 1627 804 1674 enirn
818 1625 881 1685 polli

54 1684 83 1748 20
98 1718 147 1747 ceor
161 1699 205 1746 tibi
214 1711 279 1756 atque
290 1718 329 1757 per
341 1720 396 1757 quos
408 1700 440 1748 vis
452 1700 522 1748 deos
516 1719 564 1747 iuro
576 1699 639 1756 (milri
651 1697 731 1755 crede)
744 1699 816 1756 potius
829 1697 883 1746 milri

96 1771 137 1829 ipsi
152 1790 219 1829 quam
232 1770 272 1819 tibi
287 1770 350 1820 ulla
344 1791 367 1819 rn
382 1790 405 1819 re
419 1772 546 1820 obessem»)

138 1844 179 1892 His
190 1843 261 1893 verbis
275 1844 335 1893 Nero
349 1856 370 1892 et
384 1844 457 1893 oscula
478 1857 499 1893 et
520 1844 631 1903 amplexus
645 1842 707 1892 addit
717 1856 739 1891 et
751 1863 817 1892 manu
827 1855 884 1891 tacta

96 1918 251 1975 perstrictaque
263 1918 361 1975 ipsuma
374 1937 396 1965 se
408 1917 470 1966 vultu
483 1918 526 1966 leto
539 1917 636 1966 dimittit.
650 1917 733 1964 Seneca
745 1934 797 1964 vero
809 1915 883 1974 gratiis

80 1989 82 1996 ’
96 1991 148 2039 actis
164 1990 254 2039 domum
269 2010 315 2039 sese
329 1990 381 2039 inde
393 1990 481 2050 recepit.
495 1989 590 2040 Neronis
603 2002 677 2039 autern
691 1988 757 2038 verba
770 1988 884 2048 haudqua-

55 2064 82 2112 25
98 2083 164 2121 quam
174 2064 206 2112 uti
217 2083 263 2111 esse
273 2063 367 2122 benigne
382 2064 438 2112 dicta
448 2084 473 2112 ac
484 2083 560 2124 sonare
570 2064 639 2123 prima
649 2061 704 2111 lacie
717 2062 847 2111 videbantur
860 2062 885 2109 in
933 2073 934 2077 ’

97 2155 143 2184 rem
157 2136 238 2184 bonam
249 2137 323 2184 vertit.
341 2137 417 2194 lpsum
432 2137 490 2185 enim
506 2150 588 2189 natura,
606 2156 675 2189 mens,
692 2136 782 2183 consilia
797 2134 885 2194 tyranni

98 2228 147 2257 non-
156 2209 258 2263 latebant,
274 2209 313 2256 sed
327 2210 434 2258 nutritum
445 2230 457 2256 a
469 2209 541 2268 pueris
554 2208 698 2267 cognoscebat
710 2229 761 2256 eum
773 2207 885 2256 crudelem

98 2301 123 2328 ac
137 2281 302 2339 persimulatum
317 2302 370 2335 esse.
386 2302 455 2340 acque
470 2303 496 2329 eo
512 2282 651 2340 longinquius
668 2280 798 2338 fugiendum
813 2300 885 2337 coque

92 2353 198 2418 amplius
206 2354 355 2403 extimendum
364 2374 409 2412 quo
419 2354 534 2413 benignius
544 2367 565 2403 et
575 2355 646 2403 verbis
656 2366 677 2402 et
685 2352 749 2402 vultu
759 2351 885 2411 respondis.»

57 2425 85 2472 30
100 2439 140 2475 set.
155 2426 248 2475 Proinde
256 2427 365 2475 consuluit
374 2425 415 2474 sibi
424 2446 490 2485 quam
499 2427 566 2475 rarius
575 2439 651 2485 posset
656 2439 678 2474 et
684 2423 834 2481 rebusaulicis
843 2425 886 2472 im·
926 2428 930 2431 ’

100 2499 236 2560 miscendum
244 2513 266 2548 et
274 2500 297 2548 in
306 2499 365 2548 curia
373 2499 504 2548 versandum
512 2497 566 2548 lore.
576 2498 682 2558 Sperabat
691 2496 749 2547 enim
758 2497 885 2547 adiumento

98 2571 140 2621 isto
151 2593 247 2621 ‘omnem
257 2573 396 2621 inimicorum
407 2573 512 2621 invidiam
523 2593 547 2621 ac
559 2573 653 2621 Neronis
666 2573 742 2621 odium
754 2592 766 2620 a
778 2592 801 2619 se
813 2571 884 2620 dimo-

98 2645 143 2692 veri
158 2665 229 2703 posse.
242 2644 382 2694 Vacationem
394 2646 474 2704 itaque,
488 2645 527 2693 etsi
541 2656 616 2703 negata
628 2665 641 2693 a
653 2644 751 2703 principe
768 2643 884 2697 videretur,

99 2738 139 2766 ceu
153 2717 222 2767 taetus
240 2739 283 2776 qua
300 2719 378 2767 soleret
395 2718 481 2767 licentia
498 2731 571 2768 tamen
588 2717 690 2775 sumpsit.¹
708 2717 764 2766 Raro
782 2716 886 2775 deinceps
931 2774 933 2776 ι

57 2838 200 2849 ——--—--

102 2902 131 2949 14.
145 2905 202 2950 etsi...
216 2923 239 2949 ea
257 2910 270 2951 ι’.
284 2925 300 2952 τ.
315 2906 337 2957 F,
351 2916 438 2951 tamen...
457 2903 547 2951 deserere
564 2912 578 2951 ί.
592 2924 617 2952 m.
634 2904 704 2952 codr'cr's
723 2905 740 2950 F
759 2904 804 2951 add.
821 2904 886 2950 Sicco.

62 2966 91 3012 18,
105 2988 152 3015 curn
166 2971 191 3016 sit
205 2970 255 3017 milri
268 2978 289 3016 in
304 2972 321 3017 F
333 2990 378 3017 sscr.
392 2972 457 3017 Sicco.
