2093 3253
258 138 386 171 scurronum
401 139 524 172 ratusrnrun
536 151 551 156 -
564 139 622 170 uam
632 140 652 171 x.
828 127 880 173 275,

85 257 122 317 qui
138 255 228 315 patricia
243 266 304 302 erant
320 266 384 313 gente
399 254 444 303 nati
461 255 612 316 maiorumque
628 256 733 315 imagines
750 256 828 305 multas
847 269 868 306 et

85 349 137 389 opes
147 326 230 385 amplas
239 326 348 390 habebant
358 327 453 384 quadam
460 335 501 385 pro
512 329 629 376 eminentia
640 342 661 376 et
672 322 775 387 singulari
787 328 870 382 honore

85 400 253 451 medium'inter
269 418 292 447 se
307 400 389 458 passim
404 418 455 448 cum
470 419 509 459 per
523 402 573 450 vias
590 402 715 451 incederent
736 402 868 463 statuebant.

80 476 121 525 ,Ob
137 494 203 534 quam
219 492 265 522 rem
273 494 318 521 non
333 474 404 522 evenit
420 494 533 532 nunquam
549 488 573 523 ut
588 475 691 533 opinione
703 473 821 524 nobilitatis
835 476 870 524 in»

59 553 71 602 5
87 549 130 596 flati
143 568 155 595 e
167 545 293 604 parentibus
302 546 392 603 quidam
401 546 570 604 dedignarentur
580 547 642 596 valde
657 561 724 606 atque
731 546 869 606 increparent

84 620 146 675 filios,
158 618 224 679 vquod
239 617 306 667 istum
322 617 380 667 hunc
396 617 529 678 municipem
544 632 566 669 et
579 618 708 679 Arpinatem
721 622 815 679 puerum
826 620 868 680 ipsi

84 692 167 742 nobiles
183 691 275 740 Romani
291 704 356 750 atque
371 691 455 750 patricii
468 704 581 750 tantopere
595 692 740 741 honorarent(

125 765 211 813 Exactis
229 775 302 812 autem
320 764 440 822 puerilibus
449 765 518 812 ⁴annis
532 778 599 828 atque
614 765 656 813 illis
672 767 780 825 perceptis
791 763 869 814 litteris

84 859 137 898 quas
152 838 214 895 pueri
224 837 284 895 apud
294 837 445 894 grammaticos
456 837 484 885 ad
494 837 636 899 fundamenta
647 836 779 896 digniorum
788 840 869 887 artium

46 915 70 964 10
85 910 165 960 erudiri
180 909 257 964 solent,
273 930 299 958 ex
312 910 416 958 doctrinis
431 910 589 970 optimis'quae
602 923 650 959 tum
664 911 686 960 in
700 922 742 961 usu
753 903 869 961 bominum

83 996 225 1039 versarentur,
232 980 329 1042 primum
334 1004 359 1031 ac
365 983 428 1031 valde
433 1001 456 1031 re
462 984 547 1042 poetica
553 983 671 1032 delectatus
677 997 717 1033 est.
722 983 802 1036 Versus
809 986 869 1041 enim

82 1072 106 1107 ut
121 1058 254 1116 experiretur
273 1058 386 1116 ingenium
393 1057 525 1120 “permultos
545 1057 597 1106 lecit
616 1056 753 1120 libellosque
763 1059 867 1107 ioculares

83 1131 189 1189 quosdam
197 1143 218 1179 et
225 1131 341 1178 amatorios
349 1130 425 1178 edidit.
434 1129 558 1178 Oratoriam
566 1130 646 1178 deinde
653 1131 681 1178 ad
689 1150 735 1197 reru
749 1150 867 1179 conversus

83 1223 106 1251 se
119 1215 191 1251 totum
200 1201 283 1251 solutae
292 1202 383 1250 orationi
393 1201 460 1257 dedit,
471 1202 532 1261 quod
540 1201 582 1251 isto
591 1202 614 1250 in
623 1221 702 1262 genere
717 1195 784 1251 studii
798 1217 819 1251 et
829 1225 867 1251 na-

45 1278 68 1326 l5
84 1290 131 1326 tura
146 1276 188 1324 sibi
204 1275 333 1334 propensior
349 1288 371 1323 et
387 1274 535 1334 perveniendi,
553 1297 597 1336 quo
614 1289 710 1335 cuperet,
733 1269 822 1335 magnos
838 1276 868 1324 ad

82 1350 174 1398 honores
186 1349 221 1398 via
233 1348 311 1397 certior
319 1348 439 1398 uideretur.
453 1347 535 1397 Romae
547 1348 638 1409 quidem
649 1361 703 1398 tunc
715 1349 753 1409 qui
771 1351 875 1413 oratores

82 1422 271 1480 erantpresertim
287 1422 366 1480 egregii
383 1434 478 1471 caeteros
499 1424 538 1481 qui
554 1417 691 1485 versarentur
708 1424 731 1470 in
748 1422 825 1479 litteris
842 1444 867 1472 ac

82 1495 139 1544 docti
151 1508 229 1551 essent,
241 1495 286 1550 sive
296 1493 464 1554 philosophiam,
476 1494 522 1543 sive
532 1495 566 1544 ius
577 1493 646 1550 civile,
658 1496 704 1544 sive
715 1495 865 1544 doctrinarum

81 1569 180 1628 quamvis
195 1568 260 1617 aliam
274 1581 436 1627 pertractarent,
453 1568 542 1623 honore,
558 1568 630 1623 laude,
646 1570 730 1627 premio
745 1568 865 1624 anteibant.

41 1643 68 1689 20
83 1642 165 1689 Meruit
178 1661 266 1700 quoque
278 1640 336 1688 bello
349 1641 444 1689 Marsico
456 1641 581 1697 adolescens
594 1641 635 1703 sub
648 1641 674 1689 L.
686 1633 796 1689 Cornellio
807 1639 865 1700 Sylla
882 1632 884 1635 Α

81 1714 216 1772 imperatore.
228 1713 288 1761 Tum
298 1713 437 1761 enim'llllarsi
453 1726 540 1761 auctore
556 1714 579 1761 P.
591 1712 667 1761 Vectio
686 1714 779 1762 Scatone
795 1714 818 1761 in
824 1714 865 1762 'ur-

80 1786 130 1834 bem
139 1806 162 1835 se
172 1786 246 1846 recipi,
256 1806 307 1835 cum
316 1805 390 1845 preces
400 1807 445 1835 non
454 1787 556 1842 valerent,
566 1788 632 1835 armis
641 1800 663 1835 et
672 1788 755 1835 viribus
765 1786 866 1851 niteban-

79 1872 121 1907 tur.
137 1859 182 1907 Sed
196 1861 240 1908 cito
253 1878 313 1907 arma
326 1861 399 1918 posuit
413 1859 491 1907 Cicero
504 1858 556 1908 cum
568 1860 628 1907 tedio
643 1859 745 1918 militaris,
755 1859 794 1914 rei,
808 1881 867 1918 quae

81 1945 234 1981 naturae'suae
249 1932 338 1981 adversa
350 1945 414 1987 esset,
426 1944 474 1979 tum
487 1933 538 1980 odio
550 1932 629 1991 Syllae,
643 1934 681 1991 qui
693 1933 864 1998 haudquaquam

40 2005 65 2053 25
81 2005 112 2053 uti
127 2019 171 2054 erat
186 2013 289 2055 a'senatu
304 2006 375 2054 iussus
394 2023 440 2053 rem
458 2005 569 2064 publicam
586 2005 642 2053 tueri
661 2006 700 2054 sed
717 2022 822 2064 usurpare
840 2003 865 2054 ac

79 2078 185 2128 dominari
200 2078 305 2129 studeret.
339 2084 340 2090 ’
566 2142 567 2145 ¹
787 2143 790 2147 ἱ

120 2151 227 2200 Reversus
236 2153 310 2211 itaque
318 2153 347 2200 ad
355 2153 433 2200 urbem
443 2152 520 2200 Cicero
529 2153 557 2201 ad
566 2172 623 2210 quae
631 2147 719 2200 amabat*
727 2150 866 2209 eloquentiae

78 2243 102 2271 ac
117 2223 224 2274 bonarum
236 2224 316 2274 artium
327 2224 399 2274 studia
411 2224 482 2274 rediit.
496 2224 545 2273 Hoc
557 2229 644 2284 narique
655 2237 754 2284 tempore
767 2223 865 2273 dialecti-

78 2316 114 2345 cae
129 2300 220 2354 studuit,
239 2298 390 2357 philosophiae
408 2299 499 2354 studuit,
519 2299 560 2348 iuri
579 2298 637 2347 civili
655 2299 747 2347 studuit.
766 2298 864 2346 Auditor

38 2367 65 2415 30
79 2370 169 2427 quidem
183 2372 206 2420 in
221 2373 267 2420 iure
278 2371 335 2420 civili
347 2371 375 2428 Q
387 2371 454 2420 Mutii
466 2370 610 2425 Scevolaesin
621 2370 759 2430 philosophia
764 2365 876 2431 Philonis

77 2439 134 2491 tuin·
142 2443 247 2494 Clitarchi
254 2443 325 2493 luerat
338 2443 458 2504 discipulus
471 2443 541 2494 Philo.
552 2443 619 2508 Nunc
630 2463 683 2494 vero
696 2443 755 2501 apud
763 2442 865 2493 Graecos

77 2516 178 2576 princeps
194 2518 324 2568 Academiae
341 2530 453 2577 reputatus
471 2517 564 2567 Romam
570 2513 690 2576 advenerat
701 2515 863 2577 nobilissimos·
939 2571 941 2573 ,

77 2608 120 2647 que
134 2610 146 2638 e
161 2590 273 2651 discipulis
289 2611 389 2651 quosque
403 2591 572 2640 Atheniensium
582 2590 666 2640 iuvenis
675 2604 782 2640 amatores
791 2590 863 2651 addu-
901 2612 907 2629 r

76 2676 141 2710 xerat.
160 2663 211 2712 Erat
230 2664 320 2723 quidem
338 2665 389 2712 inde
408 2663 501 2711 Romam
519 2663 629 2727 profectus
648 2676 708 2723 metu
726 2663 863 2711 imminentis

35 2727 62 2779 35
77 2731 134 2790 belli,
151 2737 212 2796 quod
226 2736 316 2786 veniens
331 2758 343 2786 e
358 2736 444 2787 Pontho
458 2728 585 2791 Archelaus,
599 2735 719 2786 Mitridatis
730 2734 867 2797 praelectus,

37 2834 176 2848 &-

79 2884 94 2926 l-
109 2889 143 2940 qui
158 2907 203 2932 sscr.
