2093 3253
144 160 184 207 250
439 174 538 214 ,srccoms
552 174 668 205 rorantem

185 289 300 338 Alienabat
311 288 402 349 quidem
412 289 440 337 ab
451 309 477 337 eo
488 288 607 347 permultos
619 288 680 348 quod
690 290 778 338 insitam
787 310 801 338 a
811 303 888 339 natura
894 290 970 343 miram

187 363 298 419 quandam
313 361 449 409 severitatem
465 361 554 408 liaberet
569 361 692 420 soleretque
707 381 771 419 saepe
786 360 905 410 nobilitatis
918 364 970 414 >vitia
1034 376 1043 414 ξε

188 434 299 494 increpare
307 434 419 493 durusque
427 432 570 492 reprehensor
577 454 603 482 ac
610 453 702 484 noverca
710 455 763 483 esse.
773 433 811 484 Uti
820 433 879 484 enim
886 434 971 487 virtutis

189 507 358 561 amantissimus,
372 507 402 556 ita
416 506 519 562 vitiorum
534 507 602 556 hostis
616 508 760 566 rigidissimus
774 521 796 557 et
809 509 907 568 capitalis
920 526 971 562 erat.
1033 501 1043 560 :²

162 582 174 629 5
190 581 279 639 Quippe
296 578 369 629 nullus
385 593 431 627 erat
447 580 486 638 qui
503 579 567 638 plane
584 601 628 628 non
645 581 728 629 videret
745 600 866 636 censuram,
883 582 901 629 si
919 582 973 632 Cato

190 664 298 702 crearetur
316 670 400 707 censor,
416 649 514 701 futuram
529 651 674 710 periculosam
692 672 717 701 ac
735 653 820 702 tristem
830 652 973 715 loreNeque

190 745 241 774 vero
251 724 401 774 dissimulabat
410 725 457 783 ipse
466 725 505 773 sed
514 724 602 783 petebat
611 725 725 784 propalam
733 746 757 774 se
765 746 791 774 ac
797 725 908 776 Valerium
914 726 974 777 Flac·

190 820 242 847 cum
255 799 322 846 creari
336 815 444 850 censores,
459 797 477 843 si
490 810 512 844 et
525 797 637 846 civitatem
650 798 738 856 purgari
752 798 850 847 moribus
869 800 940 857 pravis
954 815 974 850 et
1039 794 1045 839 f

189 890 263 921 veram
275 872 319 929 geri
332 887 446 920 censuram
462 869 549 919 vellent.
564 870 654 928 Asperis
669 892 758 930 quoque
773 892 798 920 ac
814 871 874 921 duris
890 872 974 924 dicebat
1038 871 1047 932 ξ

116 968 118 971 ·
151 947 177 995 10
192 945 263 994 verbis
282 943 389 997 futurum,
408 944 427 991 si
445 962 545 992 censores
563 957 688 993 crearentur
705 944 778 999 ambo,
797 945 858 1004 quod
876 958 897 993 et
920 966 980 996 nova·

192 1031 309 1078 purgarent
324 1017 376 1067 vitia
391 1030 413 1066 et
428 1016 498 1066 bonos
513 1030 612 1066 veterum
627 1018 766 1066 restituerent
781 1037 860 1067 mores.
876 1019 938 1075 Quae
948 1020 975 1067 ab
1042 1019 1046 1064 s

192 1112 217 1139 eo
229 1091 286 1140 dicta
297 1105 318 1139 et
329 1090 388 1149 apud
399 1110 475 1138 omnes
485 1089 609 1139 firmissime
620 1090 708 1144 credita,
720 1091 760 1138 etsi
772 1091 870 1140 nocitura
881 1091 900 1140 ei
911 1103 976 1151 atque

192 1186 219 1213 ne
230 1177 339 1213 crearetur
349 1182 425 1212 censor
436 1163 567 1222 impeditura
578 1164 625 1212 sine
636 1163 704 1213 dubio
715 1164 848 1218 viderentur,
859 1177 933 1213 tamen
944 1165 977 1214 ita

192 1235 323 1295 profuerunt
336 1248 361 1284 ut
374 1248 446 1293 preter
460 1243 522 1293 spem
536 1235 656 1284 multorum
670 1257 714 1284 non
728 1237 775 1294 ipse
794 1236 860 1284 modo
874 1236 919 1292 sed,
928 1257 978 1285 cum
1044 1272 1046 1293 :

155 1310 180 1357 15
196 1329 222 1356 eo
235 1307 335 1356 Valerius
349 1327 444 1365 quoque,
459 1307 491 1354 uti
505 1307 594 1365 petisset
608 1327 633 1355 ac
647 1320 743 1365 cuperet,
757 1325 858 1355 censores
877 1307 978 1357 omnibus

195 1379 303 1439 suffragiis
317 1391 448 1428 crearentur.
463 1377 549 1438 Nempe
563 1377 649 1429 favebat
663 1379 705 1427 sibi
714 1378 781 1439 plebs
795 1392 861 1439 atque
875 1380 917 1429 hoc
935 1402 979 1430 uno

194 1454 217 1501 in
232 1454 278 1502 viro
293 1453 322 1501 ad
336 1452 495 1501 cohercendam
510 1451 629 1500 nobilitatis
644 1452 766 1506 libidinem,
782 1453 915 1511 superbiam,
930 1474 979 1502 ava-
1045 1499 1047 1502 .

195 1526 269 1573 riciam
282 1544 390 1573 summam
402 1544 465 1582 spem
476 1522 603 1573 collocabat.
616 1523 727 1573 Favebant
739 1525 845 1583 primores
858 1537 945 1584 patrum
955 1546 979 1574 ac
1044 1545 1047 1569 ῑ

197 1598 255 1646 cives
269 1597 321 1646 boni
336 1617 419 1652 omnes,
434 1596 514 1656 quibus
529 1597 639 1646 nascentia
652 1594 708 1646 nova
722 1597 821 1656 quotidie
834 1598 886 1646 vitia
904 1597 979 1657 displi-

155 1673 183 1720 20
198 1671 284 1719 cebant.
294 1670 378 1719 Habuit
387 1669 478 1728 quidem
487 1690 557 1718 annus
566 1668 603 1717 ille
612 1670 724 1728 egregium
733 1688 772 1727 par
781 1689 904 1719 censorum.
914 1671 980 1718 Recte
1045 1710 1047 1712 .

199 1743 272 1791 omnia
282 1755 333 1791 sunt
344 1741 372 1791 ab
382 1742 413 1790 eis
424 1755 446 1791 et
456 1742 572 1791 concordia
583 1762 669 1791 summa
679 1756 746 1800 gesta.

240 1816 355 1864 Rationem
370 1834 422 1863 vero
437 1814 556 1863 nobilitatis
572 1815 652 1863 habere
668 1817 765 1874 primum
779 1815 861 1874 placuit
875 1817 981 1876 utrisque.

197 1887 611 1947 Senatuigituramoveruntepatriciis
619 1902 711 1947 septem.
719 1887 869 1937 Exhisluisse
877 1889 903 1938 L.
912 1888 981 1946 Quin·
1045 1910 1047 1913 ⁴

198 1964 242 2009 tius
253 1961 372 2009 Flaminius
382 1974 521 2015 memoratur,
531 1962 604 2009 haere
614 1974 708 2016 notatus,
720 1961 780 2020 quod
789 1962 812 2010 in
827 1960 898 2010 Gallia
907 1960 982 2010 consul

155 2036 183 2084 25
199 2036 314 2094 (septimus
323 2048 376 2083 tunc
385 2054 454 2082 annus
464 2032 519 2092 erat)
528 2034 639 2093 quendam
648 2034 713 2082 scorti
723 2034 790 2092 gratia
799 2033 827 2082 ad
836 2033 984 2093 spectaculum

200 2108 335 2167 peremisset.
354 2106 472 2156 Manilium
490 2126 579 2167 quoque
597 2108 694 2156 eicerunt
712 2119 796 2161 senatu,
815 2107 877 2167 quod
894 2127 984 2156 uxorem

200 2182 296 2229 interdiu
307 2193 407 2239 presente
417 2180 461 2227 filia
471 2181 585 2228 baxiasset.
597 2180 679 2228 Senatu
691 2181 731 2239 iste
742 2180 807 2227 simul
822 2200 847 2228 ac
863 2180 983 2233 consulatu,

200 2275 267 2313 quem
282 2254 369 2313 petebat
384 2266 405 2302 et
421 2253 525 2312 proximis
541 2267 585 2301 erat
601 2253 698 2301 comiciis
718 2252 848 2301 sinedubio
864 2253 984 2306 habiturus,

201 2327 257 2375 hanc
273 2347 340 2375 unam
357 2326 386 2374 ob
402 2326 562 2383 impudentiam
579 2326 676 2383 privatus
694 2338 733 2373 est.
751 2325 816 2373 Adeo,
830 2326 921 2383 quidem
942 2327 984 2373 iam

159 2401 188 2448 30
203 2413 298 2459 potestas
311 2398 408 2448 censoria
420 2411 515 2446 creverat
528 2399 588 2467 quod
600 2419 645 2447 non
657 2397 729 2447 solum
742 2398 769 2446 de
786 2397 865 2457 opibus
878 2411 899 2446 et
911 2402 984 2450 censu,

202 2474 234 2521 uti
260 2473 339 2520 soleret
364 2471 472 2519 institutio
498 2473 568 2529 prima
594 2492 647 2526 esse,
674 2490 751 2518 verum
776 2473 842 2519 etiam
867 2472 895 2520 de
920 2489 986 2520 uxore

203 2545 310 2603 habenda,
327 2545 354 2593 de
370 2543 443 2592 liberis
466 2543 592 2598 educandis,
616 2543 643 2591 de
667 2544 765 2592 moribus
786 2543 809 2591 in
829 2544 889 2592 omni
910 2562 987 2603 genere

202 2619 259 2667 vitae
280 2619 406 2678 inquireret,
428 2631 532 2666 censeret.
555 2616 634 2677 Neque
655 2636 706 2666 vero
723 2630 867 2676 pepercerunt
888 2635 987 2666 censores

202 2692 237 2740 isti
249 2692 275 2740 L.
287 2691 384 2750 Scipioni
395 2690 426 2738 illi
437 2691 478 2749 ipsi
490 2691 528 2749 qui
538 2690 646 2739 Asiaticus
658 2703 691 2738 est
701 2691 831 2747 cognomine
841 2691 871 2738 ob
881 2690 989 2739 devictam

161 2763 188 2813 35
204 2763 279 2812 Asiam
295 2761 423 2822 appellatus;
441 2762 474 2810 his
491 2783 503 2811 a
519 2762 646 2811 censoribus
663 2783 730 2821 quem
747 2762 840 2811 habebat
857 2762 884 2810 de
900 2760 989 2822 publico

203 2940 236 2984 26.
251 2938 367 2996 ei(ecerunt)
381 2945 394 2982 ι’.
409 2957 432 2990 r.;
443 2948 484 2983 erut
495 2939 607 3002 eijecerunt.
662 2939 697 2983 29.
710 2937 788 2987 Adeon.
799 2938 830 2982 isti
840 2944 853 2982 ι’.
863 2956 888 2983 m.
897 2935 989 2993 interd.
