2093 3253
128 200 165 245 176
425 213 516 244 srccoms
532 213 647 244 sonantem

168 343 231 388 poeta
239 331 321 389 quippe
329 329 426 388 egregius
434 343 456 378 et
463 330 572 388 antiquus,
581 344 657 380 natum
664 329 693 379 T.
703 330 790 378 Livium
798 329 885 389 Apponi
895 331 952 389 (villa

167 416 199 452 est
214 403 315 452 Paduano
327 403 349 451 in
359 421 411 461 agro
422 402 520 460 proxima
530 402 559 451 ad
570 404 667 460 quinque
679 402 737 451 milia
748 422 852 460 passuum
863 403 952 464 civitati)

168 475 221 526 dixit
236 475 277 526 hoc
289 486 360 543 versu:
372 474 496 526 «Censetur
507 475 596 535 Apponi
610 475 672 525 Livio
685 474 824 525 metellus.»
837 472 953 533 Quintilia·
1027 473 1034 517 1

167 570 208 598 nus
222 562 301 605 autem,
313 550 350 609 qui
361 563 382 598 et
392 549 425 598 vir
435 549 511 598 doctus
522 563 543 598 et
554 549 617 599 Livio
633 549 683 599 huic
698 549 809 609 proximus
824 562 893 598 aetate
903 549 952 608 tuit,
1027 599 1039 610 2

141 623 153 670 5
169 621 279 671 Oratorias
296 622 444 670 institutiones
460 621 557 671 scribens
574 622 632 670 hunc
647 622 715 670 istum
730 621 759 669 T.
776 621 864 669 Livium
879 621 951 675 Patavi

169 706 244 744 natum
259 693 331 744 refert.
345 693 421 754 Ipsum
432 714 519 753 quoque
531 694 658 744 Patavinum
670 715 716 743 esse
734 707 762 750 et,
779 694 817 754 qui
829 706 952 753 temporum

168 779 200 815 est
213 766 306 825 'diligens
321 767 466 824 investigator,
481 766 588 814 Eusebius
603 780 631 822 et,
647 768 685 825 qui
700 766 812 816 vetustatis
827 765 869 815 tuit
882 766 951 819 cultor

168 852 234 897 atque
242 852 313 897 poeta,
323 838 449 887 Franciscus
458 840 555 887 Petrarca
564 851 592 893 et,
602 840 639 898 qui
650 839 690 887 hac
698 851 771 888 nostra
780 841 883 888 memoria
892 841 951 897 vivit,
1039 853 1040 857 ’

169 912 295 961 Leonardus
307 912 408 961 Aretinus
421 932 460 961 suo
472 912 494 960 in
506 911 595 971 Polybio
608 925 720 961 memorat.
732 912 800 961 Adest
812 932 900 972 quoque
912 913 951 963 ista
1031 904 1037 931 A

130 985 156 1033 10
170 984 198 1033 de
212 1002 235 1033 re
250 983 308 1033 haud
323 983 449 1043 negligenda
463 984 523 1033 testis
538 983 643 1033 librorum
658 984 703 1033 eius
718 984 837 1044 inscriptio,
852 997 880 1039 et,
896 1005 961 1043 quae
1029 968 1043 1042 1

168 1070 214 1105 orta
225 1070 257 1104 est
272 1077 285 1105 a
296 1057 445 1105 vetustissimis
460 1069 525 1114 atque
537 1057 666 1104 hodiernum
676 1058 705 1105 ad
716 1057 774 1104 diem
785 1057 867 1104 stabilis
879 1071 951 1106 manet
1029 1050 1035 1077 ³

167 1129 225 1187 apud
238 1129 325 1186 peritos,
339 1129 461 1175 communis
474 1129 555 1187 opinio.
568 1127 677 1188 Equidem
690 1127 803 1176 manifesta
816 1129 843 1176 de
856 1146 879 1176 re
891 1130 951 1178 testi·

168 1203 240 1251 monia
249 1202 300 1251 dare
309 1221 353 1250 non
362 1201 460 1260 exigebat
469 1201 535 1257 locus,
545 1202 567 1249 ni
576 1202 645 1250 audiri
655 1202 748 1251 solerent
757 1202 794 1261 qui
804 1213 883 1260 negent
893 1202 950 1252 hunc

167 1276 234 1323 istum
247 1275 276 1323 T.
293 1276 380 1323 Livium
396 1274 523 1322 Paduanum
538 1294 592 1322 esse.

129 1347 153 1396 15
211 1347 307 1397 Paduam
316 1366 367 1396 vero
377 1347 485 1396 civitatem
495 1367 542 1395 esse
552 1347 574 1395 in
584 1359 640 1395 terra
653 1346 712 1396 Italia
722 1347 777 1395 inter
788 1365 846 1395 mare
856 1346 950 1397 Adriati-

168 1441 219 1470 cum
233 1433 255 1469 et
269 1420 342 1479 Alpes,
354 1419 434 1479 quibus
445 1420 543 1469 Alemani
555 1419 582 1468 ab
596 1419 653 1469 Italis
665 1420 804 1475 dirimuntur,
815 1420 950 1479 eandemque

167 1494 339 1552 antiquissimam
353 1505 418 1551 atque
428 1493 465 1541 illo
475 1493 502 1541 ab
512 1492 622 1542 Antenore
632 1493 742 1542 conditam
753 1494 790 1551 qui
801 1512 874 1542 eversa
884 1491 950 1542 Troia

168 1565 273 1623 profugus
288 1577 399 1625 quaereret
418 1585 490 1614 novas
504 1565 565 1614 sedes
584 1577 675 1614 constat.
695 1566 770 1614 Annos
791 1565 881 1624 quidem
899 1578 949 1614 ante

167 1651 243 1687 natum
259 1639 331 1687 lesum
339 1638 458 1692 Christum,
467 1638 502 1685 dei
510 1639 554 1686 veri
563 1638 633 1687 filium
640 1658 665 1686 ac
672 1657 748 1687 verum
756 1639 829 1692 deum,
838 1638 866 1686 ad
874 1637 949 1693 MCC,

124 1711 152 1762 20
166 1724 216 1762 ante
230 1731 280 1761 vero
291 1711 401 1762 conditam
412 1710 504 1760 Romam
513 1710 635 1761 CCCCXL
643 1710 715 1761 Padua
723 1711 810 1760 condita
820 1723 860 1761 est.
871 1709 949 1761 Eversa

167 1805 253 1842 nanque
267 1785 333 1832 Troia
341 1784 425 1831 Aeneas
433 1797 455 1831 et
463 1784 567 1837 Antenor,
577 1784 621 1832 duo
630 1785 689 1840 apud
697 1785 808 1832 Priamum
816 1774 866 1831 clari
876 1784 948 1837 duces,

167 1856 208 1904 hoc
223 1868 274 1904 sunt
289 1856 397 1915 premium
411 1856 510 1910 assecuti,
526 1856 586 1914 quod
602 1856 659 1914 pacis
675 1855 837 1911 acreddendae
853 1854 948 1904 Helenae

167 1949 253 1989 semper
272 1927 363 1978 inissent
379 1942 484 1983 auctores,
507 1928 567 1987 quod
584 1928 636 1988 ipsis
653 1950 666 1977 a
684 1927 779 1984 Graecis,
798 1929 835 1988 qui
856 1929 949 1978 sevirent

166 2003 189 2050 in
199 2015 300 2057 caeteros,
312 2002 378 2050 libere
388 2001 447 2050 abire
459 2002 557 2060 permissi
570 2015 628 2050 sunt.
636 2001 735 2050 Antenor
745 2002 810 2059 igitur
820 2022 899 2050 novam
907 2001 940 2049 sib

124 2075 152 2123 25
168 2094 273 2134 quaerens
286 2074 360 2122 sedem
373 2094 424 2121 cum
438 2074 576 2122 multitudine
588 2074 697 2122 Aenetum
712 2074 795 2123 ltaliam
808 2075 870 2134 petiit
885 2087 949 2134 atque

168 2148 221 2196 velis
236 2148 335 2196 secundis
349 2148 451 2196 intimum
461 2149 487 2195 in
501 2148 574 2196 sinum
586 2147 691 2196 Adriatici
706 2148 770 2196 maris
784 2147 867 2195 delatus
882 2147 948 2200 venit,

167 2219 249 2279 fragravit
264 2220 383 2280 Euganeos,
399 2233 420 2268 et
435 2240 501 2279 quam
516 2220 595 2269 coleret
609 2220 718 2269 civitatem
733 2219 829 2269 Paduam
843 2219 948 2268 condidit.

169 2292 264 2341 Gentem
278 2311 328 2341 vero
343 2293 465 2341 universam
479 2292 574 2341 Aenetos
588 2292 711 2351 appellavit.

208 2367 283 2416 Ventis
297 2379 371 2415 autem
380 2365 475 2414 adversis
486 2367 588 2425 navigans
598 2364 681 2414 Aeneas
692 2365 853 2425 quatriennium
863 2363 948 2413 aberra-

124 2441 153 2488 30
168 2441 205 2489 vit.
222 2440 298 2488 Hostia
313 2458 363 2488 vero
378 2438 470 2496 Tyberis
485 2440 573 2487 tandem
588 2440 696 2497 ingressus
712 2439 827 2487 lavinium
842 2437 948 2497 oppidum

160 2592 176 2630 3.
189 2592 246 2637 Quint.
259 2593 299 2632 lust.
313 2591 325 2630 1.
339 2591 356 2630 5.
369 2591 401 2634 56:
414 2590 512 2630 1111113.
562 2592 578 2629 7.
592 2591 658 2630 Hieron.
667 2591 726 2631 Chron.
735 2591 763 2631 01.
776 2591 813 2629 100.
823 2592 840 2629 Ζ.
890 2593 906 2630 8.
919 2592 950 2630 Pe-

61 2677 63 2680 ·
123 2654 182 2692 trarch.
195 2654 232 2694 Rer.
245 2653 295 2694 Mem.
309 2653 321 2691 1.
335 2654 345 2691 2
358 2653 400 2699 (Ops
412 2652 425 2696 I,
438 2669 454 2697 p.
468 2651 509 2696 397.
525 2653 578 2696 Basel,
599 2652 657 2699 1501);
673 2647 724 2698 Epist.
740 2654 791 2692 Matr.
806 2653 834 2697 111,
848 2655 858 2691 9
871 2654 912 2699 (Op.
928 2654 948 2696 11,

123 2732 140 2759 ρ,
156 2715 202 2760 107),
215 2726 245 2752 eto
295 2716 323 2753 21.
337 2715 373 2752 Liv.
386 2714 399 2751 1ι
414 2714 428 2750 1.

124 2802 266 2809 ..η-,-

165 2857 184 2900 3.
194 2855 244 2900 dixit
252 2861 265 2899 r'.
273 2874 299 2907 r.,·
308 2863 349 2900 erat
357 2854 429 2899 refert?
485 2855 504 2898 4.
514 2865 581 2898 autem
588 2860 602 2898 i.
609 2873 635 2905 r.;
643 2863 685 2899 erat
695 2871 748 2899 vero.
803 2855 823 2899 6.
833 2854 892 2899 refert
901 2854 957 2905 1'.r.;'

124 2930 167 2965 erat
177 2920 240 2965 dixit?
297 2921 330 2965 23.
343 2919 374 2965 Ex
385 2920 454 2965 Grecis
464 2938 513 2964 corr.
568 2918 601 2964 25.
611 2919 642 2965 Ex
651 2919 738 2964 Enetum
748 2939 796 2965 corr.
807 2921 848 2973 (sed
856 2928 876 2965 r'n
886 2921 949 2964 indice

123 2986 231 3037 Aenetum,
241 2986 296 3031 natta
306 2992 421 3032 correctione
431 2985 535 3039 adhibita).
591 2985 624 3032 26.
631 2987 685 3030 venit
694 3004 739 3030 sscr.
794 2985 826 3031 30.
836 2986 875 3032 Pro
885 2985 948 3031 Ostia.
