2093 3253
158 185 199 232 512
364 185 373 220 Γ
459 187 554 233 sicconis
568 199 687 232 rommom

200 313 283 362 vinciae
298 314 413 362 ordinavit.
428 314 490 370 Quae
507 326 580 362 autem
599 313 657 371 regni
676 326 721 361 erat
739 327 804 372 caput
821 314 899 361 urbem
917 315 987 371 ipsam

163 399 165 401 ’
201 386 329 436 Caesaream
343 385 466 446 appellavit.

243 459 290 507 Hac
305 459 370 516 igitur
385 480 411 508 ex
425 460 479 508 urbe
494 460 615 508 Priscianus
630 460 735 508 oriundus
750 473 899 519 preceptorem
914 460 937 508 in
951 459 986 509 lit-

200 531 251 580 teris
267 530 343 580 habuit
357 530 506 586 Theosistum,
522 531 560 590 qui
576 552 624 580 eam
635 551 714 581 *curam
730 531 755 580 et*>
767 531 833 581 fidem
849 533 871 581 in
888 527 988 581 docendo

173 607 187 656 5
202 605 275 664 ipsum
289 604 389 654 adhibuit
403 606 463 664 quod
477 606 496 654 ei
511 605 632 654 Priscianus
646 618 695 665 post
709 605 776 655 deum
790 605 895 666 quicquid
910 605 987 656 babeat

202 678 350 726 doctrinarum
364 677 474 726 attribuat.
492 678 517 726 ln
533 678 636 727 Latinum
654 696 705 726 vero
722 678 817 726 traduxit
835 677 956 727 Priscianus
974 700 986 727 e

201 749 286 800 Graeco
301 749 505 800 Praeexercitamina
520 750 663 810 Hermogenis
683 763 704 800 et
724 749 839 800 Steliconis
859 749 986 800 Concbiria·

200 822 234 871 dis
250 822 400 871 Fortunaciani
414 822 481 871 libros
494 837 545 872 tres.
559 823 622 882 Opus
636 835 754 882 utrumque
767 824 898 872 exercendos
911 824 939 871 ad
952 825 986 872 iu-

200 914 264 944 venes
277 895 300 942 in
313 888 424 942 rhetoricis
437 895 537 953 pertinet.
551 894 629 942 Libros
641 907 714 942 autem
727 894 813 952 scripsit
825 894 946 943 Priscianus
958 895 986 943 de

161 968 187 1018 10
202 964 347 1027 Naturalibus
357 966 513 1025 Questionibus
527 967 555 1016 ad
569 965 673 1022 Cosdroe,
687 986 760 1024 regem
774 966 894 1022 Persarum,
909 987 985 1024 unum.

201 1041 228 1087 de
243 1032 346 1088 Numeris
361 1053 383 1087 et
398 1040 532 1089 Ponderibus
550 1041 578 1089 ad
596 1040 730 1095 Simachum
750 1054 774 1089 ut
792 1040 843 1094 dixi,
863 1060 939 1095 unum,
958 1041 986 1089 de

201 1112 333 1161 decentibus
341 1132 418 1166 unum,
427 1113 455 1161 de
466 1113 544 1161 Metris
554 1111 652 1177 Terentii
663 1133 739 1167 unum,
751 1113 778 1161 de
789 1112 880 1161 Ratione
891 1112 985 1161 Dicendi

200 1181 277 1234 unum.
292 1186 328 1233 De
342 1185 514 1244 Cosmograpbia
531 1186 611 1234 librum
628 1199 697 1234 metro
714 1185 765 1234 lecit
781 1207 858 1234 unum.

242 1258 277 1307 De
292 1259 430 1318 grammatica
438 1278 495 1314 vero,
505 1279 547 1319 qua
556 1280 598 1307 una
606 1259 629 1306 in
637 1258 735 1307 doctrina
743 1257 878 1307 contessione
886 1258 986 1307 omniurn

160 1334 186 1384 15
201 1345 223 1379 et
237 1331 371 1389 principatur
385 1345 407 1379 et
422 1346 502 1390 regnat,
517 1334 677 1381 accuratissime
690 1353 715 1380 ac
725 1333 813 1390 copiose
823 1332 920 1381 diseruit.
931 1332 985 1381 Ves-

199 1402 251 1460 tigia
265 1403 354 1461 quidem
368 1402 503 1452 Graecorum
516 1405 555 1452 sed
567 1404 701 1465 {nominatim
723 1404 813 1453 Herodii
832 1417 854 1452 et
874 1404 984 1462 Apollonii

200 1475 296 1524 imitatus
311 1495 357 1525 rem
372 1470 454 1534 quippe
468 1476 558 1524 arduam
569 1477 608 1524 sed
619 1475 759 1534 professionis
770 1475 841 1524 officio
853 1476 949 1525 debitam
960 1496 985 1525 ac

200 1546 299 1605 publicae
310 1547 397 1596 utilitati
408 1548 547 1596 commodam
558 1561 579 1595 et
590 1548 731 1596 necessariam
742 1566 854 1605 aggressus
865 1560 905 1595 est.
917 1547 985 1596 Grae·

199 1619 219 1668 ci
234 1640 321 1679 nanque
336 1619 366 1668 illi
382 1620 488 1669 Graecam
503 1620 665 1678 grammaticam
686 1632 839 1678 expurgarunt.
864 1620 913 1678 lpse
935 1639 985 1668 vero

156 1693 187 1743 20
201 1712 257 1752 quae
273 1693 349 1741 Latina
364 1693 386 1741 in
401 1693 539 1752 grammatica
551 1706 611 1740 erant
623 1693 673 1740 vitia
685 1693 814 1741 emendavit.
827 1692 888 1740 Libri
901 1692 946 1740 eius
958 1693 986 1741 de

201 1765 348 1815 Grammatica
362 1765 440 1816 XVIII
456 1779 514 1817 sunt.
529 1766 615 1815 Horum
627 1785 678 1816 vero
691 1767 729 1826 qui
743 1767 807 1825 primi
821 1778 872 1814 sunt
885 1766 937 1815 XVI
952 1785 985 1815 ra-

200 1840 283 1888 tionem
297 1840 392 1899 partium
412 1840 514 1889 orationis
533 1860 559 1889 ex
577 1840 653 1889 ordine
671 1842 790 1890 continent.
809 1840 853 1897 Qui
872 1859 923 1889 vero
941 1841 986 1889 duo

200 1914 304 1971 postremi
319 1926 406 1968 restant,
423 1913 444 1960 bi
456 1933 511 1972 quae
522 1913 565 1960 sint
575 1913 603 1959 ad
611 1914 782 1960 construendum
789 1924 891 1970 precepta
899 1913 985 1960 docent.

200 1984 293 2034 Proinde
308 1998 380 2034 ortum
395 1997 419 2034 ut
432 1984 504 2043 vulgo,
519 1985 579 2044 quasi
593 1985 638 2033 duo
651 1985 694 2033 sint
707 1997 728 2033 et
741 1985 799 2033 varia
808 2003 880 2043 opera,
889 1984 919 2032 illi
928 1984 985 2032 Pris-

158 2057 187 2108 25
203 2058 277 2106 cianus
292 2057 371 2112 Maior,
380 2058 415 2105 isti
423 2057 544 2106 Priscianus
552 2058 628 2106 Minor
635 2077 682 2105 esse
689 2057 795 2106 dicantur.
804 2057 849 2105 Sed
860 2061 929 2105 unuin
939 2077 986 2105 esse

201 2148 279 2188 corpus
294 2151 334 2186 nec
348 2150 361 2178 a
376 2130 461 2181 duobus
475 2129 514 2178 sed
527 2149 572 2178 uno
585 2130 707 2188 eodemque
720 2130 748 2178 ab
762 2142 849 2177 auctore
863 2129 985 2187 protectum

200 2203 263 2249 docet
278 2223 334 2259 quae
348 2203 371 2249 in
386 2202 513 2260 proobemio
525 2202 574 2249 data
585 2215 618 2249 est
629 2202 735 2250 librorum
746 2202 830 2250 divisio.
879 2245 880 2248 ,

237 2274 319 2334 AudIri
335 2294 423 2333 quoque
437 2274 507 2321 solent
522 2274 560 2331 qui
576 2295 627 2322 eum
641 2287 663 2321 et
677 2287 797 2332 apostatam
812 2268 879 2322 luisse
894 2287 916 2321 et
930 2294 985 2332 quos

200 2346 309 2396 nominavi
325 2346 392 2395 libros
402 2347 430 2395 de
440 2346 588 2396 Grammatica
598 2346 626 2396 ad
638 2346 746 2395 lulianum
757 2347 795 2406 qui
805 2359 902 2405 apostata
912 2344 954 2395 luit
965 2357 987 2394 et

158 2421 187 2470 30
202 2421 319 2479 imperator
331 2422 445 2479 inscriptos
458 2433 542 2479 putent.
556 2420 669 2469 Falluntur
681 2421 770 2479 quidem
782 2434 848 2479 atque
859 2433 951 2479 utraque
963 2419 986 2468 in

200 2512 223 2541 re
237 2494 267 2541 ita
281 2491 386 2541 falluntur
402 2494 462 2552 quod
478 2514 549 2552 neque
565 2493 686 2542 Priscianus
703 2494 742 2542 iste
758 2506 855 2552 apostata
871 2513 942 2553 neque
957 2492 986 2541 ad

200 2586 267 2623 quem
281 2578 332 2614 sunt
347 2565 396 2613 libri
411 2566 457 2613 eius
473 2566 570 2624 inscripti
588 2566 683 2614 lulianus
699 2565 764 2614 luerit
779 2566 903 2624 imperator.
920 2566 986 2614 Hunc

200 2655 251 2685 vero
265 2638 289 2685 in
303 2655 398 2685 errorem
413 2637 475 2686 duxit
482 2637 530 2685 illos
538 2638 605 2695 quod,
621 2638 653 2685 uti
662 2657 725 2696 saepe
733 2637 765 2692 fn,
773 2637 888 2686 nominum
896 2638 985 2695 equivo-

200 2710 284 2759 catione
297 2709 381 2768 decepti
393 2722 415 2759 et
429 2708 538 2759 lullanum
549 2710 702 2769 imperatorem
714 2727 754 2768 pro
768 2708 852 2758 Iuliano
864 2707 952 2757 consule
965 2721 986 2757 et

157 2783 187 2833 35
202 2782 351 2831 Priscilianum
358 2783 476 2831 hereticum
484 2799 524 2840 pro
532 2782 641 2831 Prisciano
649 2784 790 2842 grammatico
798 2795 906 2841 caperent.
915 2781 986 2840 Quip-

200 2876 227 2913 pe
242 2876 307 2904 suum
316 2855 425 2913 inscripsit
434 2876 489 2914 opus
498 2856 527 2905 ad
538 2854 646 2904 lulianum
655 2855 776 2904 Priscianus
786 2868 865 2909 noster,
876 2857 914 2904 sed
923 2854 985 2904 illurn
1040 2853 1041 2856 ¹

200 2928 228 2975 ad
244 2927 352 2975 lulianum
367 2927 404 2985 qui
420 2940 441 2975 et
458 2926 493 2976 illa
510 2939 579 2975 aetate
596 2926 676 2975 viveret
694 2939 714 2975 et
737 2927 839 2985 patricius
860 2947 885 2975 ac
910 2926 985 2987 consul
