2093 3253
251 164 382 197 scurronum
399 164 524 196 rriusmruu
538 176 552 179 -
565 165 626 196 imm
639 165 672 194 xv.
831 151 867 195 431

86 292 131 341 tem
146 280 226 337 patriae
242 279 350 337 Lepidum
366 280 492 329 iudicarent.
508 280 573 329 Tunc
588 280 647 329 enim
662 301 717 339 quae
737 279 802 338 paulo
822 293 871 328 ante

87 364 157 399 statua
172 352 256 409 Lepido
271 371 348 409 magna
364 369 404 410 pro
421 353 487 409 gloria
504 352 558 400 lacta
573 361 627 406 erat,
645 352 721 400 eadem
735 364 821 400 senatus
832 353 870 400 de¹

88 438 147 473 creto
161 438 193 474 est
208 424 350 484 ignominiose
365 424 477 485 per-lracta.
492 426 539 475 Nec
552 424 615 475 iacile
629 447 641 474 a
655 424 704 473 liliis
719 423 795 484 Lepidi
809 446 870 474 sena-

88 510 123 545 tus
137 496 248 545 abstinuit.
269 497 329 555 lpsos
347 497 405 545 enim
422 511 508 556 rogatus
525 498 630 553 obsuto,
649 500 708 557 quod
726 498 783 546 illius
800 511 871 546 essent

63 570 75 618 5
91 589 117 617 ex
132 586 204 617 sorore
219 581 315 627 nepotes,
336 569 413 617 Cicero
422 569 532 619 liberavit.

132 642 243 692 Postremo
257 655 330 691 autem
344 643 476 692 triumvirale
488 644 555 692 ictum
567 657 599 692 est
610 643 687 692 foedus
699 657 810 703 nuptaque
821 664 871 692 cum

89 716 117 763 ad
132 715 243 763 Ciceronis
254 716 340 769 odium,
357 730 404 763 tum
421 718 448 764 ad
465 717 576 764 vinculum
592 717 642 764 fidei
664 715 754 764 Octavio
776 716 874 773 privigna

90 786 186 844 Antonii,
202 786 286 836 Clodia.
298 787 351 836 Filia
362 788 414 836 haec
425 787 448 837 P.
460 788 538 843 Clodii,
550 788 635 837 dudum
642 800 692 836 ante
701 787 787 841 mortui,
796 786 872 836 luerat.

133 859 190 908 Hinc
206 880 292 919 nanque
306 860 444 910 triumviralis
460 862 531 921 coepit
547 862 620 920 pestis,
637 880 692 919 quae
707 881 775 909 annos
790 860 835 909 Xll
852 874 873 907 et

52 937 78 985 10
94 934 171 983 urbem
185 948 207 983 et
221 934 296 983 orbem
313 934 410 983 cladibus
428 934 509 994 magnis
526 934 609 984 afflixit.
624 933 767 983 Triumvirale
785 932 874 992 quidem

90 1005 199 1065 appellant
220 1007 259 1054 hoc
282 1019 369 1065 tempus
392 1003 508 1066 scriptores
528 1007 672 1060 historiarum.
694 1007 753 1065 quod
776 1006 874 1054 Caesaris

91 1077 179 1136 vestigia
194 1078 313 1127 secutiviri
324 1092 367 1127 tres
380 1079 421 1134 isti,
434 1079 550 1134 Antonius,
563 1079 674 1134 Octavius,
688 1079 791 1138 Lepidus,
805 1079 874 1137 impe-

92 1151 154 1200 rium
162 1171 263 1211 oppressa
277 1171 299 1200 re
313 1151 400 1211 publica
412 1165 535 1202 tenuerunt.

134 1224 211 1271 Cicero
225 1237 304 1279 autem,
316 1238 340 1272 ut
352 1244 385 1272 res
396 1225 484 1272 afflictas
501 1246 582 1273 esseae
598 1214 720 1283 despeiatas
736 1225 796 1277 vidit,
808 1226 876 1282 scrip»

54 1296 79 1344 l5
95 1296 122 1342 sit
137 1296 229 1343 moriad
244 1295 359 1345 Octavium
379 1296 459 1344 litteras
478 1297 558 1355 quibus
577 1297 653 1344 acerbe
672 1297 744 1359 ipsum
763 1297 876 1354 ingratitu-

93 1369 150 1417 dinis
163 1369 287 1427 increpavit,
302 1368 387 1423 deinde‚
401 1370 461 1427 quod
474 1368 536 1418 illum
549 1369 647 1428 querelae
661 1391 705 1417 non
718 1369 835 1423 flecterent,
848 1369 876 1417 ad

94 1461 168 1500 preces
182 1462 298 1491 conversus
312 1456 351 1491 est.
368 1443 394 1491 ld
407 1463 493 1501 nanque
507 1444 615 1502 postulare
629 1456 726 1500 tempora
740 1442 875 1490 videbantur.

94 1514 211 1563 Humiliter
226 1515 316 1575 quidem
330 1536 354 1563 ac
370 1516 462 1564 demisse
477 1528 551 1563 contra
566 1516 654 1564 solitum
669 1516 763 1563 exoravit
778 1534 828 1562 eum
844 1527 874 1569 ut,

94 1601 235 1648 posteaquam
249 1589 290 1637 sibi
306 1590 395 1638 liberam
411 1609 456 1637 esse
473 1608 521 1637 rem
533 1589 644 1648 publicam
659 1609 703 1637 non
719 1588 818 1648 placeret.
834 1588 875 1636 sal·

53 1661 81 1709 20
96 1673 141 1708 tem
155 1660 235 1710 civium
250 1661 359 1710 bonorum
373 1660 465 1710 salutem
483 1680 555 1709 caram
574 1660 791 1720 commendatamque
811 1660 877 1709 babe-

95 1747 134 1782 ret.
149 1733 216 1790 Quod
227 1735 309 1783 dictum
321 1735 375 1783 adeo
386 1734 454 1783 Bruto
465 1734 575 1793 displicuit
586 1749 611 1783 ut
622 1734 750 1783 Ciceronem
761 1734 877 1792 reprehen-

95 1807 155 1854 deret
169 1807 229 1866 quod
244 1807 276 1854 vir
291 1808 337 1866 ipse
349 1808 387 1866 qui
400 1808 465 1866 paulo
476 1821 527 1856 ante
539 1821 613 1856 contra
626 1807 746 1855 Antonium
759 1805 877 1854 detenden-

95 1879 146 1928 dam
164 1898 210 1929 rem
228 1879 338 1939 publicam
356 1881 484 1940 suscepisset
502 1881 557 1930 adeo
575 1901 633 1931 nunc
651 1880 748 1931 animum
766 1880 878 1929 abiecisset

95 1953 156 2010 quod
170 1953 308 2001 serviendum
322 1974 390 2012 puero
405 1975 451 2002 esse
466 1967 558 2012 putaret,
574 1954 709 2012 salutemque
724 1955 831 2000 bonorum
846 1954 876 2000 ci-

54 2025 82 2073 25
97 2025 164 2079 vium,
180 2026 217 2084 qui
232 2038 303 2073 essent
314 2027 396 2085 optime
407 2027 435 2073 de
446 2046 468 2074 re
479 2025 565 2085 publica
577 2026 654 2079 meriti,
666 2025 766 2083 precibus
778 2025 879 2082 implora-

96 2110 128 2145 ret
142 2097 170 2145 ab
184 2097 221 2146 illo
236 2118 302 2157 quem
317 2112 414 2158 spretum
425 2120 440 2148 a·
448 2100 531 2148 cunctis
542 2100 589 2157 ipse
600 2099 672 2148 lavore
684 2118 723 2147 suo
733 2099 798 2146 tantis
811 2097 878 2146 hono-

96 2172 156 2220 ribus
171 2171 288 2221 extulisset.
301 2172 429 2221 Ciceronem
442 2173 536 2232 denique
548 2173 628 2222 Brutus
640 2171 753 2230 admonuit
766 2191 795 2219 ne
805 2189 844 2229 pro
856 2191 879 2220 se

97 2245 214 2304 quicquam
229 2245 330 2306 deinceps
343 2244 435 2295 Octavio
448 2246 557 2301 scriberet,
572 2259 662 2312 rogaret,
672 2243 808 2304 loqueretur.

138 2318 213 2377 Copiis
228 2331 300 2367 autem
315 2320 401 2367 interim
415 2320 474 2378 apud
488 2320 610 2367 Bononiam
624 2318 702 2365 iunctis
717 2318 747 2363 ire
761 2318 789 2363 ad
802 2318 880 2364 urbem

55 2392 83 2439 30
99 2392 205 2449 triumvir-i
220 2406 319 2450 pergunt.
332 2393 480 2450 Romaetunc
494 2393 602 2451 expositae
615 2390 710 2451 tabulae,¹
721 2411 776 2453 quae
786 2389 880 2443 civibus,

97 2478 162 2522 atque
177 2465 210 2522 his
225 2464 308 2522 civibus
322 2458 370 2523 qui,
387 2478 411 2513 ut
428 2465 479 2513 boni
496 2465 577 2513 debent
594 2465 657 2518 cives,
675 2465 773 2521 quietum
790 2463 890 2510 civitatis·

94 2549 178 2585 statum
192 2557 216 2585 ac
231 2537 340 2595 publicam
355 2538 476 2586 libertatem
489 2551 593 2592 amarent,
607 2550 644 2586 aut
656 2537 744 2585 exilium
756 2549 793 2584 aut
806 2543 881 2591 necem

97 2609 224 2659 indicerent.
235 2609 337 2659 Trecenti
348 2610 393 2659 lere
404 2630 495 2659 numero
506 2624 574 2666 erant‚·
586 2623 607 2658 et
618 2611 640 2658 in
652 2610 685 2657 bis
697 2610 824 2658 Ciceronem
835 2609 881 2657 An-

97 2683 170 2730 tonius
187 2682 330 2731 occidendum
346 2696 396 2731 ante
412 2683 464 2731 alios
481 2684 608 2731 nominavit.
630 2683 728 2730 Assensit
749 2682 767 2729 ei
784 2681 882 2740 Lepidus

57 2752 85 2801 35
100 2752 168 2803 laeile.
183 2754 324 2815 Aliquamdiu
342 2755 442 2805 dissensit
459 2755 562 2805 Octavius
579 2776 630 2804 cum
646 2773 718 2803 amore
735 2767 783 2803 tum
799 2753 883 2812 pudore
964 2751 965 2754 ¹

60 2870 198 2880 ———--—-

98 2936 117 2980 3.
131 2949 181 2982 est...
195 2937 291 2991 perlracta
305 2945 318 2982 i.
333 2957 358 2988 r.,·
371 2958 394 2984 ex
410 2956 464 2982 versa
478 2950 507 2982 est
522 2939 653 2991 ignominiose
666 2945 733 2983 statim
746 2957 795 2982 corr.
