2093 3253
225 163 354 218 scaurorum
368 186 493 218 ILLUSTRIUM
506 198 520 203 -
534 187 592 218 LIBER
607 187 653 218 vul.
818 173 860 219 229

72 304 180 363 reliquum
193 302 305 361 temporis,
318 301 342 350 id
353 315 425 350 totum
438 301 510 351 studio
523 301 643 351 litterarum
661 302 732 351 dabat.
751 302 859 361 Surgebat

72 389 157 431 aestate,
171 395 222 423 cum
235 395 278 433 nox
291 375 417 423 brevissima
430 389 493 431 esset,
506 376 573 435 ipsaa
583 375 638 424 luce.
648 375 773 424 Lucubrare
785 388 859 424 autem

72 470 122 511 mox
136 468 187 497 cum
201 447 299 506 Vulcano
314 447 368 497 festa
391 447 530 504 celebrarent,
553 448 677 509 Septembri
700 468 788 504 mense,
803 449 858 497 inci-

72 523 150 583 piebat.
162 520 210 571 Nec
221 521 311 581 quidem
325 522 348 570 id
361 521 494 581 auspicandi,
509 536 534 571 ut
548 522 642 572 solerent
656 522 730 572 aetatis
745 521 803 571 illius
818 521 858 570 bo-

34 602 45 651 5
74 597 141 645 mines
152 594 261 653 gentilicio
271 596 321 649 ritu,
333 595 372 643 sed
382 594 484 643 studendi
495 615 558 644 causa
568 595 667 644 faciebat.
679 595 758 643 Hieme
768 613 820 644 vero
829 596 859 642 ab

73 671 123 718 hora
136 666 228 726 septima
240 667 274 717 vel
288 688 339 716 cum
351 667 473 716 tardissime
487 680 567 723 octava,
582 687 645 726 saepe
658 669 730 723 etiam,
743 668 858 727 presertim

72 763 122 793 curn
136 762 178 791 nox
193 753 249 790 esset
264 740 354 799 longior,
370 761 383 791 a
398 753 457 790 sexta
472 741 494 790 in
510 741 608 792 studium
622 740 674 791 ibat.
690 741 857 800 Nonnunquam

72 819 118 876 ipso
133 836 159 864 ex
173 814 246 863 studio
257 828 308 863 ante
319 814 391 864 lucem
402 834 425 863 se
436 814 464 862 ad
476 814 590 864 Caesarem
601 813 732 864 conterebat.
747 813 854 874 Vigilabat

71 889 189 948 plurimum
209 888 309 935 noctibus
329 887 474 946 Vespasianus
494 900 515 935 et
535 908 591 946 quae
611 888 750 936 imminerent
770 887 855 945 imperii

36 966 59 1013 Nl
73 962 160 1020 negocia
175 980 226 1009 cum
244 961 318 1008 amicis
338 960 422 1019 digesto
440 959 530 1009 consilio
550 960 693 1019 disponebat.'
706 960 787 1009 Cibum
805 979 858 1008 vero

71 1033 151 1082 Plinius
167 1032 237 1081 levem
246 1032 345 1081 sumebat
355 1045 376 1081 et
385 1029 478 1080 facilem.
488 1031 567 1091 Neque
576 1050 627 1081 vero
637 1031 713 1080 litteris
722 1032 856 1081 vacationem

72 1125 121 1154 cum
135 1116 257 1153 vesceretur
272 1105 344 1152 dabat.
359 1104 440 1152 Aderat
456 1105 546 1161 quidem
561 1122 635 1152 servus
646 1105 751 1165 continuo
762 1104 800 1161 qui
812 1104 856 1150 dis-

71 1178 181 1239 cumbenti
197 1177 315 1237 quicquam
326 1198 353 1226 ex
365 1177 421 1226 libro
428 1176 502 1236 aliquo
514 1178 619 1226 recitaret.
628 1176 699 1225 Simul
710 1176 769 1225 edim
777 1189 798 1225 et
806 1176 855 1224 cibo

71 1270 148 1310 corpus
163 1264 184 1300 et
192 1249 284 1300 lectione
292 1251 404 1309 ingenium
412 1249 528 1300 recreabat.
536 1250 595 1300 Aure
603 1270 690 1309 nanque
697 1263 792 1300 attentus
800 1270 856 1309 quae

35 1325 57 1373 15
73 1324 169 1382 digniora
183 1322 315 1378 viderentur,
335 1344 360 1371 ea
379 1322 467 1371 notabat
486 1343 511 1371 ac
527 1322 631 1371 memoria
650 1321 771 1389 colligebat.
788 1322 855 1372 Multi

70 1409 143 1445 autem
155 1416 200 1445 non
212 1394 304 1444 faciebat
317 1396 418 1455 quisnam
430 1408 486 1444 esset
499 1396 537 1455 qui
550 1396 675 1445 recitaretur
687 1394 749 1445 liber.
763 1394 857 1443 Dicebat

71 1470 128 1518 enim
143 1491 275 1529 quocunque
288 1490 314 1518 ex
326 1469 382 1518 libro
394 1468 458 1518 flores
471 1470 557 1529 decerpi
565 1490 641 1529 posse.
652 1469 729 1519 Postea
741 1489 792 1518 vero
805 1490 856 1517 curn

71 1543 218 1601 desumpserat
233 1542 314 1597 cibum,
329 1544 402 1601 spacio
417 1542 476 1591 haud
491 1542 559 1592 multo
574 1543 702 1600 interposito
716 1541 795 1601 frigida
809 1541 856 1600 ple·

70 1634 162 1673 rumque
174 1615 260 1663 aestatis
273 1615 388 1673 presertim
399 1628 498 1673 tempore
511 1615 621 1664 lavabatur
633 1635 697 1674 aqua;
710 1615 734 1662 id
747 1615 806 1663 enim
818 1635 855 1662 ve-

32 1687 58 1735 20
71 1700 126 1736 teres
141 1708 207 1747 quam
223 1688 315 1747 maxime
330 1688 480 1737 observabant.
496 1687 582 1737 Deinde
597 1682 697 1746 gustabat
711 1698 790 1747 parum
805 1686 855 1736 dor-

71 1760 193 1821 miebatque
207 1782 251 1811 non
265 1761 364 1817 nimium,
380 1782 430 1810 mox
444 1762 505 1820 quasi
519 1761 586 1811 altero
600 1761 635 1810 die
649 1778 739 1819 surgens
753 1759 854 1810 studebat

70 1845 106 1881 aut
120 1833 193 1892 legens
206 1846 243 1882 aut
257 1834 360 1890 scribens,
375 1834 393 1882 si
407 1834 480 1882 aderat
494 1835 573 1889 ocium,
588 1834 610 1881 in
624 1851 690 1882 cenae
703 1846 797 1892 tempus.
812 1832 855 1880 Ce-

71 1907 128 1954 nanti
139 1927 227 1969 quoque
238 1926 311 1955 servus
323 1928 349 1955 ex
359 1907 435 1955 ordine
445 1907 529 1966 legebat
539 1908 664 1966 quicquam.
676 1906 720 1954 Hie
730 1927 777 1954 mos
787 1905 853 1955 veluti

70 1978 102 2028 lex
117 1981 224 2039 quaedam
233 1981 261 2029 ab
272 2001 298 2029 eo
309 1999 347 2039 per
358 2001 446 2030 omnem
456 1982 523 2038 vitam
533 1981 722 2030 observantissime
732 1979 853 2029 custoditus

32 2051 56 2098 25
71 2065 109 2101 est.
124 2054 203 2112 Neque
213 2055 296 2102 veroin
306 2055 382 2111 itinere
392 2054 438 2102 sine
447 2054 523 2102 litteris
533 2053 664 2103 ambulabat.
675 2053 754 2102 Servus
764 2053 854 2112 quidem

69 2145 94 2173 ex
108 2126 229 2186 composito
247 2127 320 2176 aderat
338 2127 376 2186 qui
394 2139 431 2175 aut
450 2127 528 2186 legeret
546 2127 627 2176 librum
650 2126 720 2176 ullum
742 2139 780 2176 aut
798 2146 854 2186 quae
924 2149 926 2152 ’

69 2198 157 2249 dictaret
172 2199 254 2249 Plinius
265 2213 384 2250 annotaret.
397 2200 499 2259 Denique
510 2201 534 2248 id
545 2192 617 2249 solum
627 2200 732 2258 temporis
743 2199 854 2249 adimebat

69 2268 144 2320 litteris
157 2273 218 2331 quod
230 2286 267 2322 aut
280 2292 313 2322 res
326 2273 394 2322 aulica
406 2285 444 2321 aut
456 2273 577 2322 amicorum
589 2291 653 2320 causa
665 2285 702 2320 aut
715 2285 804 2321 naturae
816 2292 854 2320 ne-

69 2343 154 2394 cessitas
165 2345 313 2405 extorquebat,
323 2366 362 2396 nec
371 2345 443 2396 ocium
451 2366 564 2405 nunquam
574 2344 650 2395 litteris
661 2344 733 2395 medio
743 2365 755 2394 e
765 2344 855 2403 negocio

31 2412 56 2459 30
69 2417 204 2476 vendicabat.
219 2419 298 2469 Dicere
322 2420 412 2479 quidem
436 2438 591 2484 saepenumero
615 2418 702 2468 auditus
728 2432 759 2467 est
784 2418 854 2478 perire

69 2511 132 2540 omne
146 2506 233 2552 tempus
247 2494 308 2553 quod
322 2494 398 2553 litteris
412 2515 457 2541 non
472 2493 565 2542 daretur.
581 2491 647 2542 Erant
662 2488 757 2552 denique
771 2492 853 2541 litterae

68 2565 206 2614 suavissimae
219 2566 307 2614 deliciae
320 2586 371 2614 suae
383 2578 449 2624 atque
459 2565 501 2612 illis
512 2575 535 2613 se
546 2565 607 2624 quasi
618 2565 673 2623 dape
684 2565 779 2623 quadam
790 2564 853 2612 nobi-

68 2631 148 2686 lissima
162 2638 278 2689 nutriebat.

108 2711 241 2761 Adolescens
251 2732 302 2762 vero
313 2734 364 2762 cum
375 2712 482 2768 militaret,
494 2713 579 2772 scripsit
590 2712 708 2762 librumde
721 2711 853 2761 loculatione

31 2773 56 2824 35
71 2779 176 2840 Equestri.
197 2784 269 2834 Libris
287 2798 360 2834 autem
378 2784 421 2834 XX
439 2784 525 2835 Bellum
543 2784 700 2835 Germanicum
718 2785 853 2835 memoravit.

31 2890 168 2911 &a

82 2963 98 3011 l.
111 2965 133 3012 id
147 2973 166 3014 12·
175 2987 190 3014 r.
245 2970 265 3015 3.
280 2986 348 3013 mense
361 2987 405 3014 sscr.
460 2968 493 3014 34.
508 2967 549 3013 Pro
560 2965 687 3013 laculatione.
