2093 3253
244 145 379 179 scnnronun
394 142 520 175 memmium
532 154 547 159 —
560 141 620 173 tiam
633 141 665 172 xv.
826 125 865 171 433

79 261 182 311 cessarios
197 271 338 319 apportasset.
354 257 439 306 Multos
453 257 519 315 igitur
532 268 582 315 post
595 254 708 314 amplexus
723 273 766 302 nec.
776 254 823 302 sine
836 253 867 301 la-

39 382 45 388 .
80 330 153 384 crimis
172 332 249 383 tratres
264 330 354 390 digressi
377 342 435 379 sunt.
459 329 520 378 Alter
543 328 641 388 quidem,
662 323 694 377 uti
716 326 866 380 destinaverat.

80 410 183 467 Asturam
198 427 249 458 cum
263 404 346 455 libertis
361 404 428 461 venit,
447 404 500 454 alter
514 403 607 452 Romam
626 423 678 453 cum
692 400 737 450 filio
752 398 823 456 rediit,
834 420 867 469 ξε

80 503 131 532 cum
146 502 185 541 spe
199 494 264 540 atque
278 477 370 528 consilio
384 490 409 527 ut
424 490 531 537 quantum
545 489 618 535 posset
632 475 776 524 fortunarum
783 474 867 533 accipe-

46 559 68 608 5
83 567 151 613 retet
165 553 254 604 fratrem
268 570 440 612 quampropere
454 563 587 610 sequeretur.

122 628 167 676 Sed
182 627 260 682 neutri,
273 639 298 675 ut
311 625 397 675 evenire
411 644 474 683 saepe
487 643 512 671 ac
525 622 598 670 multis
612 622 673 676 solet,
688 640 721 669 res
735 621 867 679 excogitato

41 744 43 749 .
80 700 190 750 successit.
202 699 311 758 Quintum
322 698 388 752 enim,
400 710 425 746 ut
436 697 545 755 ingressus
557 708 589 743 est
600 695 684 749 urbem,
697 714 748 743 cnm
759 692 804 743 filio
816 713 866 742 mox

80 773 193 832 proditum
206 794 219 822 a
233 772 300 825 servis
314 771 445 821 obtruncant
459 768 584 820 Antoniani.
607 768 686 827 Neque
700 786 755 817 vero,
766 765 866 816 Ciceroni

80 858 117 894 aut
131 845 175 894 vita
189 845 273 903 longior
287 857 325 893 aut
340 862 398 892 mors
412 843 495 891 beatior
509 841 558 890 fuit.
573 841 653 890 Astura
667 840 756 899 quidem
771 839 866 888 Circeios

33 914 69 971 it)
82 918 165 967 traiecit
180 917 226 977 ipse
236 930 261 967 ut
272 918 294 966 in
306 915 459 966 Macedoniam
470 915 498 963 ad
509 915 542 963 M.
552 913 654 969 Brutum,
665 914 721 962 sicut
731 924 776 961 erat
786 932 867 972 propo-

81 992 154 1046 situm,
167 990 283 1049 navigaret.
297 988 353 1038 inde
365 987 456 1038 consilio
468 1000 552 1036 mutato
563 986 647 1045 regredi
658 986 761 1035 Asturam
773 987 866 1045 pedestri

81 1065 157 1114 itinere
168 1062 256 1123 placuit.
267 1063 360 1112 Romam
370 1062 436 1111 etiam
446 1061 516 1110 redire
526 1060 617 1120 quidam
624 1060 729 1119 cogitasse
739 1058 819 1115 ferunt,
828 1080 866 1109 seu

80 1138 163 1185 tederet
176 1136 275 1194 navigare
288 1156 333 1188 seu,
346 1135 407 1193 quod
422 1134 489 1199 magis
500 1133 608 1188 existimo,
624 1133 780 1182 beneficiorum
794 1152 866 1182 recor-

81 1210 146 1263 datio„
155 1209 254 1257 suaderet
267 1227 294 1256 ne
307 1224 395 1265 prorsus
409 1206 436 1255 de
449 1204 541 1271 Octavio
553 1196 689 1263 desperaret
698 1205 784 1255 Libertiv
793 1218 867 1254 autem

43 1282 67 1332 15
82 1282 120 1340 qui
129 1274 213 1329 v'eoe'um
225 1292 285 1329 erant
298 1300 342 1328 non
354 1278 491 1328 redeundum
504 1277 607 1346 Romam.
616 1275 661 1341 non
673 1278 832 1342 demorandum
844 1281 866 1329 in

84 1353 151 1407 ltalia,
165 1353 204 1401 sed
216 1352 369 1410 navigandum,
383 1371 407 1399 ac
420 1350 498 1398 festine
512 1347 664 1408 navigandum,
678 1352 701 1398 in
714 1351 867 1400 Macedoniam

64 1420 230 1485 consulebant.
253 1425 302 1483 lpse
315 1441 372 1472 vero
392 1423 550 1480 cogitabundus
570 1435 591 1471 et
610 1424 683 1472 animo
702 1443 798 1482 quonam
817 1445 867 1484 per-

82 1511 141 1556 geret
156 1498 236 1547 dubius
251 1497 340 1546 tandem
354 1496 457 1546 Asturam
472 1515 580 1555 regressus
596 1510 635 1545 est.
651 1495 736 1545 Navem
752 1497 787 1545 hic
802 1497 866 1546 liber-

82 1585 155 1620 torum
170 1591 182 1619 e
196 1570 286 1620 consilio
301 1570 381 1618 iterum
395 1582 419 1619 ut
434 1570 457 1618 in
472 1569 626 1618 Macedoniam
640 1570 749 1628 navigaret
763 1571 866 1620 ascendit.

41 1647 71 1695 20
85 1645 177 1694 Evectus
192 1658 265 1693 autem
279 1644 302 1691 in
316 1642 391 1697 altum,
412 1663 463 1691 cum
482 1642 596 1690 Formiana
615 1642 723 1690 adlitora
741 1642 866 1702 appulisset,

83 1716 162 1763 iterum
177 1716 225 1764 navi
240 1728 265 1763 ut
280 1735 341 1764 suam
358 1716 381 1763 in
398 1715 478 1771 villam,
496 1736 551 1774 quae
568 1716 666 1776 proxima
682 1730 734 1771 erat,
752 1715 867 1766 diverteret

46 1841 48 1843 ¹
84 1787 215 1836 descendere
228 1788 317 1846 placuit.
333 1788 402 1846 Saepe
417 1788 507 1846 quidem
522 1789 594 1846 ipsum
610 1789 703 1846 penituit
718 1809 741 1836 se
750 1789 867 1838 miscuisse

83 1859 140 1908 bello
152 1880 205 1912 cum
219 1861 291 1910 vivere
306 1861 328 1909 in
343 1881 396 1919 pace
411 1861 561 1919 demorarique
576 1861 621 1910 suis
637 1862 659 1910 in
675 1862 768 1920 praediis
783 1882 808 1910 ac
823 1862 866 1912 frui

47 1967 49 1970 -
83 1933 131 1980 ocio
145 1945 166 1981 et
181 1933 254 1992 quiete
265 1947 345 1992 posset.
357 1932 413 1984 Navi
424 1946 499 1984 autem
509 1934 632 1993 egrediente
643 1946 708 1994 atque
719 1955 782 1984 suam
793 1936 815 1984 in
827 1936 866 1985 vil-

41 2005 70 2053 25
84 2005 128 2053 lam
142 2006 173 2053 ire
187 2007 292 2064 pergenti,
302 2027 330 2054 en
340 2027 417 2063 magna
427 2007 534 2065 quaedam
544 2026 659 2056 corvorum
668 2007 724 2055 acies
734 2007 867 2067 (prodigium

83 2077 165 2136 quippe
178 2078 285 2137 mirabile)
296 2079 351 2127 adeo
363 2077 441 2129 intesta
453 2092 485 2127 est
494 2079 539 2127 sibi
551 2092 572 2126 et
584 2100 637 2128 voce
649 2092 671 2128 et
682 2080 755 2128 volatu
767 2079 866 2136 facta-ut,

60 2207 61 2210 Ἴ
83 2151 144 2209 quasi
160 2150 263 2201 divinitus
279 2151 339 2200 missi
354 2166 432 2208 essent,
448 2151 508 2212 loqui
524 2173 549 2201 ac
564 2151 679 2211 prohibere
694 2174 721 2202 ne
736 2153 803 2203 exiret
818 2155 867 2205 navi

83 2245 123 2272 nec
137 2226 303 2283 progrederetur
317 2225 407 2274 ulterius
421 2226 552 2275 viderentur.
568 2226 645 2275 Omen>
654 2227 769 2291 idyliberti,
784 2241 809 2277 ut
823 2243 867 2278 erat

84 2298 181 2353 gentium
195 2299 257 2352 ritus,
269 2298 388 2356 pessimum
399 2318 446 2346 esse
457 2298 496 2346 rati
508 2311 532 2346 ut
543 2298 616 2347 redeat
627 2298 744 2348 confestim
752 2301 780 2348 ad
790 2321 867 2350 navem

42 2366 71 2414 30
86 2367 205 2424 hortantur,
231 2383 326 2425 exorant,
348 2369 459 2420 stimulant
480 2371 596 2429 ipsumque
611 2372 700 2421 tandem
715 2373 867 2422 assentientem

84 2441 146 2490 letica
158 2454 182 2490 ut
194 2443 330 2492 commodius
343 2443 431 2498 terrent,
444 2444 505 2503 quod
516 2464 582 2492 senex
594 2444 660 2493 homo
672 2444 780 2504 rebusque
791 2447 867 2499 adver-

52 2563 54 2568 ,
83 2515 151 2562 sisae
166 2515 200 2563 via
214 2515 284 2563 tessus
298 2516 381 2582 pigrius
395 2516 523 2571 ambularet,
538 2518 662 2583 imponunt.
731 2564 733 2567 .

127 2588 210 2639 interea
232 2584 283 2638 vero
294 2610 297 2613 ·
308 2588 386 2639 urbem
401 2590 520 2649 ingressus
536 2588 798 2653 ahtofiiusf'cice‘ronem·
818 2604 868 2641 ante

80 2660 155 2714 omnia
161 2695 163 2697 -
169 2673 194 2710 ut
205 2656 623 2722 occideret''perquisivitss‘Urbeaut'em
631 2676 659 2713 'ut
667 2662 794 2722 >protectum
804 2664 867 2714 audi·

42 2730 71 2779 35
84 2734 122 2788 vit,
138 2735 246 2793 extemplo
257 2735 295 2793 qui
306 2756 357 2783 eum
368 2736 533 2795 insequerentur
544 2737 609 2785 misit.
621 2737 710 2785 Muneri
721 2736 867 2786 huicHeren-

54 2871 56 2874 .
83 2805 132 2853 nius
147 2806 234 2855 Siculus
241 2819 263 2854 et
270 2807 309 2865 qui
317 2807 388 2854 Lenas
396 2808 474 2855 Picena
481 2828 493 2855 e
501 2808 588 2865 regione
595 2808 700 2856 oriundus
708 2821 760 2863 erat,
769 2807 795 2857 C.
803 2809 871 2857 Pom·.
915 2814 920 2818 ’

51 2872 54 2895 ³
83 2874 155 2935 pilius,
170 2879 273 2937 praefecti
287 2894 346 2930 sunt.
361 2880 406 2930 Sed
419 2874 491 2930 iussus
505 2895 576 2940 partes
590 2881 641 2930 istas
652 2881 776 2931 Herennius
786 2902 814 2931 ne
824 2882 869 2931 dis-

80 3067 104 3105 28
