2093 3253
467 210 559 241 SlCCONlS
573 211 688 242 Potturour

247 325 365 376 Caeterum
375 345 440 385 opera
451 326 564 376 Ciceronis
574 327 713 385 pretermisso
723 326 816 375 Catilina
826 326 929 380 consules,
936 336 990 389 novi,
1039 323 1047 369 s*

209 400 246 457 qui
262 400 366 457 proximis
375 399 487 446 Kallendis
497 399 601 447 Ianuariis
609 400 758 456 magistratum
765 399 851 452 inirent,
865 399 891 448 L.
901 400 992 457 Murena

206 484 227 519 et
243 471 272 521 D.
282 470 358 521 lunius
366 470 473 530 syllanus,
483 471 547 520 creati
555 485 613 520 sunt.
622 471 715 520 Catilina
728 489 778 520 vero
791 471 829 520 ubi
837 492 898 531 spem
906 493 992 529 omnem
1041 481 1047 527 Γ,

206 545 247 594 sibi
263 544 387 595 consulatus
403 545 505 604 potiundi
521 563 609 604 prorsus
625 546 715 594 incisam
730 546 791 600 vidit,
808 546 926 604 cogitatum
941 548 991 598 laci·
1045 551 1047 554 ’

181 620 193 665 5
209 638 250 664 nus
261 631 368 665 maturare
379 637 419 664 nec
433 618 487 675 quid
497 617 591 675 amplius
601 630 713 674 expectare
724 619 843 671 constituit,
854 637 889 671 ne,
900 619 939 676 qui
949 636 992 672 erat
1040 629 1047 654 Ὗ

207 689 308 738 inimicus
317 690 363 738 eius
372 701 393 738 et
403 702 492 739 noverat
503 690 582 747 omnia,
592 689 669 740 Cicero
675 703 800 740 cantantem
806 691 878 749 ipsum
887 694 991 746 consulari
1042 687 1047 725 f

207 764 298 823 imperio
306 764 436 812 coherceret.
447 762 562 823 Extemplo
570 764 635 822 igitur
643 784 669 813 ex
676 765 757 819 amicis,
765 777 790 813 ut
798 784 897 824 quosque
904 767 991 818 idoneos

207 857 253 885 esse
267 838 357 896 putavit,
373 836 426 884 alios
441 837 463 884 in
479 836 604 894 appuliam,
619 836 672 884 alios
687 837 710 884 in
724 854 800 893 agrum
815 836 925 892 Picenum,
940 838 991 889 alios
1043 872 1044 875 =

207 910 229 957 in
239 909 362 959 Aetruriam
371 909 435 957 tacite
444 909 473 957 ad
482 909 555 967 copias
564 909 719 967 comparandas
730 910 795 963 misit,
805 909 857 957 alios
868 909 950 959 Romae
959 932 991 961 se·
1045 904 1047 906 .

168 984 194 1031 10
209 1003 259 1031 cum
274 982 369 1036 retinuit,
379 982 416 1040 qui
425 1001 451 1031 ex
459 982 541 1036 ordine,
550 982 582 1030 uti
591 994 646 1030 esset
654 983 747 1040 quisque
755 982 833 1041 iussus,
842 982 919 1031 urbem
927 1004 991 1042 quam

207 1055 306 1112 plurimis
318 1054 371 1101 locis
383 1054 531 1107 incenderent,
544 1053 678 1111 locupletum
690 1073 742 1111 opes
755 1054 879 1112 diriperent,
892 1075 947 1113 quos
959 1074 991 1105 re-

207 1127 306 1175 sistentes
326 1146 420 1185 usquam
440 1126 544 1174 haberent
563 1138 679 1185 totumque
700 1139 799 1174 senatum
819 1146 844 1174 ac
865 1127 991 1178 nominatim

208 1199 335 1249 Ciceronem
350 1200 480 1248 occiderent.

249 1273 326 1322 Cicero
340 1286 413 1321 autem
428 1274 466 1322 ubi
482 1293 537 1331 quae
558 1273 688 1330 parabantur
709 1294 735 1321 ex
755 1273 783 1329 Q.
800 1273 867 1321 Curio
885 1293 923 1331 per
942 1275 991 1323 Ful·

169 1345 193 1393 15
209 1346 266 1392 viam
281 1344 364 1399 didicit,
374 1357 457 1393 tantam
467 1345 512 1393 vim
521 1357 610 1404 tamque
620 1343 744 1404 pestiferam
756 1345 835 1394 molem
845 1344 938 1405 amplius
949 1366 992 1396 non

207 1418 319 1469 ferendam
334 1419 429 1468 humeris
442 1420 487 1467 suis
500 1432 559 1467 ratus
572 1432 671 1467 senatum
683 1430 752 1467 vocat.
767 1419 821 1467 Rem
833 1421 866 1468 uti
879 1420 944 1468 habet
956 1441 1001 1475 cos

207 1492 289 1551 gnitam
303 1490 375 1546 refert,
390 1505 472 1551 quanto
486 1492 508 1540 in
523 1491 619 1550 periculo
633 1492 661 1539 sit
674 1492 728 1549 ipse,
743 1493 770 1539 sit
784 1504 843 1541 totus
857 1505 951 1547 senatus,
965 1494 991 1541 sit

206 1565 288 1630 civitas,
304 1565 331 1610 sit
346 1581 379 1611 res
396 1563 483 1621 publica
500 1563 570 1610 docet.
587 1563 686 1610 Patribus
697 1582 721 1611 ea
732 1581 765 1611 res
782 1576 881 1622 suspecta
893 1564 959 1622 magis
970 1566 991 1612 in

163 1684 164 1687 ,
189 1672 190 1675 =
208 1657 258 1686 eum
273 1637 331 1686 diem
343 1636 467 1685 rumoribus
479 1636 594 1694 divulgatis
606 1657 672 1695 quam
683 1637 769 1695 cognita
780 1637 840 1695 prius
852 1650 904 1686 erat.
918 1638 992 1696 ltaque

166 1712 194 1759 20
209 1712 320 1759 communi
336 1730 360 1757 ac
376 1729 427 1758 suae
443 1710 536 1768 quisque
552 1710 615 1758 saluti
632 1722 752 1758 metuentes
768 1709 844 1758 iubent
860 1710 991 1764 consulibus,

186 1830 188 1833 ,
207 1785 239 1831 uti
255 1783 337 1832 solebat
349 1782 438 1840 publico
450 1782 473 1830 in
486 1781 583 1839 periculo
595 1781 649 1836 lieri,
662 1794 750 1830 caveant
763 1802 790 1830 ne
803 1782 857 1841 quid
869 1783 990 1831 detrimenti

207 1855 342 1914 respublica
367 1855 467 1913 patiatur.
492 1854 579 1909 Deinde
602 1854 630 1911 Q.
645 1854 748 1903 Publium
772 1854 862 1903 Rullum
886 1855 989 1914 Capuam,

208 1928 236 1986 Q.
253 1927 368 1978 Metellum
380 1926 479 1977 Celerem
491 1928 513 1976 in
524 1947 601 1986 agrum
612 1927 717 1976 Picenum
728 1941 749 1977 et
761 1927 877 1983 Gallicum,
890 1929 918 1986 Q.
931 1929 990 1978 Mar-

207 2004 263 2050 tium
278 2002 372 2055 Fesulas‚
387 2002 415 2057 Q.
428 2001 544 2049 Metellum
555 2000 646 2048 Cretum
656 2001 679 2048 in
689 2000 815 2058 Appuliam,
826 2013 874 2049 tum
884 2002 912 2049 ad
926 2020 991 2049 novos

165 2076 192 2123 25
209 2073 355 2133 prohibendos
366 2085 438 2121 motus
448 2072 486 2132 qui
496 2072 662 2127 nunciabantur,
672 2086 720 2121 tum
730 2072 757 2121 ad
767 2073 924 2132 comparandos
934 2090 992 2122 exer-

207 2148 263 2196 eitus
272 2147 301 2195 ad
310 2166 356 2195 rem
365 2145 476 2204 publicam
486 2144 646 2194 defendendam
656 2146 752 2194 mittunt.
762 2145 846 2194 Premia
855 2146 908 2195 item
918 2164 992 2203 magna

206 2219 248 2266 illis
259 2220 297 2277 qui
307 2218 436 2276 patefaciant
447 2236 494 2266 rem
504 2230 622 2276 exponunt.
631 2218 656 2264 ln
664 2217 719 2265 urbe
726 2230 799 2265 autem
808 2218 875 2265 multa
885 2238 937 2266 cum
945 2217 992 2281 dili-

206 2292 277 2349 gentia
290 2303 311 2339 et
324 2308 375 2338 cura
388 2290 470 2348 ubique
483 2288 564 2348 vigiles,
578 2290 616 2348 qui
629 2302 703 2338 noctes
716 2310 741 2338 ac
754 2289 800 2338 dies
812 2289 936 2339 custodiant
948 2290 992 2338 loca

208 2378 314 2422 suspecta,
328 2363 455 2420 disponunt.
467 2362 518 2411 Erat
530 2364 620 2420 quidem
630 2364 690 2421 apud
701 2378 801 2411 senatum
817 2365 933 2421 trepidatio
949 2382 993 2410 non

166 2436 194 2484 30
209 2456 280 2494 parva,
294 2434 355 2493 quod
367 2455 412 2483 non
425 2435 455 2482 rei
468 2433 568 2492 publicae
581 2435 647 2483 modo
660 2435 699 2482 sed
712 2435 858 2492 quisque'sibi
872 2435 993 2483 timendum

207 2527 253 2556 esse
268 2508 358 2557 videret.
372 2506 469 2565 Urgebat
482 2528 518 2556 eos
531 2520 556 2555 ut
568 2506 624 2555 vitae
636 2506 730 2567 quisque
743 2519 848 2557 metueret
860 2528 912 2557 suae
924 2523 993 2556 recor·

209 2581 267 2629 datio
282 2580 364 2639 Syllani
377 2580 509 2634 dominatus,
521 2601 566 2640 quo
577 2581 634 2629 cives
646 2579 764 2638 locupletes
776 2593 797 2628 et
808 2581 860 2629 boni
871 2579 992 2639 complures

209 2654 301 2701 civitate
312 2652 382 2706 eiecti,
401 2652 492 2710 quidam
509 2652 624 2700 crudeliter
643 2653 714 2705 occisi,
733 2653 795 2700 multi
813 2653 897 2710 spoliati
916 2652 992 2711 opibus

188 2733 190 2736 '
208 2717 301 2775 lueiant.

166 2799 194 2849 35
253 2798 369 2847 Catilinam
384 2816 435 2847 vero
449 2797 535 2847 civitate
555 2797 638 2847 solicita
658 2797 730 2847 nullus
751 2811 821 2862 metus
841 2798 936 2854 incessit,
956 2793 994 2844 sed

207 2894 250 2931 qua
265 2872 348 2921 solebat
358 2870 496 2920 simulatione
506 2884 527 2919 et
536 2872 626 2920 audacia
635 2891 695 2926 nsua,
706 2891 840 2929 quamquam
850 2891 938 2920 omnem
948 2888 992 2917 rem

207 2945 316 3001 cognitam
331 2942 506 3012 patefactamque
518 2944 607 2998 videret,
620 2957 693 2992 tamen
711 2944 772 2992 vultu
790 2945 899 3002 intrepido
911 2942 992 2992 verbis·
