2093 3253
222 202 224 205 ·
240 191 372 223 scaurorum
386 184 512 223 nuusrnruu
525 202 540 207 —
553 190 611 221 ursan
625 190 661 221 xn.
802 227 804 231 ,
828 166 864 221 341

83 320 171 367 repente
186 306 264 361 claudi,
283 320 307 355 ut
325 307 500 364 appropinquare
518 309 673 365 cognovitne
692 307 784 355 domum
802 307 868 354 intra·

82 394 121 435 ret,
137 380 206 433 iussit,
219 378 318 436 clamque
329 379 413 436 postico
425 398 522 436 egressus
535 371 557 427 in
569 379 643 427 villam
654 378 718 427 aliam
729 392 795 435 atque
805 377 870 426 aliam

82 451 214 511 properavit.

124 524 202 572 Cicero
215 536 289 571 autem
300 525 330 571 ita
342 523 450 578 dimissus,
463 543 501 572 seu
513 525 584 572 verius
596 524 687 585 dixerim
698 544 743 573 non
753 523 869 575 admissus,

57 601 69 650 5
86 619 111 646 ac
125 609 197 655 preter
212 596 338 655 opinionem
351 597 373 644 et
385 616 447 654 spem
460 596 583 651 destitutus,
597 598 620 646 in
633 596 711 646 urbem
728 596 787 645 unde
805 616 870 644 vene·

83 684 115 718 rat
130 669 194 717 rediit
209 689 276 727 seque
290 669 351 717 domi
366 669 446 717 deinde
461 670 575 717 continuit.
593 670 639 717 lam
659 670 718 717 enim
738 689 793 728 quae
813 669 871 716 dicta

84 742 128 803 sihi>
140 753 185 790 erat
200 741 246 790 dies
261 761 337 790 causae
351 740 379 790 ad
390 740 497 799 populum
508 741 612 790 dicendae
622 739 818 801 appropinquabat,
830 760 870 789 nec

85 813 168 863 consilii
183 813 276 871 amplius
292 827 336 862 erat
349 814 466 878 quicquam
478 814 539 872 quod
550 816 611 872 sequi
623 827 670 863 tute
681 835 706 862 ac
718 814 808 863 honeste
819 835 871 871 pos·

85 901 124 935 set.
140 887 172 934 Eo
187 906 274 944 nanque
289 905 322 934 res
337 898 424 933 venerat
439 887 499 945 quod
512 898 550 934 aut
564 899 645 934 certare
659 887 724 934 armis
738 900 759 934 et
773 885 872 953 frangore

47 965 73 1012 11]
88 981 161 1020 pugna
175 981 230 1019 quos
245 960 331 1008 llectere
349 980 414 1018 prece
432 968 477 1008 non
496 972 569 1019 posset
588 974 625 1009 aut
644 960 720 1009 cedere
738 960 831 1009 inimicis
850 958 872 1008 et

85 1035 144 1081 abire
159 1032 216 1081 ultro
238 1033 261 1080 in
283 1032 372 1081 exilium
394 1045 509 1091 oporteret.
537 1032 618 1081 Utrum
642 1052 693 1081 vero
718 1032 791 1081 sanius
816 1045 872 1080 esset

87 1105 180 1155 consulti
194 1105 258 1154 amici
274 1105 310 1154 alii
326 1105 388 1154 aliter
404 1105 553 1154 consulebant.
571 1105 622 1154 Pars
639 1105 704 1162 enim,
728 1118 749 1153 et
770 1125 821 1154 cum
837 1105 871 1153 his

55 1187 57 1189 ’
87 1180 113 1228 L.
130 1178 241 1232 Lucullus,
256 1179 289 1227 vir
304 1179 386 1237 quippe
401 1199 492 1236 magnus
506 1178 627 1236 litterisque
642 1198 667 1226 ac
680 1164 813 1226 lebus'bello
823 1198 872 1235 ges·

86 1253 115 1316 tis
129 1251 234 1310 egregius,
250 1249 307 1299 lerro
323 1250 473 1299 dimicandum
488 1251 579 1300 omnino
594 1250 707 1310 putabant,
724 1250 784 1310 quod
799 1250 872 1299 existi-

49 1326 73 1376 15
89 1337 173 1374 marent
191 1324 367 1386 ignominiosum,
390 1337 461 1383 turpe,
484 1324 564 1374 inlame
586 1324 654 1374 videri
677 1324 814 1384 hominisque
835 1318 873 1374 aut

87 1398 145 1447 noxii
160 1410 198 1445 aut
213 1397 333 1445 meticulosi
348 1410 369 1445 et
384 1397 455 1454 ignavi
470 1398 565 1455 reputari
585 1397 661 1445 cedere
681 1398 745 1445 minis
764 1388 830 1466 atq-use
850 1398 872 1445 in

88 1470 176 1519 exilium
186 1482 246 1518 metu
255 1469 321 1524 abire,
331 1470 445 1528 presertim
455 1469 590 1525 Ciceronem,
600 1471 638 1530 qui
648 1483 704 1519 esset
713 1470 824 1553 innocens,
835 1471 872 1530 qui

49 1570 51 1573 ·
87 1558 142 1593 esset
157 1544 190 1593 vir
203 1543 328 1597 consularis,
340 1563 378 1601 qur
388 1563 428 1592 suo
439 1543 536 1597 consilio,
547 1544 634 1598 virtute
645 1556 750 1601 sapientia
760 1540 807 1591 rem
816 1544 873 1607 pub-

87 1617 151 1665 licam
166 1629 319 1671 conservasset,
336 1616 374 1700 qui
390 1627 496 1671 senatum,
513 1617 550 1675 qui
569 1628 692 1676 equestrem
710 1615 816 1687 ordinem,
835 1616 873 1695 qui

47 1691 107 1739 20
89 1710 145 1739 cives
161 1692 230 1738 bonos
245 1690 286 1737 sibi
302 1690 410 1749 propicios
425 1702 447 1738 et
461 1689 557 1739 lavantes
573 1690 668 1739 haberet.
684 1681 766 1738 Contra
780 1709 832 1738 vero
846 1711 874 1738 ne

87 1775 178 1812 certaret
192 1764 257 1812 armis
272 1764 311 1811 sed
325 1761 393 1811 furori
409 1763 495 1811 cederet
511 1781 561 1821 pars
577 1763 701 1817 censebant,
718 1762 779 1822 quod
794 1762 874 1811 intelli

88 1850 162 1893 gerent
175 1842 262 1895 pugnae
274 1836 367 1884 dubium
378 1849 481 1884 eventum
491 1856 538 1884 esse
549 1837 650 1894 vincique
662 1856 726 1894 saepe
737 1836 775 1894 qui
787 1848 874 1894 sperent

88 1909 173 1963 vincere
187 1929 212 1957 ac
226 1929 249 1957 se
263 1909 319 1957 tueri
334 1928 422 1972 causam
436 1908 583 1957 honestiorem
596 1921 682 1967 putent.
696 1908 813 1957 Addebant
827 1909 874 1957 sine
940 1917 941 1921 ’

87 1995 158 2041 strage
172 1996 194 2031 et
208 2002 286 2041 magna
296 1996 366 2040 strage
377 1981 436 2031 haud
447 1981 544 2030 dimicari
555 2001 626 2041 posse.
636 1981 760 2036 Addebant,
772 1981 790 2029 si
801 1981 874 2031 vince-

47 2055 74 2103 25
89 2069 129 2110 ret,
145 2055 276 2114 perniciosos
291 2059 365 2104 tamen
378 2072 455 2104 'omnes
470 2077 515 2104 non
530 2054 596 2104 deleri
611 2075 682 2113 posse;
697 2055 731 2103 sin
746 2050 874 2108 vinceretur,

88 2148 132 2176 non
147 2149 170 2176 se
186 2127 252 2175 modo
266 2148 336 2176 unum
350 2146 426 2177 verum
440 2128 506 2176 etiam
520 2135 619 2195 senatum
634 2140 800 2187 equestremque
814 2127 874 2175 ordi-

51 2207 52 2210 ’
88 2202 140 2250 nem
153 2222 178 2250 ac
193 2202 262 2250 honos
277 2212 376 2262 quosque
387 2202 444 2251 cives
455 2201 542 2261 penitus
553 2201 655 2251 ruituros.
667 2200 715 2250 Nec
725 2219 803 2260 parurn
813 2221 874 2250 com·

83 2276 192 2339 >movebat
205 2295 241 2323 eos
256 2274 394 2333 pervulgatus
411 2294 485 2323 rumor
502 2275 563 2333 quod
579 2275 602 2322 in
618 2274 747 2323 Ciceronem
763 2294 874 2331 quaecun-

88 2367 131 2404 que
145 2347 229 2402 herent,
244 2368 269 2396 ea
283 2347 381 2402 consilio,
395 2346 513 2403 voluntate,
528 2347 589 2396 iussu
600 2346 634 2395 M.
645 2346 725 2400 Crassi,
740 2346 767 2395 C.
781 2345 874 2415 Cesaris,

48 2417 76 2468 30
91 2419 135 2483 Gn.
151 2421 248 2481 Pompeii
263 2421 309 2472 heri
324 2421 454 2471 dicerentur.

131 2494 176 2544 Has
185 2496 242 2544 vero
257 2495 313 2543 inter
327 2495 443 2543 sententias
458 2488 542 2543 dubius·
552 2494 636 2548 Cicero,
651 2514 702 2542 cum
716 2494 808 2551 deligere
821 2494 874 2542 alte·

89 2585 135 2614 ram
150 2567 236 2625 penitus
251 2580 367 2626 oporteret,
382 2566 505 2625 pensitabat
519 2586 594 2616 secum
608 2579 656 2615 utra
671 2585 745 2615 earum
760 2565 835 2614 melior
848 2586 874 2614 ac

88 2639 199 2698 sequenda
209 2653 273 2688 esset
285 2638 352 2687 Erant
363 2639 453 2698 quidem
463 2640 567 2721 utrinque
578 2639 692 2695 rationes,
687 2659 712 2688 ac
721 2638 801 2688 multae
808 2639 874 2687 ratio

89 2732 134 2766 nes,
146 2734 202 2771 quae
216 2712 289 2771 ipsum
304 2712 370 2761 modo
384 2732 452 2761 unam
465 2712 489 2760 in
499 2725 591 2771 partem,
603 2712 702 2761 modom
713 2711 802 2760 alteram
812 2710 874 2760 incli-

47 2779 74 2829 35
90 2799 173 2842 parent.
189 2785 299 2844 Denique,
310 2785 371 2843 quod
380 2785 483 2833 acerbum
493 2801 574 2833 esseae
584 2785 664 2833 durum
673 2784 734 2838 solet,
745 2784 803 2832 exire
813 2778 874 2838 urhe,

49 2890 188 2904 Μ

91 2957 121 3002 11,
135 2971 186 3003 esset
199 2978 245 3003 sscr.
