2093 3253
252 161 386 193 SCRIPTORUM
400 161 526 193 lLLUSTRlUM
539 174 553 179 -
568 162 626 194 LIBER
641 163 663 195 ΙΙ,
842 147 867 192 55

83 290 108 327 ut
123 297 176 337 quas
191 276 264 324 ederet
273 273 365 331 fabulas,
376 296 411 324 eas
422 274 490 324 Plauti
501 295 547 324 esse
557 274 619 325 lacile
629 276 689 326 iocus
699 278 746 336 ipse
756 277 868 337 stillusque

83 371 108 399 ac
122 348 210 398 facetiae
228 348 355 398 indicarent·
369 348 467 397 Accessit
485 369 573 408 quoque
591 361 616 398 ut
634 367 667 398 res
681 349 798 413 dubitatior
814 364 870 399 esset

86 421 146 480 quod
160 432 224 480 poeta
244 421 340 469 comicus
360 420 455 469 Plautius
475 420 551 484 luisset
571 421 668 479 quidam,
689 423 727 481 qui
747 424 869 471 comoedias

85 494 204 553 scripsisset
219 492 342 553 complures
357 514 413 554 quae
427 492 536 542 vicinitate
551 493 646 554 quadam
661 506 682 543 et
697 494 779 553 saporis
794 506 815 542 et
830 515 869 542 no-

58 570 151 620 5minis
166 569 207 617 hoc
222 582 323 617 nostroa
347 567 422 617 Plauto
447 567 516 616 editae
541 567 806 617 viderenturrtuctorem
830 569 869 616 hac

85 644 107 689 in
122 660 146 689 re
161 640 281 689 Varronem
295 659 382 698 sequor.
397 640 446 687 Hoc
462 641 520 687 enim
537 653 642 687 memorat
658 641 705 698 ipse
721 640 758 687 illo
774 641 797 687 in
814 640 869 687 libro

80 734 157 773 quem,
173 727 198 762 ut
213 713 265 768 dixi,
280 712 308 760 de
322 713 440 760 comoediis
455 712 524 760 Plauti
539 713 632 771 scripsit.
645 712 705 761 Illius
716 712 775 760 enim
785 711 868 761 fabulas

85 788 156 835 nescia
170 787 214 834 veri
229 786 342 843 posteritas
355 787 390 833 isti
403 786 508 834 attribuit.
524 783 626 834 Nominis
640 785 730 844 quidem
742 805 766 834 ac
779 787 868 845 saporis,

85 874 109 908 ut
123 860 175 914 dixi,
190 859 300 907 vicinitate
317 859 401 916 decepti
418 857 508 917 quidam
524 871 545 906 et
561 857 662 906 Plautum
677 857 744 906 tuisse
760 857 869 926 Plautium

46 936 72 982 l0
86 946 107 981 et
122 952 177 992 quae
190 931 285 980 Plautiae
298 944 369 997 essent
382 931 512 987 comoediae,
526 930 613 980 easdem
626 930 733 981 Plautinas
746 951 793 979 esse
805 944 879 992 puta,-¹

85 1007 144 1055 bant.
159 1006 238 1064 Neque
252 1023 303 1054 vero
318 1005 431 1054 defuerant
445 1006 482 1064 qui
497 1024 547 1055 vere
561 1005 651 1065 scriptas
665 1026 678 1053 a
693 999 768 1058 Plauto
782 1026 821 1054 sua
835 1004 869 1052 vel

84 1080 204 1128 temeritate
218 1079 252 1128 vel
267 1079 356 1127 arbitrio
382 1092 528 1137 usurpassent.
544 1078 754 1143 Constabattitem
768 1078 870 1127 Plautum

86 1151 211 1200 emendasse
227 1151 304 1200 multas
320 1171 375 1210 quae
389 1151 435 1200 aliis
449 1172 462 1199 a
476 1153 545 1209 poetis
555 1152 625 1199 editae
634 1152 727 1200 ieiunius
737 1152 868 1208 viderentur.

87 1226 135 1273 Istis
150 1225 209 1273 enim
223 1238 309 1273 tantum
320 1224 373 1276 stilli
390 1226 423 1273 sui
439 1237 568 1283 tantumque
586 1224 627 1273 ioci
643 1245 668 1273 ac
684 1223 747 1273 faceti
763 1224 869 1273 sermonis

47 1297 71 1344 l5
87 1297 192 1344 adiecerat
207 1296 294 1344 Plautus
309 1297 369 1354 quod
380 1298 471 1355 scriptae
482 1297 651 1358 haudquaquam
660 1297 688 1344 ab
699 1297 740 1344 illis
750 1298 789 1345 sed
799 1298 847 1355 ipso
857 1317 869 1344 a

86 1368 161 1418 Plauto
175 1368 295 1418 multorum
308 1368 389 1417 iudicio
402 1380 538 1429 putarentur.
554 1367 599 1417 Has
613 1386 664 1417 vero
677 1368 778 1427 ambages
792 1368 869 1417 dissol-

83 1461 132 1490 vere
147 1454 212 1500 atque
226 1442 250 1490 in
264 1441 336 1490 lucem
352 1441 467 1490 adducere·
476 1454 566 1491 conatus
583 1454 616 1489 est
633 1441 708 1490 Varro.
724 1442 812 1500 Quippe
831 1442 869 1489 de-

84 1514 135 1570 legit
147 1513 244 1570 primum
256 1533 283 1561 ex
295 1514 397 1561 omnibus
409 1532 476 1561 unam
488 1526 509 1560 et
521 1514 597 1570 viginti
610 1532 665 1570 quae
678 1513 731 1560 nulli
744 1527 815 1560 essent
827 1514 869 1561 du·

83 1586 155 1635 biosae
164 1586 204 1635 sed
218 1586 287 1635 Plauti
297 1606 343 1634 esse
352 1586 451 1634 omnium
460 1587 566 1634 sententia
575 1585 707 1634 viderentur.
722 1585 770 1635 Hae
780 1585 869 1645 quidem

44 1659 71 1707 20
86 1659 229 1708 Varronianae
243 1660 360 1718 appellatae
370 1672 427 1714 sunt,
437 1659 497 1718 quod
506 1679 540 1707 eas
550 1659 619 1708 Plauti
629 1680 675 1708 esse
684 1658 785 1708 Varronis
795 1673 869 1708 aucto-

85 1735 135 1780 ritas
150 1732 294 1781 confirmaret.
309 1732 342 1779 Ex
355 1732 401 1779 aliis
416 1733 494 1780 deinde
507 1731 583 1780 Plauto
593 1732 715 1780 vendicavit
725 1731 793 1780 Varro
804 1752 869 1790 quas-

85 1804 142 1859 darn,
159 1804 219 1862 quod
234 1817 336 1862 saperent
348 1803 449 1853 Plautum
464 1805 509 1858 sed,
526 1817 633 1861 quantum
647 1804 802 1852 arbitrarentur
820 1805 869 1862 qui-

85 1877 142 1932 dam,
157 1891 195 1926 aut
209 1879 256 1926 sine
271 1889 330 1925 certo
344 1878 436 1926 auctoris
452 1878 540 1926 nomine
554 1890 682 1935 vagarentur
692 1888 729 1926 aut
740 1876 794 1926 lalso
804 1894 868 1925 usur-

85 1962 187 2007 parentur
196 1951 223 1999 ab
234 1947 267 1998 his
278 1951 316 2009 qui
327 1970 393 1999 suum
403 1970 482 1999 nomen
493 1950 641 2000 inscriberent.
657 1949 773 1999 Enimvero
783 1970 869 1998 comoe-

44 2020 71 2067 25
87 2021 133 2068 dias
147 2022 217 2070 Plauti
229 2043 284 2081 quae
296 2024 388 2071 incertae
399 2022 523 2070 ferebantur
534 2024 630 2080 cognitas
642 2024 669 2071 de
680 2023 742 2080 copia
753 2022 869 2071 verborum

86 2095 151 2144 etiarn
166 2094 292 2145 Macrobius
308 2108 420 2146 memorat.

128 2168 269 2217 Comicorum
283 2183 356 2217 autem
368 2169 486 2217 illustrium
498 2169 587 2217 tertium
600 2168 676 2220 ordine
688 2168 771 2227 Nigidii
789 2189 802 2216 e
819 2180 869 2216 sen-

85 2241 151 2288 tentia
174 2240 200 2288 C.
216 2238 313 2289 Nevium
335 2242 428 2299 dignitas
442 2242 506 2290 locat.
521 2241 587 2289 Hunc
609 2241 697 2290 Plautus
719 2254 869 2299 contempora-

86 2310 152 2363 neum
167 2312 242 2367 habuit
254 2329 319 2374 atque
332 2329 382 2373 post
394 2325 505 2364 mortuum
517 2314 584 2364 istum
595 2336 664 2363 annos
676 2313 704 2362 ad
717 2313 814 2374 quinque
826 2313 870 2361 vita

45 2384 73 2433 30
88 2385 203 2436 defunctus
215 2401 255 2436 est.
269 2387 360 2436 Annum
370 2407 421 2436 vero
432 2386 515 2437 Nevius
526 2406 591 2446 supra
603 2386 643 2436 LX
657 2387 717 2439 vixit.
731 2387 809 2445 'Ipsum
820 2387 869 2445 qui¹

86 2459 136 2506 dem
150 2459 258 2518 stipendia
275 2459 351 2508 iecisse
368 2460 425 2508 bello
443 2461 513 2518 primo
530 2459 695 2508 Punicotradit
712 2459 788 2507 Varro.
803 2458 870 2506 Diem

85 2550 136 2578 vero
150 2533 222 2580 obisse
237 2532 362 2581 consulibus
383 2533 406 2581 P.
422 2532 531 2580 Cornellio
552 2532 649 2590 Cethego
670 2545 691 2580 et
712 2533 736 2581 P.
757 2530 870 2579 Tuditano

86 2604 145 2662 (belli
160 2606 235 2654 Punici
249 2604 339 2655 secundi
352 2604 394 2654 XV
407 2618 459 2670 tunc
472 2625 541 2655 annus
555 2603 608 2664 erat)
622 2603 699 2654 Cicero
712 2625 752 2654 suo
765 2604 788 2653 in
801 2603 869 2652 Bruto

85 2692 184 2727 veterum
198 2699 224 2726 ex
238 2679 398 2726 commentariis
412 2677 483 2733 relert.
499 2677 590 2726 Fabulas
603 2697 654 2727 vero
665 2678 694 2727 ad
706 2677 813 2737 populum
825 2677 869 2727 Pu-

45 2746 73 2796 35
88 2749 136 2798 nica
150 2761 220 2798 stante
234 2769 287 2809 pace
300 2753 350 2798 ante
370 2750 452 2798 bellum
471 2751 592 2798 secundum
611 2750 718 2798 Punicum
737 2750 805 2800 dedit.
821 2749 870 2797 Hoc

80 2940 96 2975 6,
110 2941 150 2977 Varr
167 2940 212 2985 apud
224 2940 267 2978 Gell.
282 2939 314 2978 ΙΙΙ.
327 2940 343 2978 3.
359 2940 385 2978 l0.
434 2940 462 2978 26.
476 2940 550 2979 Macrob.
563 2940 599 2979 Sat.
613 2939 636 2978 ll.
647 2941 662 2978 l.
673 2941 699 2979 ll.
749 2941 777 2978 33·
786 2942 832 2981 Brut.
841 2942 870 2979 60,
