2093 3253
248 115 388 165 scurronum
398 132 525 164 rmusrmun
538 143 552 150 -
566 132 624 163 urum
639 132 666 163 vr.
831 121 869 165 167

86 263 140 315 ‘quae
154 262 227 300 autem
238 260 289 298 sunt
300 260 322 297 et
333 248 381 296 loco
392 248 490 307 proxima
501 260 523 297 et
533 259 632 308 tempore
644 268 699 297 nova
710 267 734 297 ac
746 267 813 308 prope
825 250 868 297 sint

87 346 144 376 nunc
154 336 186 372 est
196 322 276 371 nudius
286 323 362 369 tertius
373 333 438 378 gesta,
450 341 474 369 ea
484 319 617 380 quamquam
628 322 692 379 digna
702 321 772 376 laude,
784 330 868 369 memo-

87 400 124 454 ria,
134 395 191 446 lama
201 405 280 449 essent,
290 392 313 442 in
325 390 457 442 oblivionem
466 404 539 442 tamen
549 391 648 448 abierint,
659 391 720 452 quod
730 390 815 442 dudum
825 392 869 442 iarn

87 473 152 522 luisse
166 467 252 517 nullum
265 479 325 515 tanta
338 486 365 514 ex
379 466 441 525 copia
455 466 569 515 hominum
583 466 804 527 peritorumquibus
819 486 868 526 pre=

62 548 74 596 5
89 544 162 592 sertim
177 541 229 588 haec
245 552 317 587 nostra
333 539 404 586 secula
419 536 550 587 revirescunt
565 552 587 587 et
602 539 686 594 florent,
701 541 815 588 audiamus
830 541 869 598 qui

87 628 123 666 aut
138 612 279 663 delectatione
289 632 328 661 sua
339 623 410 660 motus
421 623 458 660 aut
468 611 551 671 premio
561 611 634 671 aliquo
645 611 746 662 invitatus
758 611 799 661 hoc
809 612 869 661 istud

88 686 194 737 scribendi
210 697 268 743 gesta
284 685 374 733 minime
389 684 492 742 populare
507 705 587 733 munus
602 698 704 733 assumat.
720 684 836 734 Enimvero
852 686 869 732 si

88 763 173 811 daretur
185 776 257 817 opera,
271 770 292 807 et
305 758 373 807 virtus
386 770 407 806 et
419 757 507 806 nomina
519 757 636 806 illustrium
648 758 744 807 virorum
757 758 870 818 haudqua-

88 853 153 894 quam
167 831 275 880 oblivione
285 831 380 889 perirent
389 831 428 879 sed
437 830 543 889 praesidio
553 830 595 878 isto
605 843 781 894 conservarentur
791 832 869 890 perdiu

52 910 75 959 10
89 920 153 965 atque
165 906 261 954 viverent
272 924 323 952 cum
335 922 410 953 eorum
421 903 450 952 ad
461 903 547 952 laudem
559 915 607 952 tum
618 902 748 962 posteritatis
760 905 869 963 optimum

88 982 115 1029 ad
129 978 252 1038 exemplum
269 978 372 1033 memoria
388 977 525 1036 sempiterna.
585 976 586 979 ¹
624 1027 639 1039 -.
746 976 748 979 ’

130 1053 174 1102 Sed
188 1063 287 1100 nostrum
302 1051 449 1109 regrediamur
467 1050 495 1098 ad
515 1051 658 1109 propositum.
678 1050 789 1099 Absolutis
804 1051 870 1109 igitur
899 1066 901 1069 ’

88 1126 125 1184 qui
143 1137 281 1172 externarum
299 1124 396 1182 gentium
413 1143 438 1171 ac
455 1123 579 1181 principum
598 1122 695 1170 historias
715 1124 868 1198 memorarunt,

88 1197 142 1245 illud
153 1209 228 1244 nostro
240 1217 267 1244 ex
279 1196 355 1244 ordine
367 1196 471 1253 sequitur,
484 1209 509 1243 ut
521 1195 551 1243 illi
564 1196 650 1243 veniant
662 1196 685 1242 in
698 1199 819 1243 serinonem
832 1197 870 1254 qui

52 1272 75 1320 l5
91 1269 165 1329 populi
177 1268 269 1317 Romani
282 1280 340 1327 gesta
352 1268 490 1327 scripserunt.
509 1267 570 1325 Quae
581 1267 635 1316 adeo
652 1267 693 1316 lata
705 1279 727 1316 et
739 1268 806 1317 multa
823 1267 871 1317 luen

89 1356 138 1392 runt
151 1355 177 1391 ut
190 1342 228 1401 qui
241 1362 266 1391 ea
279 1342 335 1401 legat
348 1342 517 1401 haudquaquam
530 1342 590 1390 urbis
603 1342 667 1390 unius
681 1353 740 1399 gesta
752 1334 791 1391 sed
803 1344 870 1391 totius

89 1435 156 1473 prope
170 1415 229 1463 orbis
243 1414 313 1472 legere
327 1415 432 1468 videatur,
446 1415 506 1472 quod
520 1434 572 1471 gens
586 1414 673 1471 quaevis
687 1414 735 1470 ipso
748 1414 775 1462 ab
789 1415 871 1463 oriente

89 1489 111 1536 in
126 1487 261 1536 occidentem
274 1487 311 1536 illo
324 1507 376 1536 cum
388 1486 470 1547 populo
484 1486 636 1535 commertium
648 1498 685 1534 aut
698 1484 749 1535 belli
762 1499 800 1536 aut
813 1488 872 1546 pacis

90 1562 171 1610 babuit.
187 1561 295 1621 Principio
309 1575 382 1610 autem
395 1561 431 1610 illa
445 1561 482 1620 qui
496 1559 594 1620 pontifex
607 1574 652 1609 erat
665 1581 764 1610 summus
777 1561 805 1610 ab
818 1561 872 1610 urbe

51 1638 78 1685 20
93 1636 178 1685 condita
191 1636 219 1684 ad
232 1635 261 1693 Q.
276 1636 377 1685 Mucium
391 1635 510 1690 Scevolam,
524 1635 650 1693 pontificem
664 1635 789 1690 maximum,
803 1655 872 1694 usque

91 1710 181 1766 scripsit.
197 1708 241 1765 Qui
261 1729 312 1757 vero
330 1709 381 1756 editi
399 1721 459 1756 erant
470 1708 498 1756 ab
510 1729 536 1756 eo
548 1705 605 1762 libri,
618 1708 639 1754 hi
652 1707 815 1765 appellabantur
826 1708 872 1756 Αη·

91 1775 155 1836 nales,
170 1781 231 1840 quod
247 1781 382 1840 singulorum
398 1800 505 1829 annorum
521 1793 579 1838 gesta
595 1800 621 1828 ex
637 1780 712 1828 ordine
728 1781 870 1829 continerent.

128 1854 176 1903 Sed
190 1855 221 1903 uti
237 1868 289 1904 sunt
304 1854 414 1903 mutabilia
428 1874 534 1913 quaeque,
549 1854 578 1902 ita
593 1866 702 1902 crescente
716 1853 806 1912 imperio
821 1853 873 1902 haec

91 1928 196 1975 institutio
208 1928 287 1976 variata
298 1941 338 1976 est.
351 1927 458 1976 Historiae
469 1947 556 1985 nanque
567 1926 693 1974 scribendae
705 1945 784 1976 munus
795 1926 874 1975 deinde

51 2001 78 2047 25
93 2000 127 2048 alii
142 2001 243 2059 permulti
259 2023 304 2050 non
317 2001 407 2060 quidem
417 2000 493 2048 humili
509 2021 521 2048 e
530 1999 594 2058 plebe
604 2000 701 2047 homines
711 2000 750 2048 sed
758 2001 805 2059 ipsa
814 2020 826 2048 e
834 2021 874 2047 no-

91 2073 172 2122 bilitate
187 2074 284 2123 Romana
300 2074 450 2133 viri‘primarii
465 2073 640 2133 desumpserunt.
656 2071 688 2120 Ex
702 2073 728 2119 iis
743 2086 874 2121 memoratur

92 2145 125 2194 M.
141 2146 195 2195 Cato
210 2146 245 2195 ille
266 2148 365 2207 superior
386 2147 473 2195 Porciae
494 2145 587 2195 familiae
609 2146 716 2206 princeps.
739 2145 874 2195 Memoratur

91 2219 137 2267 Ser.
154 2219 232 2269 Fabius
246 2219 325 2269 Pictor.
340 2220 476 2269 Memoratur
489 2219 515 2268 L.
529 2219 585 2268 Piso.
600 2219 735 2267 Memoratur
749 2219 774 2268 L.
789 2219 873 2268 Caelius

91 2290 210 2349 Antipater,
222 2294 260 2350 qui
270 2292 406 2350 temporibus
417 2292 461 2339 suis
472 2291 594 2339 luculentus
605 2291 657 2338 iuris
668 2290 749 2348 peritus
760 2311 784 2338 ac
795 2291 874 2338 multo-

51 2362 79 2410 30
93 2382 142 2412 rum
154 2366 254 2424 magister
266 2364 315 2415 luit.
332 2364 468 2414 Memoratur
480 2364 506 2413 L.
519 2363 615 2413 Valerius
627 2363 721 2419 ancias..
730 2364 767 2424 qui
780 2384 806 2412 eo
817 2363 875 2412 bello

69 2498 70 2501 Ἴ
92 2440 152 2496 quod
166 2439 288 2488 Hannibale
299 2440 355 2488 duce
366 2441 389 2488 in
401 2439 509 2487 Romanos
521 2451 633 2497 gesserunt
644 2438 710 2486 Poeni
722 2438 814 2487 Romam
824 2458 875 2497 cap-

92 2517 125 2558 tos
139 2512 239 2570 Philippi,
255 2513 403 2560 Macedonum
416 2512 478 2569 regis,
493 2511 572 2568 legatos
586 2511 655 2559 duxit.
666 2510 732 2559 Nuda
742 2512 777 2559 isti
787 2512 876 2559 veritate

93 2585 187 2634 contenti
203 2599 344 2634 monumenta
357 2584 428 2634 solum
441 2598 571 2643 temporum,
586 2582 707 2639 hominum,
721 2582 825 2640 locorum,
839 2603 873 2633 re-

93 2676 141 2705 rum
150 2671 258 2717 gestarum
266 2658 365 2708 familiari
375 2659 469 2718 quadam
477 2658 573 2705 oratione
581 2658 627 2705 sine
635 2657 680 2705 ullo
688 2657 805 2706 verborum
812 2657 876 2706 cultu

52 2725 80 2774 35
94 2731 172 2789 scripta
186 2732 278 2790 posteris
290 2732 430 2791 reliquerunt,
442 2731 502 2790 quod
513 2731 549 2778 alii
561 2730 610 2789 plus
619 2731 753 2791 auctoritatis
765 2732 788 2779 in
799 2750 823 2779 re
835 2752 877 2789 pu·

55 2806 194 2818 *ffi-

92 2844 124 2890 24.
138 2845 211 2893 deinde
225 2847 308 2902 quidem
322 2854 336 2893 i.
350 2867 366 2893 r.
421 2846 454 2893 31.
468 2846 498 2893 Ex
515 2847 563 2891 Peni
579 2865 628 2891 corr.
683 2846 717 2892 35.
728 2847 828 2902 poster-(is)
846 2864 877 2891 re-

51 2903 168 2969 linquemus)
183 2921 196 2958 i.
211 2934 227 2959 r.
