2093 3253
243 183 376 216 scnrrronvn
391 183 539 216 risusvmvu—
554 183 613 215 unm
626 183 667 214 xvi.
830 169 869 214 453

85 298 192 345 Isocrateo
205 316 265 345 more
277 296 374 345 diseruit.
387 296 433 343 Viri
446 299 533 355 nanque
546 296 645 344 omnium
658 296 762 344 memoria
774 304 813 344 sua
825 296 869 344 elo·

83 371 227 429 quentissimi,
239 370 265 416 L.
277 369 368 416 Crassus
379 381 400 415 et
412 369 445 416 M.
456 366 565 416 Antonius
576 380 655 421 orator,
667 369 690 414 in
701 368 870 425 disputationem

54 478 56 481 v
83 455 104 490 et
119 442 230 501 dialogum
240 440 366 495 introducti,
378 440 439 498 quasi
451 438 506 489 lorte
518 460 583 489 suum
594 440 617 488 in
628 438 780 488 Tusculanum
791 459 870 488 eonve=

84 514 173 568 nissent,
187 525 286 573 presente
299 513 322 561 Ρ.
337 513 414 561 Mucio
426 512 523 568 Scevola,
536 511 690 561 iurisconsulto'
702 512 835 566 doctissimo,
849 525 870 559 et

57 589 70 637 5
86 607 138 636 cum
152 606 178 635 eo
193 585 219 635 C.
235 585 300 635 Cotta
310 598 332 634 et
342 585 366 634 P.
377 584 474 644 Sulpicio
484 606 510 634 ac
520 585 599 634 deinde
609 585 638 642 Q.
649 583 728 634 Catulo
739 597 771 639 et,
778 584 816 642 qui
828 583 871 633 Ca*

84 657 124 707 tuli
139 657 204 706 frater
215 670 260 706 erat
271 677 296 706 ac
307 670 385 711 orator,
399 657 454 706 lulio
466 657 564 712 Caesare,
576 657 599 706 id
610 657 685 706 audire
696 656 834 716 cupientibus
845 676 871 724 ac

84 751 148 790 prece
163 730 230 781 multa
246 731 346 790 explicari
362 731 486 790 petentibus
501 752 557 791 quae
572 731 630 780 docti
646 730 751 779 sentirent
767 731 794 779 de
809 730 869 779 omni

46 860 47 863 Ἴ
78 805 167 853 'ratione
178 804 265 853 dicendi
277 803 388 853 excellenti
400 804 496 863 quodam
507 825 558 853 cum
570 816 647 853 ornatu
658 817 679 852 et
691 803 792 853 comitate
802 802 869 860 collo·

85 889 183 936 quuntur
197 876 328 935 copioseque
347 891 372 924 a'c
391 876 498 925 subtiliter
518 877 637 935 disputant.
657 875 792 924 Graecorum
811 875 870 923 enim

46 951 72 1000 10
88 968 147 998 more
162 961 186 997 ut
201 948 286 998 suavior
297 967 368 996 sermo
378 960 440 1003 esset,
452 969 507 1007 quos
518 948 600 1007 viderat
611 947 694 996 iuvenis
705 960 799 996 oratores
809 961 870 995 sum'-

86 1041 132 1070 mos
148 1022 187 1069 hac
202 1021 229 1069 de
243 1039 266 1069 re
280 1040 335 1080 quae
349 1021 441 1069 oratoria
455 1033 511 1069 esset
524 1020 659 1080 disputantes
673 1018 731 1069 lecit.
746 1020 833 1079 Nempe
847 1040 870 1067 se

85 1106 156 1152 totum
166 1094 195 1142 ad
206 1093 349 1143 imitationem
361 1092 495 1142 Graecorum
506 1092 598 1143 contulit
610 1106 631 1142 et
642 1113 698 1153 quae
709 1092 830 1152 perlectum
840 1093 868 1140 ad

85 1181 192 1216 oratorem
209 1167 313 1216 attineant
332 1179 353 1215 et
371 1167 393 1215 in
411 1166 526 1216 hominum
544 1166 771 1226 eloquentissimorum
788 1181 830 1214 usu
848 1180 870 1214 et

42 1294 44 1299 ,
86 1240 232 1299 disputatione
246 1252 365 1294 versantur,
380 1259 404 1288 ea
418 1240 477 1287 libris
492 1241 538 1288 istis
551 1239 663 1298 amplexus
678 1252 713 1288 est·
724 1239 808 1293 Cicero,
822 1251 871 1286 tan-

47 1315 71 1364 l5
87 1327 179 1373 tumque
193 1313 322 1373 diligentiae,
336 1313 423 1372 ingenii,
437 1313 502 1362 studii
515 1314 538 1363 in
551 1313 715 1363 his·scribendis
727 1313 827 1378 adhibuit
839 1326 871 1367 ut,

85 1407 137 1434 cum
150 1386 174 1434 in
188 1386 277 1434 caeteris
290 1405 402 1443 superasse
414 1385 472 1433 alios
480 1399 571 1440 constet,
584 1387 607 1433 in
620 1387 666 1433 istis
679 1386 744 1433 etiam
762 1406 785 1432 se
798 1386 871 1443 ipsum

79 1457 156 1506 vicisse
171 1457 269 1510 omnium
277 1456 358 1505 iudicio
365 1457 470 1505 videatur.

69 1546 71 1550 ’
128 1530 246 1589 Oratorum
259 1529 338 1578 deinde
351 1528 408 1577 civili
422 1542 496 1577 exacto
509 1529 567 1578 b'ello
576 1531 705 1582 ¹varietatem
717 1528 830 1588 explicavit
843 1530 869 1577 li-

86 1602 126 1650 bro
141 1622 193 1656 uno,
208 1601 246 1661 qui
261 1614 282 1650 et
296 1600 325 1649 ad
339 1600 432 1649 Brutum
454 1601 481 1649 de
500 1601 633 1651 >Oratoribus
655 1601 725 1651 Claris
747 1615 768 1650 et
790 1601 882 1651 Brutus

45 1673 73 1720 20
88 1671 219 1720 inscribitur.
237 1672 262 1720 ln
277 1693 302 1722 eo
317 1674 413 1732 quidem,
423 1695 474 1724 cum
483 1674 604 1725 deflevisset
613 1688 706 1725 mortem
714 1675 870 1733 Q.'llortensii,

86 1745 176 1805 oratoris
191 1745 313 1795 excellentis
327 1767 352 1796 ac
366 1748 406 1795 viri
421 1747 546 1803 consularis,
561 1749 599 1807 qui
614 1750 662 1808 ipso
676 1750 699 1797 in
713 1749 788 1797 limine
802 1749 869 1798 civilis

86 1816 136 1868 belli
147 1817 304 1876 obisset'diem,
318 1834 339 1869 et
352 1842 397 1880 quo
409 1820 506 1880 primum
518 1834 574 1871 esset
586 1819 647 1871 lonte
655 1822 736 1872 'hausta
747 1821 870 1882 eloquentia

87 1905 232 1946 memorasset,
250 1905 298 1940 tum
315 1905 433 1940 nommavrt
450 1914 476 1940 ex
492 1914 552 1941 omni
569 1895 675 1952 superiori
691 1908 789 1953 tempore
804 1908 870 1953 atque

81 1961 123 2010 'illo
137 1962 186 2022 ipso
197 1983 209 2011 a
222 1963 256 2012 M.
269 1963 379 2013 Cornellio
392 1963 496 2024 Cethego,
509 1985 576 2024 quem
587 1965 684 2025 primum
695 1986 722 2015 ex
733 1966 837 2016 Romanis
849 1979 871 2015 et

44 2035 73 2082 25
87 2054 153 2083 usum
161 2035 297 2095 eloquentiae
302 2050 323 2086 et
328 2038 451 2086 auditorem
456 2037 552 2086 Ennium
562 2038 662 2088 habuisse
668 2038 739 2093 relert,
745 2059 796 2088 suos
802 2059 872 2098 usque

85 2107 114 2154 ad
128 2107 174 2155 dies
189 2108 226 2167 qui
242 2109 334 2157 Romani
348 2110 442 2157 nominis
455 2110 495 2157 viri
508 2123 545 2158 aut
558 2123 653 2159 oratores
666 2111 717 2159 clari
730 2110 822 2160 luissent
834 2124 871 2159 aut

86 2178 159 2228 locum
173 2193 283 2230 oratorum
302 2181 419 2231 illustrium
437 2182 564 2245 tenuissent.
586 2183 647 2242 lpsos
667 2203 718 2233 vero
737 2184 766 2233 ita
785 2183 871 2242 collegit

86 2265 111 2299 ut
125 2252 174 2310 quis
189 2267 327 2313 quantusque
339 2254 405 2304 luerit
417 2256 510 2313 quisque
522 2276 547 2304 ac
559 2256 630 2304 omnis
643 2258 699 2305 inter
712 2278 748 2305 eos
761 2257 871 2305 dissimili-

42 2377 44 2380 ,
86 2324 141 2375 tudo
155 2325 178 2375 in
193 2326 286 2377 dicendo
296 2326 360 2387 plane
371 2327 439 2378 videri
450 2341 472 2378 et
483 2328 566 2379 dinosci
577 2342 658 2389 posset.
670 2329 788 2380 Neminem
798 2342 871 2380 autem

45 2397 73 2445 30
88 2399 187 2457 omnium
195 2401 235 2458 qui·
241 2401 338 2449 viverent
346 2401 388 2449 hoc
396 2402 419 2449 in
427 2400 483 2449 libro
491 2415 562 2459 preter
570 2403 604 2451 M.
614 2393 744 2453 Marcellum
752 2417 773 2451 et
781 2402 807 2451 C.
816 2402 872 2451 Cae»

86 2489 156 2519 sarem
167 2471 294 2521 nominavit.
309 2471 346 2520 Sic
357 2472 416 2521 enirn
426 2473 508 2527 statuit,
519 2494 564 2521 non
575 2474 665 2532 quidem
675 2475 721 2524 ullo
731 2475 754 2523 in
765 2496 801 2524 eos
812 2475 870 2531 odio,

86 2543 125 2593 sed
140 2564 167 2593 ne
181 2556 219 2594 aut
227 2544 282 2594 male
291 2545 370 2594 sentire
378 2545 406 2594 de
414 2565 526 2604 quoquam
534 2558 572 2595 aut
580 2547 682 2606 preterire
691 2567 824 2607 quemquam
832 2566 871 2606 per

87 2616 254 2666 malivolentiam
267 2617 383 2667 videretur.
398 2618 460 2667 Parta
476 2638 562 2677 nanque
577 2619 706 2682 bello'civili
723 2620 811 2668 victoria
827 2621 870 2668 iam

45 2761 181 2771 Ἣ

83 2873 103 2918 8.
117 2873 148 2918 Ex
162 2871 249 2928 quadam
262 2890 312 2920 corr.
370 2872 399 2918 19.
413 2874 450 2929 qui
464 2893 509 2921 sscr.
564 2875 598 2921 22.
612 2873 667 2920 lonte
682 2875 768 2932 hausu)
783 2882 790 2921 i
804 2894 830 2928 r.‚·
847 2895 871 2922 ex

44 2932 113 2982 hausta
126 2945 194 2985 statim
206 2956 255 2985 corr.
311 2938 344 2984 29.
359 2941 389 2986 Ex
403 2941 466 2995 possit
479 2958 527 2987 corr.
