2093 3253
263 166 399 195 scnrmoauu-
407 165 532 194 itcusamuu
544 176 563 180 -v
572 164 630 194 tiana
645 164 671 194 tv.
843 149 878 194 127

97 285 182 345 pondus
192 281 263 329 alendi
273 288 328 339 quos
339 279 595 346 nominavirelictossibi
605 299 618 326 a
628 290 688 336 patre
698 279 828 326 necessarios
838 279 879 326 im¹

97 357 198 416 pedisset.
214 353 304 401 Mortuo
318 353 383 411 igitur
397 365 457 409 patre
471 353 596 409 qui.vivens
611 371 665 399 onus
680 351 773 416 familiae
787 352 879 399 sustine-

97 431 141 483 bat,
150 427 234 476 flectere
243 425 341 474 studium
345 424 448 473 aliorsum
453 437 539 474 coactus
545 438 584 474 est.
595 424 670 483 ltaque
679 424 764 472 maioris
773 436 795 471 et·
802 444 879 482 quaes-

97 517 132 551 tus
143 510 168 548 'et
183 500 270 547 honoris
284 519 322 557 spe
336 498 414 546 ductus
429 498 546 556 pedagogia
561 517 583 545 re
597 497 685 546 dimissa
697 499 747 545 ¹sese
763 498 787 544 in
807 496 879 545 lorum

72 577 85 624 5
100 572 198 621 contulit.
217 571 250 618 lbi
267 570 326 629 apud
342 570 440 618 homines
457 571 545 624 versarii
559 570 643 618 tabulas
658 571 788 627 scriptitare.
801 571 880 627 patrias

98 647 154 703 leges
163 663 298 702 cognoscere,
307 663 381 692 causas
389 661 458 700 agere,
467 642 560 701 publicis
568 642 662 698 consiliis
671 643 780 697 interesse,
790 662 880 690 munera

98 718 184 778 publica
199 717 259 764 obire
273 717 351 773 coepit;
367 715 427 763 brevi
442 715 532 773 quidem
552 714 666 763 hominum
686 715 714 763 ad
733 715 879 773 cognitionem

97 803 165 839 aetate
171 789 235 837 simul
242 802 264 836 et
270 789 326 837 lama
332 793 429 836 crescens
436 789 502 836 venit.
509 787 560 835 Erat
567 789 589 835 in
596 808 622 835 eo
628 789 739 845 ingenium
746 788 822 842 docile,
834 802 879 837 erat

72 855 73 859 ¹
98 860 183 909 dicendi
193 880 249 918 quae
257 859 321 908 vellet
330 860 419 927 comitas
429 860 535 917 quaedam
545 872 570 906 et·
575 859 661 907 laudata
671 858 792 917 prudentia
804 861 880 918 Ipsum

60 938 85 985 10
99 954 186 994 quoque
195 933 324 982 honoratum
332 931 423 981 iaciebat
431 931 516 990 vulgata
524 931 581 980 lama
589 931 650 990 quod
659 933 810 990 grammaticus
826 932 879 984 doc-

97 1021 132 1056 tus
149 1020 205 1055 esset
219 1020 241 1055 et
255 1006 318 1055 metri
333 1006 425 1054 faciendi
440 1026 491 1068 cum
505 1018 551 1053 arte
565 1019 613 1070 tum
624 1005 774 1054 exercitatione
789 1007 879 1064 gratiam

98 1079 206 1138 quandam
212 1092 234 1126 et
241 1078 365 1126 facilitatem
373 1078 467 1126 haberet.
475 1077 547 1135 Vulgo
556 1077 645 1141 quidem
652 1078 801 1143 appellabatur
808 1092 879 1137 poeta.

98 1152 160 1201 Plebs
175 1170 225 1201 vero
235 1151 255 1200 ei
265 1149 350 1200 favebat
360 1171 451 1211 summe,
461 1162 509 1199 tum
519 1151 579 1210 quod
589 1150 670 1209 plebeis
681 1151 806 1210 parentibus
816 1164 878 1202 natus

98 1238 159 1279 esset,
173 1237 221 1273 tum
235 1225 294 1283 quod
313 1225 399 1282 plebem
412 1225 465 1283 ipse
476 1237 550 1272 contra
564 1223 698 1272 nobilitatem
712 1244 843 1284 quocunque
856 1228 878 1275 in

60 1299 84 1346 15
99 1298 146 1345 loco
158 1310 179 1344 et
190 1298 273 1355 privato
285 1309 306 1345 et
317 1296 405 1355 publico
416 1308 519 1345 tueretur.
532 1296 572 1342 His
583 1296 668 1360 artibus¹
676 1296 749 1362 lavore
760 1317 785 1344 ac
801 1299 879 1355 opibus

97 1369 210 1417 cumulatis
223 1390 246 1417 se
257 1369 345 1417 tandem
357 1369 473 1416 maioribus
485 1368 613 1436 adaequavit
625 1381 647 1416 et
659 1389 714 1426 quos
726 1370 786 1417 daret
797 1371 878 1425 civitas,

98 1463 152 1501 quae
164 1455 212 1491 tum
225 1455 269 1490 erat
282 1443 348 1489 libera
361 1455 382 1490 et
395 1444 438 1489 suis
452 1441 610 1499 magistratibus
621 1442 741 1499 regebatur,
752 1442 844 1492 honores
855 1465 880 1493 ac

84 1511 85 1514 Ἴ
97 1516 211 1572 legationes
221 1536 312 1572 magnos
317 1516 346 1564 ad
354 1516 461 1577 principes
470 1536 495 1563 ac
503 1535 614 1563 summum
621 1515 649 1563 ad
658 1515 783 1573 pontificem
797 1516 879 1567 babuit.

98 1587 294 1646 Fratrem-quoque
307 1586 472 1646 (Gualpertinus
488 1587 522 1636 bic
539 1588 628 1636 nomine
640 1586 766 1646 vocabatur)
778 1587 879 1637 abbatem

57 1660 86 1708 20
99 1673 183 1710 sanctae
196 1660 289 1710 Iustinae
299 1661 400 1710 constitui
414 1661 488 1709 asede
496 1660 613 1718 apostolica
622 1661 751 1719 impetravit.
770 1661 790 1710 ls
800 1680 886 1721 corpus·

97 1733 197 1781 ecclesiae
208 1753 275 1791 quam
285 1734 378 1781 maxime
388 1733 499 1791 ampliavit
510 1734 564 1781 etin
576 1733 655 1791 quibus
666 1746 717 1782 sunt
728 1752 818 1792 corpora
825 1734 879 1783 'Ma-

93 1804 154 1853 thiae
163 1806 254 1865 apostoli
262 1818 284 1853 et
290 1805 361 1853 Lucae
367 1804 508 1863 evangelistae
517 1805 576 1862 (sunt
586 1806 645 1852 enim
654 1805 677 1852 in
687 1825 712 1852 ea
721 1806 810 1853 ecclesia
817 1826 879 1856 sanc-

97 1891 170 1926 torum
179 1897 269 1936 corpora
280 1876 356 1936 multa)
367 1877 444 1926 locavit
456 1878 523 1926 umis.
535 1877 646 1927 Habitavit
656 1877 743 1927 Paduae
753 1878 878 1929 Albertinus
905 1910 907 1913 ·

96 1951 155 2007 apud
169 1963 259 2007 pontem
271 1950 381 1998 Melinum
392 1970 417 1998 ea
428 1951 474 2008 ipsa
486 1951 508 1997 in
520 1950 586 1998 domo
598 1949 701 2008 (nequid
713 1952 879 2010 pretermittam)

58 2021 84 2068 25
99 2042 165 2080 quam
179 2023 317 2080 impresentia
327 2023 365 2081 qui
377 2023 429 2070 haec
440 2035 544 2071 memorat
556 2022 644 2071 habitat.
721 2083 723 2087 Α

138 2094 217 2155 Neque
231 2114 282 2144 vero
296 2096 318 2142 in
333 2096 401 2153 patria
416 2095 592 2142 modo-honores
603 2094 679 2143 habuit
694 2096 732 2144 sed
745 2094 800 2145 toris·
813 2096 879 2144 etiam

98 2169 232 2227 magistratus
247 2167 318 2227 gessit.
332 2167 452 2217 Florentiae
464 2167 560 2227 quidem,
574 2188 629 2227 quae
642 2189 685 2217 una
698 2169 720 2217 in
733 2168 813 2218 Tuscia
826 2170 879 2217 civi·

96 2254 128 2290 tas
152 2242 237 2300 opibus,
260 2241 348 2301 populo,
365 2242 478 2291 dominatu
495 2241 587 2297 floreret,
610 2255 711 2291 executor
726 2243 822 2291 iusticiae
839 2243 878 2300 (sic

59 2344 61 2347 ·
96 2315 204 2373 appellant
213 2314 370 2383 magistratum)
378 2314 420 2363 tuit
428 2327 493 2372 atque
501 2323 581 2363 munus
590 2315 612 2362 id
621 2334 700 2377 magno
708 2335 759 2363 cum
767 2317 849 2364 honore
857 2330 880 2364 et

56 2385 84 2433 30
98 2380 167 2437 laude
183 2379 257 2437 obivit.
304 2434 306 2436 ,
578 2403 579 2406 ’
785 2397 786 2400 ’
877 2381 878 2385 ¹

80 2472 82 2475 ”
138 2461 204 2509 Domi
215 2474 266 2509 vero
276 2474 308 2509 est
318 2461 414 2509 amicicia
426 2462 501 2510 Lovati
512 2461 644 2510 familiariter
655 2482 715 2517 usus.
724 2461 774 2510 Erat
783 2462 877 2511 Lovatus

95 2545 163 2582 aetate
171 2546 223 2593 tunc
231 2553 296 2582 senex
303 2533 380 2593 uirque
388 2533 427 2582 hac
435 2534 457 2582 in
465 2534 552 2582 civitate
562 2533 679 2582 honoratus
687 2554 712 2582 ac
718 2533 798 2583 multae
808 2535 878 2583 scien·
929 2577 930 2581 ,

96 2605 144 2655 tiae.
159 2605 218 2655 Nam
229 2619 251 2654 et
262 2606 318 2654 civili
335 2607 358 2654 in
369 2607 415 2655 iure
425 2619 470 2654 erat
480 2607 618 2654 doctissimus
629 2620 651 2654 et
658 2619 772 2666 poetarum
779 2607 878 2655 omnium

96 2698 150 2737 quos
160 2680 194 2729 vel
205 2700 243 2729 sua
252 2680 285 2728 vel
295 2693 381 2738 patrum
390 2680 444 2728 vidit
452 2693 516 2734 aetas,
527 2680 544 2727 si
553 2679 599 2728 ΧΠ
609 2679 694 2729 tabulas
704 2701 748 2729 non
758 2681 879 2730 miscuisset

56 2783 194 2797 —··—-——-

107 2860 126 2904 8.
141 2861 229 2916 (aetalte
238 2860 296 2906 simul
305 2871 323 2905 et
333 2860 402 2916 l(ama)
412 2866 425 2906 i.
436 2880 451 2906 r.
509 2863 539 2908 16.
549 2862 674 2917 maioribus)
685 2868 698 2906 ι’.
709 2881 724 2907 a.
779 2864 812 2907 23.
821 2863 877 2907 umis

54 2926 68 2965 ἱ.
81 2943 106 2969 m,
120 2927 166 2971 adel.
181 2929 250 2982 (primo
264 2938 308 2980 post
321 2939 368 2972 sunt
381 2927 433 2976 add„
447 2928 481 2972 sed
493 2937 562 2981 posteo
576 2930 641 2983 erae).
