2093 3253
469 265 561 296 SlCCONlS
575 265 691 296 POLENTONI

211 392 259 427 uter
276 378 370 427 vinceret
388 399 432 427 non
451 379 546 438 putabat,
566 379 625 438 quod
643 379 725 428 videret
743 399 771 427 se
783 399 808 427 ac
826 399 901 428 omnes
919 380 993 430 victori

211 451 291 499 servire
306 451 391 508 penitus
406 464 512 509 oportere.
527 451 557 499 At
572 470 623 499 vero
637 452 767 500 serviturum
782 471 805 499 se
819 465 911 508 tyranno
926 454 993 502 ruitu-

211 543 300 583 ramque
311 542 356 571 rem
367 523 477 581 publicam
490 524 591 582 quotiens
604 524 703 573 veniebat
717 525 739 572 in
754 537 856 578 mentem,
867 524 994 581 permoleste

210 595 292 644 ferebat
306 615 427 644 memorans
441 616 515 644 secum
528 609 611 654 quanto
624 597 646 644 in
660 597 748 651 honore,
760 610 840 655 quanta
851 598 873 644 in
885 596 993 655 dignitate,

184 669 197 718 5
213 682 295 726 quanto
308 669 331 716 in
344 681 401 717 statu
415 668 481 717 libera
495 669 581 718 civitate
594 668 670 718 luisset
683 683 755 728 atque,
769 669 787 717 si
802 670 949 718 restitueretur
963 689 994 719 res

211 741 304 801 publica,
319 740 405 792 loturus
419 753 482 790 esset.
499 740 555 791 Illud
565 754 638 791 autem
649 755 673 791 ut
683 742 800 801 patientius
810 740 875 790 lerret
885 755 993 800 tyramnos

211 828 261 863 ante
277 815 349 864 omnia
364 815 474 870 suadebat,
490 816 551 875 quod
566 817 651 875 legisset
666 818 778 865 Socratem
793 816 854 865 illum
870 817 942 875 ipsum
957 821 993 877 qui

212 889 298 937 moralis
312 888 368 937 vitae
382 888 424 936 luit
438 888 512 937 lumen
526 901 548 936 et
562 908 639 947 parens
653 889 755 943 Athenis,
771 910 823 937 cum
842 889 906 937 XXX
926 906 994 940 essent

212 960 313 1020 tyramni,
333 961 412 1019 pedem
431 981 544 1021 nunquam
563 975 625 1020 porta
645 961 745 1010 extulisse
765 975 869 1011 constare.
891 962 995 1021 Sperabat

174 1035 200 1085 10
215 1035 267 1084 item
285 1033 384 1084 futurum
403 1034 534 1094 quandoque
552 1056 583 1084 ac.
595 1048 668 1094 presto
685 1033 785 1084 luturum
803 1034 863 1095 quod
881 1035 995 1094 quisquam

212 1107 268 1156 loret
287 1107 332 1165 qui,
353 1107 459 1155 etiamse
478 1109 550 1155 nescio
569 1128 594 1155 ac
612 1109 743 1165 quiescente,
763 1099 879 1165 tyrannum
898 1108 994 1167 quisquis

213 1193 268 1228 esset
285 1179 398 1234 occideret,
416 1192 558 1239 senatumque
573 1200 599 1228 ac
615 1199 660 1228 rem
676 1179 786 1238 publicam
802 1180 919 1239 pristinum
935 1182 994 1228 resti*

213 1266 284 1302 tueret
294 1252 322 1299 ad
332 1265 412 1300 statum
422 1265 443 1300 et
454 1253 581 1310 dignitatem
592 1273 660 1301 suam.

224 1347 226 1351 ·
256 1325 324 1384 Spem
338 1345 425 1383 quoque
439 1325 504 1372 dabat
517 1326 537 1372 ei
552 1345 607 1384 quae
620 1326 679 1383 apud
693 1345 768 1373 omnes
782 1326 868 1382 vulgata
882 1339 926 1374 erat
940 1325 995 1373 lama

175 1397 200 1447 15
216 1397 336 1451 Caesarem,
359 1398 377 1444 si
399 1399 500 1453 vinceret,
523 1397 623 1446 futurum
645 1398 819 1456 haudquaquam,
842 1398 874 1447 uti
897 1411 995 1456 putarent

214 1470 283 1523 multi,
297 1490 309 1516 e
321 1471 410 1527 vestigio
423 1470 494 1526 Syllae
506 1490 531 1517 ac
544 1470 627 1517 Cinnae
639 1471 755 1525 crudelem,
766 1489 843 1518 verum
853 1469 893 1518 alia
903 1471 995 1528 quadam

214 1542 304 1594 ratione,
317 1541 355 1589 sed
367 1540 489 1595 clementer,
503 1553 621 1594 mansuete,
634 1539 749 1588 liberaliter
761 1542 907 1598 regnaturum.
920 1539 995 1588 Famae

215 1615 270 1662 huic*
282 1613 391 1662 addebant
407 1613 473 1661 fidem
489 1612 587 1671 exempla
603 1611 678 1661 multa.
694 1611 765 1661 Tanta
781 1613 840 1662 enim
856 1612 960 1662 modestia
976 1626 995 1661 et

215 1688 308 1736 Romam
320 1687 444 1735 Brundusio
457 1706 548 1744 pergens
561 1685 637 1734 itinere
649 1699 696 1734 toto
708 1699 729 1734 et
742 1686 819 1735 urbem
832 1686 940 1744 ingressus
953 1699 1002 1739 erat,

173 1760 201 1811 20
217 1760 295 1809 Caesar
309 1774 361 1808 usus
376 1758 436 1818 quod
450 1771 521 1817 preter
535 1758 651 1817 spoliatum
665 1758 771 1807 aerarium
781 1771 802 1806 et
813 1771 908 1817 arreptos
920 1759 995 1817 magis·

214 1846 283 1881 tratus
299 1832 390 1880 violatus
406 1832 433 1879 ab
450 1852 476 1879 eo
492 1852 556 1879 nemo
572 1833 671 1879 omnium
687 1832 804 1884 audiretur,
825 1845 928 1889 tantaque
949 1851 995 1889 erga

216 1924 291 1953 omnes
304 1904 398 1958 lenitate,
412 1904 584 1958 mansuetudine,
598 1904 728 1952 abstinentia
740 1916 785 1952 erat
798 1924 850 1952 usus
863 1916 887 1952 ut
901 1903 996 1952 homines

215 1979 238 2026 in
248 1978 309 2031 urbe,
321 1978 343 2025 in
355 1976 485 2035 municipiis,
497 1977 519 2024 in
530 1976 585 2025 villis
596 1989 642 2025 tute
654 1976 738 2031 morari,
750 1996 812 2035 agros
823 1975 899 2030 colere,
911 1976 996 2035 negocia

215 2049 311 2098 factitare
321 2069 359 2097 sua
368 2068 431 2107 posse
441 2048 484 2097 ulla
493 2049 539 2096 sine
548 2048 678 2102 turbatione,
688 2048 733 2096 ullo
742 2049 788 2096 sine
794 2062 860 2102 metu,
869 2068 894 2096 ac
902 2049 920 2095 si
928 2059 996 2095 essent

174 2123 202 2173 25
218 2141 251 2171 res
271 2121 423 2181 quietissimae,
444 2121 575 2170 viderentur.
597 2121 643 2170 lam
662 2120 721 2170 enim
740 2120 803 2179 pulso
821 2121 880 2170 ltalia
896 2120 997 2179 Pompeio

216 2195 275 2244 aliud
287 2194 341 2242 nihil
352 2195 412 2248 urbs,
424 2193 484 2242 aliud
496 2185 549 2242 nihil
564 2194 623 2242 ltalia
635 2194 764 2252 loquebatur
772 2194 798 2241 -ni
810 2214 919 2241 summam
931 2213 996 2250 quan·
1013 2225 1015 2230 «

216 2268 268 2317 dam
286 2267 449 2326 inauditamque
467 2285 492 2314 ac
510 2266 667 2325 inexpectatum
685 2266 708 2314 in
727 2285 802 2314 omnes
822 2265 919 2314 Caesaris
939 2284 996 2317 manu

217 2340 355 2390 suetudinem
369 2350 434 2398 atque
449 2340 592 2387 clementiam.
681 2337 684 2341 ,
732 2336 734 2338 ¹

259 2414 306 2462 Nec
322 2412 422 2461 Ciceroni
438 2433 499 2470 spem
515 2413 606 2470 negabat
621 2412 739 2471 quicquam
754 2411 853 2461 loturum
868 2411 965 2465 fortasse,
981 2408 997 2456 si

174 2488 203 2535 30
218 2498 338 2535 remaneret
351 2487 374 2533 in
389 2487 456 2539 ltalia,
470 2486 530 2542 quod
543 2486 602 2543 apud
616 2484 729 2533 Caesarem
743 2484 845 2543 prodesse
858 2484 889 2532 rei
902 2483 998 2548 publicae

217 2572 238 2607 et
253 2558 327 2607 amicis
341 2570 421 2617 posset.
437 2556 476 2604 Sin
491 2576 542 2605 vero
555 2549 655 2605 transiret
670 2575 728 2604 mare
743 2569 764 2603 et
778 2555 876 2614 Pompeii
890 2556 919 2610 ad
932 2566 998 2603 castra

217 2653 240 2680 se
257 2629 371 2685 conferret,
389 2631 524 2679 existimabat
541 2650 564 2678 se
581 2629 663 2678 nemini
680 2628 827 2693 profuturum,
845 2627 905 2687 quod
922 2623 998 2675 intelli*

218 2717 276 2763 geret
291 2724 314 2751 se
328 2703 432 2762 Pompeio
447 2723 518 2762 neque
533 2703 598 2750 armis
613 2703 723 2756 idoneum,
740 2703 801 2760 quod
816 2714 871 2750 esset
887 2702 953 2750 homo
967 2711 998 2746 to-

217 2791 279 2836 gatus
290 2788 311 2824 et
321 2796 393 2830 senex,
405 2795 445 2823 nec
455 2773 545 2823 consilio
555 2788 640 2832 gratum
651 2795 703 2829 esse,
715 2775 775 2832 quod
785 2792 870 2831 semper
881 2775 1003 2822 hortaretur

176 2849 205 2899 35
219 2850 247 2898 ad
259 2868 342 2907 pacem,
356 2868 395 2896 nec
408 2848 448 2896 alia
462 2848 488 2896 de
501 2867 524 2896 re
536 2849 609 2906 ipsum
621 2847 766 2906 alloqueretur
779 2866 879 2905 usquam.
892 2841 1001 2894 Ciceronis

229 3031 249 3075 9.
261 3031 291 3076 Ex
301 3041 397 3074 constaret
406 3047 455 3074 corr.
511 3030 544 3074 23.
554 3028 617 3073 colere
627 3035 641 3072 ι’.
649 3046 665 3071 r.
721 3027 753 3071 34.
763 3038 861 3081 gratum...
871 3043 956 3080 usquam
965 3030 978 3067 ι’.
986 3040 1000 3064 r·
