2093 3253
232 143 361 174 scurronum
375 143 498 175 riuusmiuu
512 154 525 161 -
539 120 596 174 uam
610 142 654 173 rm.
815 126 852 172 351

69 260 154 309 theatro
168 279 192 307 ac
207 257 289 317 populo
301 256 415 317 frequente
427 257 475 316 (hos
489 257 579 316 quidem
591 256 654 306 ludos
667 255 761 315 populus
774 255 855 305 laurea-

69 345 105 380 tus
120 331 142 378 in
154 330 262 388 Apollinis
274 330 337 378 laude
349 329 469 388 spectabat)
481 325 603 388 Deipliylus
616 329 707 387 quidam
718 328 819 386 tragicus,
831 342 856 375 ut

70 426 93 454 se
108 403 199 459 dicebat,
215 417 282 469 poeta
292 403 331 460 sed
344 403 441 463 plebeius
455 424 480 452 ac
494 403 541 452 vilis
556 404 622 452 homo
636 404 658 452 in
673 423 724 451 eum
738 401 771 450 his
785 401 856 451 verbis

70 477 191 538 petulanter
206 478 304 526 invectus
313 489 352 525 est:
363 493 372 517 «
380 477 479 525 Nostra»
489 477 563 534 inquit
578 494 587 517 t
596 476 682 525 miseria
690 488 715 524 tu
725 496 748 523 es
758 495 856 533 magnus,

44 554 56 601 5
72 571 85 598 o
100 550 199 607 Pompei!
212 549 289 596 Veniet
302 562 389 607 tempus
401 568 453 596 cum
465 549 556 606 graviter
568 567 648 606 gemes.
659 563 668 588 t>
682 548 741 596 Haec
754 560 802 595 tum
815 547 857 594 isto

70 643 82 671 a
97 621 207 680 Deiphylo
219 621 258 669 sed
269 621 319 669 alias
331 621 359 669 ab
371 620 417 669 aliis
429 621 494 669 etiam
505 620 545 670 alia
558 622 580 669 in
592 620 721 680 Pompeium
733 620 798 668 dicta.
811 619 857 667 Ne·

71 716 120 754 que
128 714 184 758 vero
194 694 312 753 quicquam
322 708 354 742 est
365 693 392 741 ab
403 692 447 742 ullo
458 694 480 740 in
490 714 541 741 eum
551 708 596 742 tam
606 693 763 741 contumeliose
773 694 856 740 dictum

71 767 132 826 quod
145 786 232 815 summo
246 766 323 814 theatri
338 767 431 814 clamore
445 779 466 813 et
481 766 558 823 plausu
573 766 668 814 maximo
682 766 777 825 populus
791 783 857 824 opera

71 839 143 888 Clodii
159 861 203 887 non
217 840 308 894 audiret;
321 839 415 898 denique
426 853 511 888 tantum
523 839 602 888 Clodio
614 840 673 888 venit
684 840 785 888 audaciae
796 840 856 898 quod

33 917 58 965 l0
73 913 166 962 rescindi
180 927 227 961 acta
246 913 343 972 Pompeii
362 932 401 972 per
420 913 526 971 populum
545 925 665 968 conaretur,
685 932 815 971 servumque
834 914 856 960 in

71 985 167 1034 Castoris
182 985 265 1044 templo
279 986 317 1044 qui
332 1006 383 1034 eum
398 986 505 1034 occideret
519 1005 558 1044 per
573 987 661 1034 insidias
676 985 797 1052 collocaret.
813 986 857 1033 Sed

50 1088 51 1092 =
71 1071 147 1107 neutra
157 1058 199 1106 sibi
209 1059 241 1107 uti
252 1057 353 1117 cupiebat
363 1058 436 1111 animo
455 1076 488 1107 res
499 1059 609 1108 successit.
627 1058 749 1116 Pompeius
762 1079 856 1116 nanque,

70 1131 108 1180 ubi
124 1130 176 1180 haec
191 1131 282 1181 suntad
295 1152 346 1180 eum
359 1131 428 1180 delata
440 1152 465 1180 ac
477 1132 556 1180 certius
569 1131 684 1196 patefacta,3
696 1132 737 1180 hoc
750 1131 791 1179 sibi
804 1150 857 1179 cona

71 1203 144 1253 silium
159 1205 258 1263 sumpsit,
274 1204 340 1262 quod,
355 1204 409 1253 dum
423 1203 458 1257 ille
471 1204 573 1252 tribunus
587 1217 650 1259 esset,
664 1198 711 1262 ipse
725 1225 769 1253 non
783 1206 805 1253 in
819 1224 856 1252 cu·
917 1235 919 1237 -

33 1277 58 1326 15
73 1276 134 1332 riam,
149 1296 194 1325 non
208 1277 231 1326 in
245 1275 325 1334 lorum,
346 1297 390 1326 non
410 1275 479 1326 ullum
499 1276 613 1336 publicum
633 1276 655 1326 in
675 1276 748 1327 locum
767 1276 856 1331 veniret,

70 1362 118 1399 tum
133 1349 193 1409 quod
207 1350 293 1399 timeret
306 1370 334 1399 ne
347 1351 370 1398 in
383 1369 413 1404 se,
427 1370 494 1408 quem
507 1363 595 1399 senatus
614 1364 742 1409 suspectum
760 1350 856 1404 haberet,

72 1423 173 1472 tribunus
188 1424 253 1472 etiam
267 1422 374 1482 populum
386 1423 494 1477 excitaret,
508 1436 556 1472 tum
568 1422 629 1481 quod
642 1423 674 1471 vir
687 1436 788 1488 strenuus
801 1436 858 1471 esset

72 1517 112 1544 nec
126 1510 207 1545 certare
219 1495 293 1554 lingua
305 1509 326 1544 et
339 1495 438 1545 civilibus
452 1496 507 1544 odiis
520 1497 559 1544 sed
571 1497 623 1550 acie,
638 1508 710 1550 manu,
723 1495 789 1544 armis
802 1496 857 1544 bella

71 1587 144 1627 gerere
161 1568 278 1618 didicisset.
295 1568 385 1628 Quippe
401 1589 446 1618 non
463 1568 536 1618 deerat
553 1568 642 1618 materia
658 1568 776 1618 dimicandi
792 1568 857 1618 Pom-

31 1642 59 1690 20
74 1641 130 1701 peio,
148 1641 166 1689 si
184 1641 203 1689 ei
220 1641 406 1701 quemadmodum
423 1640 502 1690 Clodio
519 1651 565 1690 rem
581 1640 639 1690 ferro
655 1660 718 1699 agere
735 1640 858 1700 placuisset.

72 1713 184 1762 Abstinuit
197 1713 287 1772 quidem
299 1714 364 1761 armis
377 1726 442 1772 atque
455 1733 482 1761 ne
494 1706 591 1762 turbaret
604 1731 651 1761 rem
663 1713 775 1771 publicam
787 1715 857 1761 conti-

73 1806 124 1835 nere
139 1807 162 1834 se
177 1786 235 1834 domi
253 1807 318 1846 quam
335 1794 416 1835 certare
432 1807 482 1835 cum
498 1786 587 1836 tribuno
603 1786 723 1836 constituit.
740 1786 769 1835 Se
785 1787 859 1846 itaque

73 1860 132 1908 domi
147 1861 235 1914 interea,
246 1873 271 1908 ut
282 1859 338 1907 illius
351 1860 454 1908 devitaret
465 1860 560 1914 insidias,
572 1860 697 1908 continebat
708 1860 859 1919 cogitabatque
935 1923 936 1926 Ἴ

73 1952 147 1982 secum
161 1952 186 1980 ac
200 1933 326 1981 consulebat
337 1933 417 1980 amicos
429 1933 483 1991 quid
493 1932 583 1981 remedii
594 1939 650 1981 esset
661 1945 685 1980 ut
697 1933 766 1980 redire
777 1934 800 1980 in
811 1950 858 1991 gra*

33 2006 59 2055 25
74 2007 128 2056 tiam
142 2019 228 2055 senatus
243 2020 323 2064 posset.
340 2005 439 2056 Consulti
455 2026 530 2056 omnes
545 2006 568 2056 id
583 2007 705 2056 curandum
720 2026 859 2065 summopere

73 2079 221 2128 hortabantur.
230 2079 255 2127 ld
263 2093 336 2127 autem
344 2077 428 2128 lacilius
440 2100 503 2137 posse
514 2079 560 2127 lieri
572 2098 595 2127 re
607 2080 666 2128 nulla
677 2080 783 2138 putabant
792 2099 858 2139 quam

73 2153 91 2198 si
106 2165 143 2200 aut
158 2151 255 2200 Caesaris
269 2150 347 2200 loedus
362 2164 383 2199 et
397 2152 517 2200 amiciciam
531 2164 621 2209 poneret
635 2164 672 2201 aut
688 2152 816 2201 Ciceronem
830 2153 858 2200 ab

74 2224 137 2273 exilio
151 2237 266 2273 revocaret.
282 2223 370 2273 Senatui
385 2224 475 2284 quidem
489 2224 566 2273 Cicero
580 2239 698 2284 pergratus,
714 2225 793 2274 Caesar
807 2245 859 2274 vero

74 2299 102 2347 ob
117 2319 171 2357 quas
186 2298 230 2347 dixi
240 2319 314 2347 causas
325 2312 438 2357 suspectus
448 2312 500 2354 erat;
511 2319 551 2347 nec
561 2298 689 2358 displicebat
704 2318 781 2358 parum
799 2301 860 2359 quod
924 2348 926 2354 χ

33 2370 61 2418 30
76 2371 162 2420 Caesari
172 2391 195 2419 se
204 2371 320 2430 Pompeius
330 2371 427 2419 amicicia
437 2372 458 2419 et
467 2371 570 2420 affinitate
580 2373 691 2420 iunxisset.
717 2371 725 2375 '¹

60 2494 62 2497 Α
116 2442 161 2503 Spe
175 2443 248 2504 itaque
262 2456 348 2492 senatus
371 2442 469 2502 placandi
494 2443 610 2508 Pompeius
634 2444 750 2493 adhaerere
771 2444 859 2494 Cicero-

74 2517 107 2565 nis
121 2517 196 2566 amicis
207 2517 325 2576 adesseque
336 2518 430 2566 consiliis
441 2538 466 2566 ac
476 2517 548 2567 lavere
558 2510 583 2566 ut
594 2518 672 2567 rediret
683 2518 799 2583 ad'urbem
809 2539 859 2566 coe-

75 2590 114 2649 pit.
132 2591 207 2650 lpsum
217 2591 312 2641 enimad
322 2591 363 2640 hoc
373 2612 417 2640 non
426 2610 487 2641 amor
496 2593 519 2640 in
529 2591 658 2640 Ciceronem
668 2591 742 2647 movit,
753 2593 798 2647 sed,
808 2611 859 2640 cum

75 2665 202 2719 eduobusf
211 2677 235 2714 ut
250 2664 301 2718 dixi,
319 2664 381 2723 sequi
391 2665 489 2720 alterum,
502 2676 526 2713 ut
543 2665 649 2723 mitigaret
665 2678 752 2722 patrum
767 2665 859 2721 animos,

34 2733 61 2782 35
76 2749 192 2795 oporteret,
215 2734 286 2785 lavere
309 2736 408 2785 Ciceroni
431 2757 497 2796 quam
519 2736 616 2785 Caesaris
638 2737 758 2785 amiciciam
780 2756 861 2795 ponere

36 2850 177 2860 Ἣ

74 2917 93 2961 6.
108 2918 170 2965 sedi.
185 2938 200 2964 r.
259 2917 288 2965 lb.
302 2930 346 2963 tum
360 2925 373 2964 i.
388 2939 410 2970 r.;
425 2939 448 2965 ex
462 2919 518 2973 quod
531 2926 603 2980 statim¹
612 2936 664 2965 corr:
726 2943 728 2945 ’
