2093 3253
126 171 171 217 *344
195 161 197 163 ⁵
432 186 526 217 srccours
540 182 657 216 munurour

175 301 265 354 donum,
280 300 341 358 quod
355 299 386 348 sic
401 299 511 349 statuisset
521 320 545 348 ac
556 299 597 347 sibi
609 320 653 348 non
664 298 737 348 liceret
748 307 786 358 per
797 301 861 358 leges,
872 302 961 360 aceepit.
1022 295 1023 298 ¹

129 390 131 394 ·
175 371 332 421 Patrimonium
342 391 393 421 vero
404 393 455 422 cum
466 373 517 421 dote
526 373 600 422 uxoris
610 372 733 426 Terentiae,
745 373 805 431 quod
815 371 896 420 femina
906 387 961 423 esset
1023 425 1024 428 ,

176 445 242 501 dives,
257 457 306 493 tum
319 445 440 493 amicorum
455 445 590 494 testamentis
606 445 672 493 auxit.
689 444 788 492 Domum
803 457 922 502 paternam,
938 459 962 494 ut
1023 454 1025 456 ’

175 518 218 566 vita
234 515 350 566 defunctus
365 530 398 565 est
412 530 480 576 pater,
496 516 580 575 Quinto
591 516 652 566 fratri
665 517 754 566 dimisit.
767 517 854 567 Deinde
865 538 961 567 common
1029 530 1030 533 ’

135 619 137 627 ν
149 591 161 639 5
178 590 233 639 diori
248 589 308 638 urbis
323 589 371 638 loco
385 591 445 638 eirca·
457 590 564 655 Palatium
579 589 691 639 habitavit.
706 590 743 638 Sic
758 590 817 638 enim
832 589 891 638 illam
903 591 961 640 urbis

176 670 259 722 portem
274 662 398 723 propinquo
412 683 425 712 a
439 661 614 713 collewPalatino
635 661 749 712 vocabant.
772 662 860 722 Quippe
873 684 961 714 vnomen
1025 665 1029 689 ³

177 737 245 785 monti
260 736 312 784 huic
326 735 439 785 Evandrus
454 735 522 784 dedit.
536 736 636 785 Palantea
649 736 740 794 quidem
753 755 779 783 ex
792 732 846 784 urbe
859 736 962 784 Arcadica
1029 753 1034 784 1

177 809 239 856 mons
254 806 290 856 ille
304 808 401 866 primum
419 800 552 862 Paluatinas,
572 808 651 856 deinde
669 807 754 857 sublata
772 829 784 854 e
803 807 876 859 medio
894 807 963 856 littera
1030 848 1032 852 ,

176 880 285 930 Palatinus
298 878 418 939 appellatus
432 894 472 935 est;
486 879 633 930 undeortum
645 891 720 939 postea
733 893 758 929 ut
772 900 828 939 quae
841 880 901 928 urbis
915 900 963 939 pars

138 955 164 1002 111
178 954 291 1002 continens
302 953 353 1002 buie
363 953 432 1002 monti
443 966 505 1008 esset,
517 973 541 1003 ea
552 953 631 1008 montis
640 968 654 1002 'e
665 954 753 1003 nomine
763 953 869 1002 Palatium
878 972 964 1002 vocare·

177 1040 219 1074 tur.

168 1121 170 1125 ·
220 1099 265 1148 Sed
278 1097 339 1147 villas
351 1098 428 1148 Cicero
440 1098 515 1147 habuit
527 1097 656 1157 complures:
668 1098 744 1148 babuit
760 1099 850 1157 quidem
865 1098 963 1157 Arpinati
1033 1126 1034 1130 =

175 1172 273 1231 magro,
292 1171 368 1221 habuit
386 1171 488 1221 Cumano
505 1172 528 1220 in
545 1191 603 1231 agro,
623 1171 698 1221 habuit
716 1172 848 1230 Pompeiano
866 1173 963 1230 magro,

179 1246 254 1293 babuit
269 1245 385 1292 Formiano
400 1245 423 1291 in
438 1264 496 1302 agro,
513 1244 588 1293 babuit
604 1244 730 1293 Tusculano
744 1245 767 1293 in
781 1262 840 1302 agro.
856 1245 963 1293 Memorat

137 1319 165 1366 15
181 1338 269 1376 quoque
283 1317 386 1365 Bocacius
406 1318 434 1365 de
453 1317 559 1365 Fontibus
578 1317 675 1365 scribens
690 1316 749 1364 haud
764 1316 828 1374 longe
843 1336 855 1364 a
871 1312 963 1365 Puteolis
1035 1311 1037 1315 ’

137 1411 139 1415 ’
180 1403 229 1449 post
244 1401 355 1439 mortuum
369 1389 499 1439 Ciceronem
512 1390 637 1449 prorupisse
650 1389 735 1439 iontem
748 1390 786 1449 qui
799 1410 866 1448 aquas
880 1389 964 1439 ferven-

152 1492 153 1495 ¹
179 1472 212 1511 tes*
226 1462 357 1521 easdemque
364 1482 439 1520 aegros
447 1463 476 1510 ad
484 1462 559 1511 oculos
567 1462 664 1511 salubres
672 1463 787 1516 emitterem
796 1463 885 1510 nomine
892 1474 964 1511 autem
1038 1467 1040 1469 ’

180 1536 253 1594 ipsum
268 1533 379 1583 Ciceronis
393 1533 479 1583 fontem
493 1533 603 1593 appellari,
619 1534 680 1594 quod
694 1535 749 1584 istuc
764 1535 913 1584 obversaretur
927 1534 964 1584 Ci-
1037 1536 1040 1588 ἶ

180 1609 230 1658 cero
240 1621 261 1658 et
273 1627 339 1666 quam
350 1607 380 1656 ibi
392 1606 465 1656 villum
476 1608 571 1663 haberet,
583 1628 631 1656 eam
643 1608 731 1657 nomine
741 1608 881 1657 Academiam
891 1607 965 1667 appel·
1040 1610 1047 1625 '¹

139 1683 168 1731 20
182 1681 241 1730 laret.

142 1788 281 1795 w

175 1837 191 1872 6.
205 1836 241 1873 biv.
259 1835 272 1872 1,
285 1833 302 1871 5.
318 1834 351 1871 1-2.
404 1834 429 1870 15.
442 1834 491 1870 Bocc.
504 1834 543 1877 Op„
554 1834 576 1870 'ed
589 1833 680 1874 Vicenfina,
696 1834 745 1876 1487,
758 1850 775 1878 p.
788 1833 873 1875 CLXXX.
885 1849 899 1871 s.
911 1832 965 1871 v.Ci'
1041 1848 1042 1851 ’

138 1897 199 1933 temnis
213 1896 239 1939 (ex
250 1894 292 1932 Plin.
304 1894 328 1932 N.
340 1896 364 1933 H,
377 1893 441 1931 XXXI.
454 1894 471 1932 2.
484 1894 509 1941 3).

150 1996 199 2072 Ἰ5.
213 2028 243 2073 Ex
257 2024 357 2071 Palacium
370 2044 418 2071 corr.
476 2027 506 2072 13.
522 2027 591 2072 babuit
605 2033 618 2071 i.
633 2045 656 2075 r.‚
671 2025 764 2072 Cumano
778 2028 799 2071 in
812 2025 966 2080 agrormucld.
1043 2056 1045 2058 ·

143 2093 172 2138 19.
187 2095 217 2139 Ex
230 2091 374 2139 Achademiam
387 2111 436 2137 corr.
502 2129 503 2132 η
