2093 3253
459 201 554 232 SICCONIS
569 202 688 233 POLENTONI

205 327 283 367 motus,
299 314 360 372 quod
374 333 427 368 esse.
445 315 476 363 uti
493 313 541 370 fuit,
559 315 652 363 hominis
669 316 745 374 ingrati
762 336 786 364 ac
803 315 863 375 impii
880 316 988 368 videretur

204 386 302 435 assentiri
317 386 364 434 neci
379 385 425 435 eius
440 386 479 435 viri
490 386 528 446 qui
539 408 562 435 se
572 401 592 436 et
613 388 722 437 desertum
728 388 759 437 ab
770 387 871 441 omnibus
882 390 987 450 suscepis-

178 519 179 522 ,
205 472 237 509 set
252 472 273 509 et
287 459 360 508 invitis
372 460 474 510 omnibus
487 461 509 510 in
521 482 566 520 quo
578 474 633 511 esset
648 481 721 511 rerum
736 475 816 512 statum
830 482 855 511 ac
870 464 988 521 potentiam

205 534 343 583 sublevasset.
361 534 436 591 Ipsum
451 535 541 593 quidem
555 534 595 583 ista
616 556 643 583 ne
663 535 705 583 illis
725 535 837 584 assentiret
859 556 987 595 magnopere

178 606 191 655 5
207 605 350 661 retrahebant,
364 606 403 655 sed
416 607 521 664 urgebant
535 607 585 656 inde
599 625 672 666 preces
686 608 771 657 assidue
785 609 893 658 sociorum
907 629 934 658 ne
947 610 988 660 illis

206 697 282 736 negare
297 678 415 737 quicquam
429 679 538 728 videretur
550 680 682 739 quibuscum
694 699 763 739 nuper
775 682 852 730 animis
864 682 987 732 reconcilia-

204 751 231 798 tis
247 764 268 800 et
283 749 360 800 foedus
375 764 396 800 et
410 751 536 801 affinitatem
543 753 625 802 inisset.
634 754 697 802 Unus
705 754 912 813 deniqueaduobus
919 756 987 806 victus

205 824 308 873 Octavius
324 825 387 873 cessit
402 825 508 874 voluntati
524 845 581 880 suae,
598 827 636 874 sed
651 827 681 875 ita
696 827 759 875 cessit
774 840 799 876 ut
814 826 925 877 Ciceronis
941 828 987 878 loco

205 896 314 945 Antonius
330 896 356 945 L.
371 896 492 951 Caesarem,
506 897 638 946 avunculum
652 918 723 952 suum,
738 899 834 957 Lepidus
847 912 921 948 autern
934 900 987 950 Pau-

168 971 192 1018 10
207 969 259 1024 lum,
275 967 363 1018 tratrem
380 990 451 1023 suurn,
468 970 534 1019 libere
548 984 575 1021 ut.
589 970 652 1019 vellet
667 972 833 1030 proscribendos
849 972 987 1028 occidendos-

207 1063 249 1100 que
272 1041 312 1089 sibi
333 1043 489 1100 permitterent.
511 1042 559 1090 Hac
580 1043 638 1092 enim
659 1062 800 1107 personarum
821 1045 988 1095 commutatione

207 1115 254 1164 illos
268 1128 363 1164 avertere
378 1136 390 1163 a
408 1115 519 1164 Ciceronis
537 1137 589 1165 nece
607 1118 690 1175 putavit
708 1116 819 1173 Octavius,
838 1119 876 1167 sed
893 1119 988 1169 Antonio

206 1189 270 1236 simul
286 1209 311 1235 ac
326 1188 410 1245 Lepido
425 1201 498 1237 tantus
514 1202 559 1237 erat
574 1190 618 1237 odii
634 1189 695 1238 furor
710 1203 731 1238 et
747 1190 816 1238 rabies
831 1191 949 1239 ulciscendi
965 1206 988 1240 ut

208 1260 267 1318 parvi
282 1259 401 1318 penderent
415 1261 494 1315 omnia,
510 1262 527 1309 si
542 1262 607 1310 modo
621 1274 645 1310 ut
659 1273 769 1320 cuperent,
784 1261 852 1310 sevire
866 1262 888 1310 in
902 1261 988 1311 Cicero-

169 1334 194 1381 15
209 1353 260 1381 nem
274 1336 370 1389 possent.

250 1405 328 1464 Neque
342 1424 393 1454 vero
409 1406 517 1463 incognita
532 1407 572 1454 ista
587 1406 687 1454 Ciceroni
706 1418 773 1454 erant.
794 1406 838 1454 Sed
857 1426 988 1464 quamquam

208 1478 259 1527 haec
274 1477 357 1526 audiret
375 1498 441 1537 seque
458 1479 552 1527 maximo
569 1480 592 1526 in
609 1478 705 1537 periculo
722 1499 768 1526 esse
785 1473 911 1537 perciperet,
929 1499 989 1537 spem

207 1564 280 1599 tamen
295 1571 408 1609 nunquam
422 1551 452 1599 ita
465 1551 566 1609 deposuit
578 1551 639 1609 quod
652 1551 679 1599 de
691 1549 783 1599 Octavio
796 1550 836 1598 sibi
850 1550 940 1598 omnino
953 1551 988 1598 de-

208 1624 341 1682 sperandum
355 1644 401 1672 esse
416 1635 508 1682 putaret.
522 1623 601 1672 Venire
613 1635 687 1672 autern
699 1622 727 1671 ad
740 1622 817 1671 urbem
830 1635 855 1671 ut
867 1623 989 1671 triumviros

127 1712 130 1714 ’
166 1698 195 1746 20
210 1697 282 1750 sensit,
302 1696 357 1745 urbe
371 1696 477 1755 proficisci
496 1696 615 1750 constituit,
630 1709 682 1745 tum
700 1716 727 1744 ne
745 1696 839 1745 venienti
857 1696 953 1745 Antonio
969 1716 990 1744 se

209 1770 353 1818 occidendum
367 1770 476 1824 obiiceret,
493 1783 542 1818 tum
557 1791 585 1818 ne
601 1790 668 1827 quarn
683 1771 774 1818 liberam
789 1788 915 1818 conservare
932 1768 989 1817 omni

208 1843 280 1890 studio
294 1855 384 1889 conatus
394 1854 439 1889 erat
448 1842 557 1890 civitatem
567 1842 609 1889 labi
620 1842 642 1889 in
653 1842 778 1889 servitutem
791 1841 922 1900 lacerarique
931 1841 989 1888 vide·
1046 1843 1047 1846 '

169 1969 171 1973 ‚
208 1928 248 1963 ret.
263 1912 295 1962 Eo
310 1933 396 1972 nanque
410 1913 452 1962 loci
465 1915 554 1962 resiam
566 1914 631 1962 ducta
643 1926 688 1962 erat
700 1913 761 1973 quod
772 1914 845 1962 venire
858 1914 880 1961 in
893 1926 990 1962 senatum

209 1986 286 2036 Cicero
301 2007 345 2035 non
359 1987 455 2037 auderet.
472 1987 518 2036 lam
531 1999 617 2036 senatus
632 1999 676 2036 erat
690 1986 815 2035 cohortibus
829 1987 883 2036 adeo
899 1987 989 2037 circum·

167 2062 195 2109 25
211 2062 284 2118 septus
307 2061 367 2117 quod
387 2061 501 2108 decernere
522 2061 589 2108 libere
607 2074 679 2118 posset
698 2060 751 2107 nihil
769 2061 808 2108 sed
828 2057 990 2109 timeremulta

209 2145 230 2180 et
244 2132 342 2180 assentiri
357 2132 430 2181 omnia
443 2145 562 2191 cogeretur.
577 2133 624 2181 lam
637 2133 696 2189 signa
710 2144 771 2180 erant
783 2133 807 2180 in
820 2131 935 2191 Capitolio,
950 2133 991 2180 iam
1008 2160 1010 2164 ·

211 2207 289 2255 milites
304 2206 436 2263 vagabantur
451 2207 473 2254 in
486 2207 548 2255 urbe.
562 2206 633 2255 Suum
646 2205 711 2264 igitur
724 2205 747 2254 in
760 2203 911 2255 Tusculanum
924 2225 954 2261 se,
967 2215 990 2253 ut

210 2292 306 2336 egressus
317 2291 350 2327 est
360 2277 421 2332 urbe,
430 2277 522 2327 contulit
531 2278 615 2327 Cicero.
624 2278 706 2329 Liberti
716 2278 782 2326 modo
790 2298 840 2326 cum
850 2298 875 2326 eo
883 2298 907 2327 ac
916 2276 990 2335 Quinti

209 2352 281 2404 ambo,
290 2350 356 2398 frater
364 2363 385 2398 et
394 2370 469 2408 nepos,
478 2350 539 2408 quod
546 2350 624 2398 animis
633 2362 703 2398 essent
713 2349 789 2407 perdiu
798 2361 847 2397 ante
856 2348 991 2401 reconciliati,

168 2425 196 2472 30
211 2437 277 2472 erant.
291 2423 325 2472 Ire
335 2423 438 2472 Asturam
449 2423 500 2472 inde
511 2423 629 2482 pergebant
640 2434 664 2470 ut
675 2422 836 2470 traiicerentad
847 2423 881 2471 M.
893 2423 990 2473 Brutum·

196 2498 247 2556 ‚qui
263 2496 394 2545 restituende
410 2495 440 2544 rei
457 2494 556 2554 publicae
571 2515 615 2544 una
631 2515 680 2553 spes
696 2494 809 2543 videbatur
824 2514 849 2543 ac
865 2507 917 2543 erat.
933 2494 991 2542 Tum

176 2623 177 2626 Ἴ
210 2569 266 2617 torte
280 2569 327 2628 ipsa
341 2590 353 2617 e
367 2569 402 2616 via
418 2568 501 2624 Quinto
516 2567 577 2615 fratri
593 2568 621 2615 ad
636 2567 714 2616 urbem
730 2567 813 2624 regredi
829 2567 917 2624 placuit,
934 2565 992 2625 quod

209 2641 306 2708 abeundi
318 2641 425 2691 celeritate
438 2640 530 2690 maxima
542 2640 620 2690 ductus
633 2653 736 2698 metuque
748 2653 772 2688 ac
790 2641 900 2689 moesticia
916 2639 992 2698 plenus

205 2707 265 2774 ‘'q'uid
280 2710 416 2774 relinqueret,
433 2714 514 2773 quidve
530 2734 604 2763 secum
620 2713 685 2766 ferret
701 2713 783 2762 oblitus
797 2733 822 2762 ac
837 2713 904 2762 veluti
920 2729 992 2762 amens

171 2788 197 2836 35
212 2808 263 2836 cum
278 2789 397 2834 discederet
411 2788 466 2835 urbe
480 2788 539 2841 haud
558 2788 609 2835 satis
629 2787 770 2844 pecuniarum
789 2787 817 2834 ad
836 2799 936 2844 sumptus
956 2804 993 2831 ne-

211 2968 244 3014 21.
258 2968 330 3029 οζῑοῐιί)
345 2976 358 3013 r'.
373 2987 398 3019 r.;
412 2988 435 3014 ex
449 2967 552 3027 st(udio?)
564 2974 630 3013 statim
645 2986 693 3012 corr.
