2093 3253
237 208 366 238 SCRIPTORUM
382 208 507 239 ILLUSTRIUM
520 218 534 223 -
548 208 606 238 LIBER
620 207 655 238 Vll.
819 191 857 239 209

75 326 205 384 Vespasiano
218 324 276 373 iecit.
289 322 404 387 lia-Titus,
418 322 543 381 Vespasiani
557 322 620 390 filius,
635 320 672 380 riui
686 321 803 371 Caesarum
815 320 858 370 tuit

75 398 242 456 benignissimus
249 396 373 454 imperaton'
391 397 457 454 auxit,
470 390 601 455 altiusverov
612 395 754 443 Domicianus
766 394 857 452 adeptus

75 470 190 530 imperium
204 481 254 528 post
269 467 347 516 Titum
362 467 450 516 fratrem
466 468 542 517 evexit.
558 468 645 517 Praetor
654 468 743 527 quidem
751 481 823 526 atque,
833 480 858 515 ut

71 539 158 594 minora
169 556 258 597 taceam,
270 542 393 592 sacerdocio
404 542 567 601 quinquevirali
574 542 670 600 preditus
680 541 813 591 ,secularibus
824 540 857 590 lu*

51 623 62 673 5
78 619 117 673 dis,
126 637 181 677 quos
190 614 268 665 Caesar
276 628 328 665 tunc
337 615 478 664 Domitianus
489 616 569 670 ederet,
577 616 614 665 uti¹
620 616 718 674 gentium
725 614 788 663 vellet
796 615 857 667 ritus,

59 696 62 701 “
76 688 180 738 interfuit.
192 688 268 735 Postea
279 706 330 735 vero
342 689 471 745 imperatore
483 687 578 736 Traiano
589 688 651 736 annis
662 688 705 735 iam
717 687 794 746 plenus
806 707 858 735 con·

76 763 177 816 sulatum,
188 761 226 820 qui
238 774 293 810 esset
303 761 410 810 maximus
421 774 470 819 post
481 759 610 821 Caesareum
620 762 704 821 apicem
715 762 857 820 magistratus,

29 869 31 872 <
77 856 161 885 summo
172 855 222 883 cum
230 834 318 883 Traiani
328 854 353 882 ac
361 844 448 882 senatus
456 854 570 888 consensu,
579 834 666 900 iudicio,
675 834 784 882 voluntate
791 835 858 893 adep-

77 923 111 957 tus
125 920 165 956 est.
180 906 262 955 Consul
275 919 348 955 autem
361 906 485 964 Virginium
499 906 596 960 Rullum,
610 908 681 954 virum
694 908 801 964 imprimis
814 905 858 953 elo-

42 984 65 1032 10
79 979 245 1039 quentissimum
255 979 393 1040 eundemque
403 980 522 1027 maximum
532 992 553 1027 et
563 978 706 1027 clarissimum
715 979 784 1028 civem
794 991 859 1038 atque

77 1053 169 1108 felicem,
179 1052 217 1111 qui
227 1066 260 1101 ter
269 1051 345 1101 luisset
355 1051 438 1107 consul,
449 1050 577 1101 defunctum
586 1053 630 1110 uita
640 1053 734 1102 laudavit
744 1054 766 1102 in
775 1052 858 1102 funere.

80 1127 104 1175 ld
118 1146 205 1184 nanque
218 1139 343 1184 susceptum
357 1139 388 1174 est
401 1126 429 1174 ab
442 1146 468 1173 eo
482 1130 561 1174 munus
574 1139 622 1186 tum
635 1145 674 1183 pro
687 1126 758 1189 officio
771 1146 860 1184 magnae

78 1219 102 1248 ac
115 1199 192 1247 veteris
204 1199 313 1247 amiciciae
326 1217 392 1257 quam
404 1198 561 1247 strictissimam
573 1219 623 1247 cum
636 1220 661 1247 eo
679 1191 794 1254 habuisset,
812 1211 859 1248 tum

79 1272 137 1331 quod
147 1272 261 1322 demortuo
271 1273 347 1322 illustri
357 1285 379 1321 et
388 1272 524 1322 ornatissimo
532 1272 742 1336 vircinihilamplius
752 1273 780 1322 ad
791 1272 859 1322 hono-

43 1348 65 1395 15
81 1366 112 1394 res
126 1347 177 1395 addi
189 1366 252 1403 posse
264 1366 290 1393 ex
301 1337 388 1402 publico
400 1346 509 1393 videretur
520 1365 586 1403 quam
597 1347 615 1392 si
627 1347 659 1393 vir
669 1347 786 1394 consularis
796 1346 824 1393 ab
834 1366 860 1393 eo

79 1420 115 1476 qui
127 1418 182 1468 esset
193 1430 297 1467 oratoret
307 1417 383 1467 consul
394 1418 565 1477 sapientissimus
575 1411 705 1468 laudaretur.
733 1460 735 1463 .

120 1492 280 1540 Mathematicis
289 1495 340 1540 vero
350 1491 437 1539 studere
446 1511 491 1539 non
501 1491 581 1550 placuit
591 1512 661 1551 neque
670 1491 795 1551 disciplinae
804 1491 860 1540 illius

80 1564 180 1613 studiosis
195 1565 261 1613 fidem
271 1564 371 1612 adhibuit
381 1584 421 1611 nec
431 1563 502 1612 solum
512 1564 554 1612 illis
565 1568 609 1613 non
620 1578 652 1613 est
661 1566 765 1613 amicatus
775 1565 814 1612 sed
824 1564 861 1611 ha-

80 1636 126 1683 buit
137 1636 188 1685 odio
199 1635 253 1691 illos.
264 1635 377 1695 presertim
388 1637 426 1694 qui
437 1637 567 1686 vaticinandi
578 1638 690 1696 scientiam
703 1637 861 1696 profiterentur,

43 1709 68 1755 20
82 1710 141 1766 quod
157 1730 224 1769 genus
240 1711 262 1758 id
279 1710 399 1764 hominum,
415 1715 555 1769 quamquam
567 1712 589 1760 in
602 1711 657 1760 urbe
669 1723 786 1768 teneretur,
799 1709 862 1760 lallax

80 1795 151 1831 tamen
166 1803 213 1832 esse
227 1796 293 1843 atque
308 1783 401 1832 inlidum
416 1797 531 1843 reputaret.
547 1785 665 1834 Audiverar
680 1784 769 1844 quidem
783 1783 862 1834 Acium

80 1868 165 1912 poetam
177 1856 248 1904 dicere
260 1857 328 1905 solere
340 1857 457 1922 auguribus
470 1857 523 1905 nihil
536 1858 669 1905 credendum
681 1877 734 1910 esse,
747 1856 862 1915 quod-spe

81 1926 194 1986 divitarent
203 1928 283 1978 alienas
292 1949 354 1978 aures
365 1944 389 1979 ut
398 1949 452 1979 auro
462 1951 510 1978 suas
521 1929 675 1989 locupletarent
685 1929 769 1979 domos.
792 1939 793 1942 ’

121 2000 219 2059 Tempus
235 2016 307 2051 autem
321 2016 427 2062 quantum
437 2022 511 2051 vacare
521 2003 554 2052 vel
563 2024 577 2057 a
585 2002 633 2051 loro
642 2002 675 2052 vel
685 2024 697 2052 a
707 2004 765 2052 curia
775 2003 808 2052 vel
817 2023 830 2051 a
840 2022 862 2051 re

44 2069 69 2115 25
84 2072 200 2121 domestica
212 2074 272 2122 licuit
285 2075 394 2132 diligentia
407 2095 491 2123 summa
504 2075 589 2132 collegit
601 2076 667 2134 idque
680 2094 718 2133 per
730 2087 863 2123 senectutem
885 2089 886 2092 ’

82 2143 180 2195 historiae
192 2146 317 2196 scribendae
328 2148 487 2197 accuratissime
498 2147 581 2202 tribuit,
589 2147 653 2207 'quod
664 2161 721 2197 recte
733 2148 818 2197 animus
829 2149 863 2196 in·
885 2151 887 2153 ’

82 2218 168 2275 stitutus
183 2219 236 2267 nihil
251 2234 288 2268 aut
306 2222 424 2278 posteritati
444 2221 518 2269 utilius
533 2234 571 2270 aut
585 2223 684 2270 vetustati
700 2223 811 2279 gloriosius
826 2235 863 2270 aut

82 2289 121 2336 sibi
137 2291 247 2341 honestius
260 2313 306 2341 esse
317 2301 413 2341 censeret
425 2303 491 2351 quam
503 2294 519 2342 si
532 2294 586 2341 vitas
599 2293 715 2344 Caesarum
728 2306 863 2344 memoraret.

84 2361 205 2423 lstoigitur
217 2366 239 2414 in
252 2383 329 2431 genere
342 2367 407 2416 studii
421 2379 503 2415 tantam
516 2385 590 2416 curam
602 2364 727 2427 tantamque
739 2387 827 2427 operam
839 2390 863 2417 ac

46 2432 71 2480 30
85 2436 216 2496 diligentiam
228 2441 301 2498 posuit
313 2452 337 2489 ut
350 2439 403 2488 nihil
417 2440 620 2504 pretermissumab
630 2462 656 2489 eo
669 2442 754 2499 penitus
766 2441 864 2491 videatur
885 2461 886 2464 ’

83 2510 141 2564 quod
152 2511 198 2559 iure
209 2512 254 2560 ullo
265 2513 293 2559 ad
303 2513 357 2560 vitas
368 2512 486 2561 Caesarum
497 2514 620 2571 pertineret.
629 2513 714 2571 Corpus
725 2515 783 2561 enim
793 2526 864 2562 totum

83 2601 126 2630 non
146 2597 260 2632 contentus
274 2599 334 2642 parte
348 2585 459 2644 amplexus
470 2600 509 2635 est.
526 2584 583 2634 Diuo
593 2587 765 2645 nanquealulio
774 2586 864 2635 Caesare
936 2629 937 2632 ,
957 2582 964 2603 ²

46 2694 182 2709 κ

47 2812 63 2849 C·
78 2759 92 2793 3.
105 2760 145 2798 Tac.
158 2765 201 2801 Arm.
213 2763 243 2799 Xl.
260 2763 285 2800 ll.
334 2764 350 2799 9.
363 2764 405 2800 Ptin.
418 2765 448 2807 Ep.
461 2765 482 2800 ll.
498 2766 512 2800 1.
525 2765 541 2800 6.
591 2766 619 2801 Zl.
634 2765 676 2802 Enn.
689 2769 730 2811 (non
742 2767 808 2812 Accius)
823 2769 880 2811 apudr
900 2768 902 2771 ¹

60 2829 77 2852 ¹⁶·
89 2822 126 2860 Dio.
140 2823 152 2860 l.
168 2822 205 2861 l32.

82 2978 112 3023 23.
124 2980 277 3048 locuplectarent
292 2985 311 3037 (c
325 2986 384 3038 exp).
440 2986 471 3029 27.
487 2986 577 3029 vetustati
589 2993 605 3029 i.

83 3130 99 3165 14
