2093 3253
278 172 409 210 scnnronun
422 159 577 205 neumarum·
590 174 649 205 arnan
663 176 677 206 r.
867 162 892 208 13

108 309 162 340 num
172 290 289 347 quisquam
305 299 385 345 posset.
402 286 550 345 Hieronymus
566 301 646 342 autem,
663 286 776 346 presbyter
791 288 895 348 idemque

107 363 202 413 nominis
220 359 335 409 hortodoxi
353 359 419 409 decus
430 370 456 409 ac
466 360 570 419 splendor
581 358 691 415 eeclesiae,
703 360 790 425 priscos
804 360 895 412 ludaeos

109 435 307 492 Samaritanosque,
326 433 386 492 quod
403 442 475 492 essent
493 434 620 492 parentibus
639 434 688 483 unis
707 434 756 488 orti,
775 434 853 492 perdiu
870 454 895 482 ac

108 529 152 568 quo
171 527 241 565 usque
260 506 283 564 in
302 505 444 563 Babyloniam
463 519 515 554 sunt
534 507 556 554 in
575 507 705 554 servitutem
724 506 792 559 ducti,
812 506 895 554 eisdem

107 580 228 630 litterarum
240 576 384 626 caracteribus
396 597 447 632 usos
459 576 532 634 relert;
541 577 633 625 Esdram
644 596 702 631 vero,
712 578 749 636 qui
761 577 814 636 legis
825 578 896 631 scriba

80 655 93 705 5
108 667 171 717 esset,
185 666 232 700 tum
246 671 312 699 novas
327 650 412 699 ludaeis
425 650 507 699 litteras
519 652 628 700 invenisse
636 672 687 699 cum
695 652 799 699 servitute
811 650 896 700 liberati

107 726 199 785 patriam
208 724 344 783 repetissent,
355 723 415 782 quod
424 743 489 772 usum
498 743 587 771 omnem
595 744 621 771 ac
630 724 758 771 memoriam
767 723 895 777 litterarum,

108 817 162 857 quas
175 797 209 846 vel
221 794 294 854 primo
306 816 318 844 a
330 794 420 854 parente
431 795 466 844 vel
478 816 491 844 a
504 796 583 855 Moyse
595 797 737 854 accepissent,
750 796 815 854 longa
827 798 895 855 capti-

108 871 162 920 vitas
173 869 295 919 delevisset.
306 867 366 916 Haec
376 868 404 916 ab
413 867 456 916 illis
466 869 504 927 qui
516 868 597 916 litteras
607 868 704 927 primum
714 868 774 927 apud
784 868 896 917 Hebraeos
917 914 919 917 ,

100 942 175 993 luisse
189 954 275 1001 putant.

70 1016 98 1077 10,
152 1014 235 1062 Plinius
259 1026 333 1061 autern
357 1013 496 1068 Veronensis,
521 1014 559 1070 qui
584 1015 736 1070 antiquitatem
760 1015 897 1071 investigavit

84 1147 87 1151 λ
108 1086 236 1146 plurimum,
254 1086 277 1134 in
294 1084 340 1142 illis
354 1085 469 1143 presertim
492 1084 552 1132 libris
570 1084 671 1148 quosjde
689 1084 786 1134 Historia
796 1084 897 1133 Naturali

109 1161 202 1219 scripsit,
221 1172 243 1208 et
260 1159 369 1208 mundum
386 1171 499 1208 aeternum
517 1179 564 1208 esse
581 1172 603 1208 et
621 1151 702 1208 litteras
720 1172 817 1208 aeternas
835 1159 896 1209 dicit.

111 1233 188 1281 Fuisse
206 1245 279 1280 tamen
299 1244 404 1290 memorat
423 1232 461 1291 qui
480 1252 515 1279 eas
529 1223 651 1290 prudentia
670 1232 785 1290 hominum
803 1232 842 1280 sed
860 1232 897 1280 alii

109 1304 169 1364 apud
189 1303 315 1362 Aegyptios,
336 1302 372 1351 alii
393 1303 453 1361 apud
473 1302 540 1360 Syros
561 1303 658 1361 primurn
678 1304 777 1351 inventas
797 1304 894 1351 credant.

71 1377 96 1428 15
111 1376 217 1425 Nominat
237 1377 328 1435 quidem
348 1376 488 1431 anticlidem,
510 1377 548 1434 qui
562 1372 649 1424 'referat
670 1377 806 1425 Nlennonem
834 1377 896 1425 annis

110 1449 235 1508 quingentis
248 1461 298 1496 ante
311 1449 457 1502 Phoroneum,
471 1449 649 1506 antiquissimum
663 1447 767 1498 Graeciae
780 1468 860 1507 regem,
874 1450 896 1497 in

110 1522 210 1579 Aegypto
225 1520 300 1569 fuisse.
314 1519 419 1569 Nominat
432 1522 485 1569 item
498 1520 625 1579 Epigenem
639 1522 677 1579 qui
690 1520 760 1570 lertur
772 1541 798 1571 ex
811 1522 896 1569 diverso

110 1593 170 1652 apud
185 1593 315 1652 Babylonios
331 1594 520 1652 septingentorum
532 1594 608 1652 viginti
620 1593 896 1653 annorumobservationes

110 1667 207 1715 siderum
226 1668 316 1726 scriptas
336 1667 403 1714 coetis
422 1665 531 1714 laterculis
550 1666 671 1725 reliquisse.
690 1666 785 1715 Platonis
805 1686 856 1715 vero
874 1667 898 1725 in

69 1739 98 1787 20
112 1738 220 1787 Thimaeo
232 1739 370 1787 introductus
383 1740 483 1798 sacerdos
491 1739 611 1797 Aegyptius
624 1740 654 1786 ita
663 1739 743 1786 Solone
755 1733 858 1786 audiente
870 1740 898 1785 de

54 1841 56 1845 f
110 1811 276 1872 antiquitatibus
287 1810 384 1871 disputat
394 1823 419 1860 ut
428 1811 512 1860 litterae
522 1812 685 1870 antiquissimae
695 1831 720 1860 ac
730 1823 829 1860 aeternae
838 1812 898 1879 apud

75 1881 76 1887 ¹
111 1884 230 1943 Aegyptios
251 1885 373 1944 videantur.
396 1884 500 1933 Cornellii
522 1898 595 1933 autem
617 1884 696 1939 Taciti,
719 1886 757 1943 qui
779 1884 898 1933 Caesarum

71 1969 74 2009 j
112 1970 172 2020 gesta
187 1970 209 2004 et
225 1970 300 2005 ornate
315 1970 337 2004 et
352 1956 440 2014 copiose
455 1958 549 2014 scripsit,
565 1958 673 2005 sententia
688 1956 730 2005 tuit
746 1970 770 2005 ut
786 1958 816 2005 rei
833 1957 897 2005 huius

111 2028 259 2087 principatum
272 2029 385 2088 Aegyptiis
400 2029 497 2078 dandum
520 2048 566 2078 esse
580 2041 675 2090 putaret.
689 2028 824 2085 Animalium
838 2029 897 2078 enim
948 2026 950 2028 ’

71 2101 98 2150 25
113 2101 189 2159 figuris
204 2122 241 2149 eos
256 2102 353 2160 primum
368 2122 409 2160 pro
425 2101 502 2151 litteris
517 2122 568 2150 usos
585 2116 771 2161 monumentaque
785 2103 846 2160 apud
861 2123 897 2151 eos

112 2173 231 2220 certissima
245 2194 292 2221 esse
303 2174 409 2232 impressa
420 2175 483 2228 saxis,
496 2194 551 2232 quae
563 2193 603 2232 pro
615 2176 898 2230 -memo'riaconserventur,

112 2245 185 2293 tradit.
193 2245 333 2294 Aristotelem
342 2267 431 2306 quoque
439 2248 469 2295 ita
477 2248 612 2310 consensisse
621 2247 667 2294 istis
677 2248 764 2295 invenio
773 2260 798 2295 ut
806 2246 899 2295 fateatur

112 2317 230 2376 Aegyptios
244 2317 312 2367 luisse
326 2321 364 2378 qui
378 2320 478 2368 omnium
492 2320 557 2378 primi
571 2319 652 2368 litteras
667 2321 804 2368 invenerunt.
819 2319 899 2379 Neque

112 2409 164 2438 vero
178 2391 206 2438 ab
222 2391 255 2438 his
271 2392 373 2440 dissensit
389 2394 515 2441 Lactantius
532 2393 662 2441 Firmianus.
681 2393 701 2440 ls
717 2413 810 2450 nanque,
823 2393 899 2441 Chris·

71 2460 101 2510 30
114 2461 185 2510 tianae
195 2461 304 2520 religionis
314 2463 386 2512 cultor
395 2484 420 2511 ac
431 2464 512 2512 multae
521 2465 624 2512 scientiae
634 2464 673 2518 vir,
690 2464 765 2512 scribit
778 2464 899 2513 litterarum

113 2534 236 2583 inventores
254 2534 321 2585 luisse
338 2537 435 2596 primum
452 2537 490 2596 qui
508 2557 559 2586 mox
576 2537 701 2595 Aegyptum
716 2550 766 2596 post
783 2537 900 2587 dilluvium

114 2607 246 2656 habitarunt.
260 2608 373 2667 aegyptiis
385 2622 459 2658 autem
474 2610 555 2658 Isidem
568 2612 668 2657 omnium
681 2611 779 2668 primum
791 2612 900 2675 invenisse
925 2673 927 2676 v
969 2656 971 2658 .

73 2743 217 2751 ——w

107 2825 403 2872 1.Hierontsararmaacatea.
454 2828 729 2868 to.Plin.N.H.V11.192-193.
774 2830 899 2868 l9.Plat.T1'm.
964 2813 966 2817 Ι

72 2884 166 2923 achaleidio
172 2887 245 2925 translat.
251 2887 267 2929 5,
273 2888 283 2924 6
290 2887 376 2931 (Mullach¹
383 2891 431 2934 Frag.
438 2888 544 2928 PtrtGraec.
553 2889 576 2931 ll,
585 2889 613 2927 152
621 2891 670 2934 san).
704 2891 732 2929 22.
739 2890 827 2930 Taerlnn.
834 2891 865 2929 xl.
874 2892 900 2929 14,

73 2945 101 2981 27.
113 2944 149 2982 Hoc
158 2962 192 2983 non
201 2949 261 2985 inveni.
304 2949 332 2988 29.
344 2949 390 2987 Lact.
399 2951 439 2991 Inst.
451 2949 463 2986 l.
472 2949 488 2987 6.
498 2949 520 2987 2?
