2093 3253
239 203 369 237 scuimonuu
384 205 507 240 incnsraiun
520 219 534 224 -
548 207 606 240 unm
619 208 647 241 xi.
817 178 865 242 305'

70 330 114 384 que
127 317 229 380 arrogans
238 343 263 370 ac
271 319 382 371 timendus
392 319 465 380 potius
475 345 548 382 quam·
557 316 637 373 timens
646 326 669 374 in
677 322 778 373 senatum
791 326 858 373 venit.

72 397 136 446 Forte
144 406 231 444 senatus
240 396 263 444 in
270 396 352 444 aedem¹
358 394 415 445 lovis
424 392 515 452 Statoris
523 408 572 445 tum
580 409 669 446 vocatus
678 395 731 446 erat.v
739 395 858 455 Templum

71 470 95 518 id
111 467 157 518 lovi
166 467 215 523 deo,
224 481 249 517 ut
259 467 360 517 credebat
370 467 485 526 gentilitas,
495 482 517 519 et
526 468 621 520 maiiimo
630 483 652 519 et
661 466 752 529 optimo,
763 471 801 529 qui
810 468 858 519 lue-

72 557 103 591 rat
114 541 174 590 urbis
185 542 292 597 conditor,
301 542 408 591 Romulus
416 543 498 591 Sabino
509 542 566 591 bello
577 543 663 598 dicavit,
672 556 697 592 ut
708 544 799 601 posteris
811 541 858 592 mo·

46 617 57 666 5
73 625 203 663 numentum
215 625 270 661 esset
282 613 355 662 divina
366 634 415 674 ope,
427 634 479 675 cum
490 614 566 664 Sabini
577 615 650 665 hostes
661 633 733 665 arcem
744 615 787 664 iarn
798 627 858 665 tene*

73 701 128 743 rent,
143 687 222 737 urbem
237 686 343 753 servatam
360 709 414 738 esse.
432 688 506 738 lovem
523 702 596 738 autem
611 688 726 750 appellavit
742 688 857 744 Statorem,

74 761 133 820 quod
147 762 204 810 acies
219 761 323 816 Romana,
339 782 395 820 quae
410 763 433 809 in
448 762 524 820 lugam
538 776 583 811 erat
598 782 665 818 versa,
680 764 754 828 animo
768 761 858 812 collecto

62 834 132 883 ‘stetit
147 834 243 892 primum
257 833 287 881 ibi
300 847 322 883 et
335 834 408 883 hostes
421 855 495 893 pugna
508 848 609 884 renovata
622 834 686 896 ludit,
699 835 781 884 Senatu
793 835 858 893 igitur

74 908 115 955 hoc
129 906 171 955 isto
188 906 310 965 intemplo
327 920 403 956 vocato
420 906 488 956 multa
505 920 550 956 erat
567 900 660 956 Catilina
676 905 701 956 ut
717 906 741 955 se
757 907 866 971 purgaret!

36 983 60 1030 ll)
75 980 226 1037 videreturque
236 978 290 1027 laiso
299 974 408 1037 criminari
419 980 524 1029 dicturus.
534 980 611 1029 Cicero
620 993 694 1028 autem
703 980 760 1028 illius
768 980 858 1038 aspectu

74 1055 192 1109 permotus,
202 1068 257 1106 reor,
267 1051 376 1109 extemplo
386 1052 408 1100 in
418 1055 476 1109 eum,
486 1049 547 1110 quod
555 1051 644 1101 auderet
653 1053 676 1100 in
685 1064 784 1100 senatum
793 1064 858 1110 atque

74 1123 95 1172 in
111 1119 187 1173 eoruin
197 1123 271 1173 oculos
281 1124 354 1174 venire
369 1144 423 1184 quos
439 1124 518 1185 opibus
528 1124 627 1184 spoliare,
638 1143 661 1173 re
670 1125 758 1188 publica
767 1126 857 1188 privare,

74 1195 145 1255 gladio
160 1216 236 1246 necere
243 1198 360 1258 statuisset,
368 1198 558 1256 vehementissime
566 1199 664 1248 invectus
672 1211 704 1248 est
711 1192 858 1248 bommonele-

74 1271 147 1327 citque
155 1271 216 1328 duod
222 1274 261 1319 aut
269 1270 350 1318 bonam
358 1270 440 1321 rediret-
446 1271 474 1319 ad
483 1271 586 1325 mentem,
595 1271 687 1328 cogitata
694 1269 782 1319 consilia
790 1290 857 1329 pone·
864 1327 866 1332 Ι

38 1342 61 1393 l5
76 1354 115 1398 ret,
127 1341 264 1401 egrederetur
276 1342 336 1400 urbe,
348 1340 448 1404 libereret
458 1339 573 1397 civitatem
579 1357 645 1399 metu,
657 1342 715 1394 ultro
730 1343 757 1392 in³
770 1340 858 1409 exilium

74 1416 113 1464 iret
127 1428 172 1472 aut,
187 1416 205 1464 si
220 1433 356 1475 perseverare
370 1416 450 1472 mallet
465 1436 488 1466 se
502 1417 562 1467 omni
576 1437 627 1467 cum
642 1416 744 1466 scelerato
758 1428 822 1466 coetu
836 1416 859 1465 in

73 1489 196 1537 Aetruriam
205 1489 233 1537 ad
243 1483 326 1538 Manlii
336 1490 370 1538 sui
380 1502 448 1539 castra
463 1488 577 1538 conferret.
588 1489 738 1538 Consiliorum
745 1488 802 1537 illius
811 1501 860 1537 tum

74 1573 147 1621 sunta
158 1561 264 1611 Cicerone
274 1559 387 1622 patefacta,
399 1560 467 1619 multa
477 1561 500 1611 in
511 1560 573 1611 illum
584 1573 605 1611 et
616 1556 713 1611 conscios
724 1560 788 1617 dicta,
800 1561 859 1622 quod

75 1650 159 1695 putaret
171 1649 192 1685 et
204 1636 261 1685 illius
272 1632 385 1692 audaciam
396 1635 466 1695 frangi
478 1650 499 1684 et
510 1636 594 1685 animos
605 1649 692 1695 patrum
703 1650 728 1685 ut
735 1638 786 1684 'esse
797 1635 858 1685 reum

36 1710 62 1757 20
76 1708 138 1758 illum
147 1705 259 1758 crederent
268 1709 347 1757 adduci
358 1715 428 1767 posse,
438 1710 456 1757 si
466 1722 566 1766 presente
575 1707 612 1756 illo
622 1729 678 1767 quae
687 1708 763 1757 inierat
772 1707 861 1756 consilia

75 1776 149 1831 contra
159 1795 260 1830 senatum
269 1801 295 1831 ec
305 1801 352 1831 rem
362 1782 473 1840 publicam
484 1780 607 1840 explicaret.
619 1780 729 1830 Lictorem
739 1793 812 1830 autem
823 1782 861 1840 qui

69 1868 198 1913 presentem
212 1853 275 1904 illurn
285 1868 306 1904 et
316 1854 459 1914 prehenderet
470 1867 490 1903 et
500 1854 523 1904 in
533 1872 641 1904 carcerem
651 1854 738 1904 duceret
748 1874 792 1903 non
803 1853 861 1903 misit

76 1929 161 1989 Cicera
169 1941 194 1978 ut
204 1929 282 1982 licebat
291 1947 331 1987 pro
341 1929 433 1986 imperio
442 1928 557 1981 consulari.
568 1928 628 1986 quod
637 1926 765 1985 intelligeret
774 1923 861 1984 patrum

76 2021 122 2048 esse
133 2001 191 2049 varie
204 2000 276 2049 studia
288 2021 329 2049 nec
341 2021 422 2059 paucos
434 2000 509 2048 adesse
522 2000 560 2058 qui
574 2000 626 2048 haec
639 1998 733 2057 confingi
745 1998 773 2047 ab
786 2019 812 2047 eo
824 2001 864 2055 aut

37 2072 62 2121 25
78 2074 188 2122 communi
203 2072 321 2126 nobilitatis
337 2073 394 2129 odio,
410 2072 470 2132 quod
485 2086 540 2121 esset
556 2072 621 2121 bomo
636 2092 712 2127 novus,
728 2085 765 2119 aut
779 2070 872 2130 privata>

77 2140 192 2195 inimicicia
197 2147 316 2195 crederent.
323 2145 440 2195 Enimvero
445 2145 538 2203 difficilis
547 2158 579 2193 est
587 2144 744 2209 administratio
752 2142 781 2193 rei
790 2143 862 2202 publi-

76 2239 119 2273 cae,
130 2219 244 2277 presertim
253 2238 304 2267 cum
314 2216 599 2276 magistratuslibereagere
609 2216 692 2274 legibus
702 2216 789 2275 nequit·
798 2214 862 2264 Vice-

76 2292 143 2340 simus
153 2292 196 2341 iam
205 2290 273 2341 lerme
282 2290 332 2352 post
341 2291 414 2348 datam
423 2290 464 2340 sibi
473 2287 571 2344 a'senatu
580 2288 669 2342 cavendi
678 2301 808 2348 potestatem
817 2287 862 2338 dies

77 2377 128 2412 erat
141 2355 216 2412 Tanto
230 2376 303 2422 autem
318 2366 341 2411 in
355 2364 457 2422 periculo
466 2376 487 2411 et
502 2383 542 2411 suo
556 2375 578 2410 et
592 2363 622 2410 rei
637 2361 737 2419 publicae
750 2362 862 2419 expectare

38 2433 65 2480 30
79 2436 191 2485 constituit
205 2433 230 2484 ut
243 2432 339 2484 eveniret
350 2428 472 2501 ³quicquam
486 2435 545 2483 unde
560 2435 598 2493 uui
613 2438 657 2482 non
672 2434 783 2482 crederent
798 2444 819 2480 et
833 2433 862 2480 ita

77 2528 123 2557 esse
130 2522 155 2558 ut
163 2508 253 2558 referret
261 2521 282 2557 et
290 2508 344 2558 nibil
352 2527 391 2566 per
399 2509 500 2557 iniuriam
508 2508 542 2565 agi
549 2507 674 2556 testimonio
682 2506 764 2564 patenti
772 2526 796 2554 ac
804 2518 863 2554 certo

77 2581 181 2631 viderent.

120 2653 196 2702 Postea
204 2654 269 2711 igitur
278 2673 344 2712 quam
351 2654 418 2702 linem
426 2653 512 2702 dicendi
521 2652 599 2700 Cicero
606 2652 664 2706 lecit,
673 2664 698 2699 ut
705 2662 833 2709 expurgaret
840 2669 867 2697 se

79 2725 171 2776 Catilina
181 2746 324 2785 responsurus
335 2726 393 2775 baud
403 2746 464 2775 secus
475 2746 541 2785 quarn
551 2726 655 2774 innocens
665 2737 720 2772 esset
730 2737 751 2772 et
760 2723 864 2787 prompto

39 2796 65 2845 35
79 2800 141 2849 vultu
153 2813 174 2851 et
185 2800 261 2850 audaci
273 2800 345 2849 animo
356 2800 461 2849 assurexit
472 2813 537 2858 atque
549 2799 578 2847 ita
590 2817 677 2847 exorsus
689 2810 721 2848 est
732 2797 793 2857 quod
803 2794 863 2846 lutu-

76 2980 108 3028 2l.
122 2981 239 3040 licto-(rem)
254 2989 268 3028 ι’.
282 3003 298 3029 ν,
352 2983 386 3030 35.
400 2999 492 3027 exorsus:
507 3000 531 3028 ex
547 3000 593 3027 sscr.

74 3138 96 3175 20
