2093 3253
259 137 389 167 semitonum
404 137 532 168 ILLUSTRIUM
544 148 559 153 ··
573 137 630 168 LIBER
645 137 667 168 11.
847 121 874 168 59

89 251 180 302 eandem
195 250 252 300 bello
266 251 331 300 tertio
353 270 421 311 nepos
444 263 555 300 everteret.
570 250 630 299 Haec
645 250 739 308 vPunicis
762 250 789 299 de
811 251 873 300 hellis

88 326 132 375 dini
147 345 202 385 quae
216 343 267 373 vera
274 337 326 373 sunt
333 336 355 373 et
362 323 505 373 scribentium
513 324 607 372 historiis
614 345 639 373 ac
647 326 747 373 omnium
755 325 874 383 peritorum

87 399 211 446 testimonio
225 398 380 455 approbantur.

129 470 258 519 Terentium
273 483 346 519 autem
362 483 448 529 poetam
464 483 570 525 nostrum,
587 491 653 529 quem
669 470 808 529 impresentia
829 490 874 518 me-

61 543 219 596 5morandum
233 543 344 599 habemus,
365 543 557 602 Carthaginensem
575 543 642 593 luisse
666 557 798 603 captumque
817 542 874 593 hello

89 618 170 666 Punico
183 637 208 665 ac
221 617 314 665 Romam
328 618 419 666 ductum
432 630 454 666 et
467 618 506 676 qui
520 631 570 666 sunt
584 618 642 666 docti
655 616 750 666 latentur
763 637 838 665 omnes
852 630 874 665 et

90 684 150 750 quod
164 688 255 738 habetur
266 709 331 738 suum
342 690 474 749 epigramma
484 701 581 738 testatur.
597 689 642 738 Sed
652 690 682 737 ita
692 689 797 738 differunt
806 689 873 747 aliqui

89 763 149 823 quod
163 762 263 818 Romam,
277 775 302 811 ut
315 762 366 818 dixi,
380 763 472 811 ductum
484 763 558 822 ipsum
570 776 592 811 et
605 775 693 821 captum
706 781 755 821 pers
769 761 826 810 hello
840 782 874 810 se-

89 836 167 892 cundo,
183 855 232 895 pars
243 837 307 885 tertio
318 850 365 885 esse
376 848 461 896 putent;
473 855 549 885 eorum
560 837 613 885 item
625 837 663 895 qui
675 836 771 885 secundo
782 836 805 884 in
816 833 874 884 bello

50 912 75 960 ll]
84 910 221 958 ‘conveniunt
236 909 279 964 alii,
295 910 429 970 quasiunus
445 910 511 958 modo
526 909 642 958 Terentius
657 909 729 963 luerit,
745 908 812 957 velint
827 929 874 956 esse

89 982 151 1030 illum
165 982 238 1041 ipsum
253 982 290 1041 qui
306 983 440 1042 superiorem
455 982 626 1041 triumphantem
641 981 773 1041 Scipionem,
789 994 814 1030 ut
829 982 874 1029 diui

88 1076 113 1104 ac
128 1055 156 1105 T.
172 1055 246 1106 Livius
262 1070 374 1111 memorat,
388 1055 474 1115 pilleato
487 1056 557 1115 capite
569 1069 656 1105 secutus
669 1068 708 1121 est.
723 1054 766 1104 Alii
779 1055 873 1103 nominis

88 1128 265 1187 aequivocatione
277 1128 317 1176 hos
330 1128 374 1176 lalli
387 1129 470 1183 dicunt,
484 1129 544 1187 quod
556 1126 725 1187 haudquaquam
737 1148 794 1176 unus
807 1129 873 1175 modo

88 1200 126 1248 sed
141 1201 185 1248 duo
200 1201 229 1248 ita
243 1199 340 1249 Terentii
355 1200 436 1249 luerint
446 1214 470 1249 ut
480 1200 516 1249 ille
527 1201 637 1249 Romanus
648 1200 705 1250 civis*
711 1213 776 1261 atque
781 1213 873 1254 senator,

51 1275 74 1323 15
91 1274 126 1322 hic
140 1287 204 1332 poeta
218 1287 239 1322 et
254 1274 340 1332 origine
351 1273 525 1333 carthaginensis
544 1287 608 1339 esser·
627 1273 663 1323 ille
682 1286 778 1335 maturus
797 1285 873 1328 aetate,

90 1346 125 1394 hic
139 1365 200 1404 puer;
215 1346 251 1395 ille
266 1347 325 1404 pacis
341 1347 469 1395 condicione
485 1347 587 1395 dimissus
604 1342 631 1394 de
647 1347 749 1394 servitute
764 1346 793 1394 ad
808 1345 874 1394 liber-

89 1430 156 1467 tatem
170 1419 236 1474 venit,
252 1418 287 1467 hic
295 1418 358 1467 vhello
373 1432 448 1478 captus
462 1419 490 1467 de
503 1418 601 1467 libertate
614 1418 642 1466 ad
655 1419 781 1467 servitutem
795 1418 873 1466 ductus

90 1505 128 1541 est.
144 1490 231 1551 Nempe
245 1492 312 1541 alium
326 1492 454 1547 Culeonem,
469 1492 536 1540 alium
551 1506 638 1550 poetam
652 1493 687 1541 isti
702 1492 741 1541 sed
755 1504 873 1550 utrumque

88 1564 145 1612 bello
160 1564 256 1618 secundo
269 1563 336 1614 luisse
348 1578 370 1616 et
382 1565 511 1614 latenturet
523 1566 607 1615 volunt.
624 1566 708 1615 Inventi
722 1584 810 1624 quoque
822 1577 874 1613 sunt

47 1638 75 1684 20
91 1638 201 1695 (equidem
209 1638 255 1685 istis
263 1639 368 1694 assentior
375 1637 446 1696 facile)
455 1639 492 1697 qui
501 1638 622 1686 Culeonem
630 1637 697 1686 luisse
704 1637 762 1686 bello
770 1638 873 1692 secundo,

89 1721 175 1767 poetam
189 1727 241 1758 vero
255 1709 318 1758 tertio
338 1722 426 1769 oaptum
441 1709 502 1758 >hello
521 1709 602 1759 dicant.
617 1709 666 1766 Qua
684 1710 707 1758 in
727 1728 749 1757 re
768 1709 822 1758 illud
841 1722 874 1757 est

89 1783 208 1849 maximum
222 1796 381 1841 argumentum,
397 1784 458 1842 quod
472 1804 512 1832 suo
527 1784 550 1831 in
565 1783 655 1842 prologo
665 1796 729 1841 poeta
739 1796 812 1831 noster
822 1802 873 1831 auc·
919 1835 920 1842 ἵ

88 1866 145 1903 tores
166 1855 335 1914 haudquaquam
353 1857 384 1904 uti
403 1857 502 1915 aequales
516 1857 556 1904 sibi
570 1857 609 1903 sed
621 1858 653 1903 uti
667 1857 788 1914 superiores
801 1875 826 1903 ac
837 1876 873 1903 ve-

89 1941 144 1977 teres
158 1929 256 1979 nominat
268 1928 371 1986 Ennium,
385 1928 488 1985 Nerium,
501 1929 609 1986 Plautum,
623 1930 660 1990 qui
673 1941 695 1978 et
708 1928 764 1978 bello
777 1928 873 1978 secundo

47 2000 74 2048 25
90 2002 186 2056 viverent
199 2015 220 2050 et
233 2015 303 2050 stante
316 2023 369 2061 pace
382 2002 440 2051 haud
454 2002 533 2051 multos
546 2023 614 2051 annos
627 2015 677 2062 ante
690 2002 772 2051 bellum
785 2002 873 2051 tertium
910 2058 911 2061 Ἴ

89 2074 132 2122 vita
147 2074 244 2123 defuncti
259 2087 317 2123 sunt.
332 2074 449 2123 Enimvero
470 2075 594 2129 Terentius,
617 2088 681 2133 poeta
702 2087 783 2130 noster,
805 2086 874 2122 aetate

89 2166 144 2203 puer
158 2148 228 2202 tertio,
244 2159 351 2206 quantum
360 2148 490 2203 existimant,
501 2148 584 2196 Punico
594 2147 651 2196 hello
661 2160 736 2206 captus
746 2167 771 2197 ac
781 2147 874 2196 Romam

89 2218 167 2267 ductus
182 2233 221 2267 est.

102 2326 103 2329 ,
132 2291 178 2339 Sibi
193 2304 267 2340 autem
281 2293 342 2351 quod
356 2293 379 2341 in
393 2294 462 2351 patria
486 2313 573 2349 nomen,
599 2294 636 2352 qui
661 2305 767 2352 parentes,
792 2305 873 2351 quanta

48 2362 75 2409 30
90 2364 215 2421 parentibus
230 2364 317 2413 fortuna
327 2365 387 2413 domi
398 2365 462 2419 rebus
473 2366 551 2423 quietis
561 2379 639 2420 essent,
650 2366 785 2424 incognitum
796 2364 873 2414 habeo.

90 2435 134 2487 Sed
148 2438 221 2497 ipsum
232 2457 287 2497 quae
298 2437 322 2486 in
333 2458 359 2486 eo
370 2451 431 2487 erant
442 2436 506 2487 lacies
518 2438 632 2497 omnisque
644 2437 733 2486 habitus*
741 2437 837 2497 corporis
848 2456 873 2486 ac

89 2529 175 2559 morum
189 2509 259 2558 forma
273 2510 341 2559 nobili
356 2532 368 2559 e
382 2510 463 2559 lamilia
478 2524 554 2560 natum
568 2531 614 2559 esse
629 2509 814 2560 dicebant-Nihil
828 2524 874 2560 erat

89 2583 112 2630 in
126 2603 152 2631 eo
167 2583 279 2637 rusticum,
298 2582 352 2631 nihil
371 2583 489 2642 plebeium,
509 2583 563 2631 nihil
582 2581 686 2638 deforme,
706 2583 759 2631 nihil
778 2583 874 2642 denique

86 2753 111 2791 12.
125 2755 161 2792 Liv.
174 2755 229 2793 XXX.
242 2753 270 2790 45.
283 2753 299 2789 5.
349 2753 377 2790 22.
390 2753 429 2790 Ter.
442 2754 484 2792 Ana.
500 2753 526 2790 18.

50 2852 193 2860 Ἢ

86 2911 105 2956 2.
120 2930 143 2957 ac
156 2930 200 2957 sscr.
