2093 3253
244 163 373 193 SCRIPTORUM
388 163 511 195 lLLUSTRIUM
525 176 538 181 -
552 164 609 195 LIBER
623 165 651 195 Χῖ.
774 148 776 150 ¹
820 149 860 195 297

75 280 179 331 videatur,
194 298 217 324 se
231 298 275 325 non
289 278 355 325 modo
368 299 412 325 non
425 278 590 327 adversaturum
603 298 680 327 verum
693 280 716 326 in
730 299 754 326 ea
768 280 862 327 conscri-

75 350 145 401 benda
157 362 178 397 et
189 349 311 398 adiutorem
322 362 343 398 et
354 350 476 408 principem
486 349 586 399 futurum
598 363 768 408 curaturumque
780 350 862 399 viribus

76 422 177 474 omnibus
186 435 211 471 ut
221 442 282 471 mens
291 435 357 482 atque
366 423 472 481 senteptia
481 423 579 482 ipsorum
589 424 704 473 convenire
714 444 765 472 cum
775 445 801 472 eo
810 445 862 473 con-

75 497 121 547 sule
133 496 249 544 videretur.
262 494 306 544 Sed
318 495 366 544 illos
378 517 422 555 non
434 497 507 554 gratia,
521 518 564 545 non
576 498 710 553 auctoritate,
724 517 768 555 non
776 497 862 546 ratione

49 574 61 622 5
76 570 119 619 ulla
135 568 221 616 flectcre
236 580 260 617 ut
276 587 299 616 se
314 569 437 617 admitteret
453 570 532 626 potuit,
547 581 596 618 tum
612 570 673 628 quod
688 591 711 617 se
727 569 862 617 multitudini

76 645 166 692 cariores
176 643 194 689 si
204 643 274 699 legem
283 641 364 690 ferrent
383 642 422 690 soli
432 641 478 690 tore
488 656 596 700 putarent,
606 656 654 691 tum
664 644 724 701 quod
734 663 782 691 earn
791 645 863 701 suspi-

75 718 160 764 cionem
168 714 241 762 animo
249 714 384 762 induxissent
395 714 441 762 fieri
454 708 518 771 pacto
531 714 591 763 nullo
604 735 668 772 posse
681 728 705 763 ut
716 715 792 763 consul
801 717 861 774 quis-

76 806 142 846 quam
151 798 261 844 pateretur
271 806 369 843 unquam
379 806 427 833 eam
437 785 487 833 ferri
499 786 568 844 legem
579 807 634 844 quae
645 800 666 852 et
677 800 759 835 veteres
768 788 862 845 privaret

75 876 208 918 possessores
217 871 238 906 et
246 858 359 915 largitione
367 879 419 916 opes
425 857 495 915 plebis
503 872 598 916 augeret.
604 859 688 917 Populo
696 860 769 917 itaque
778 861 801 907 in
809 881 862 908 con-

40 936 64 983 10
78 933 162 980 cionem
177 944 253 979 vocato
270 930 339 988 legem
356 930 521 989 promulgarunt
537 931 627 980 tribuni.
645 931 675 979 Ea
691 931 779 980 iubebat
795 933 861 980 creari

75 1005 151 1053 decem
165 1004 222 1051 viros
233 1003 271 1061 qui
281 1022 367 1051 summa
377 1023 428 1051 cum
439 1015 544 1060 potestate
555 1004 578 1051 in
589 1004 766 1062 quinquennium
776 1003 861 1052 obirent

75 1089 181 1124 terrarum
189 1075 278 1139 orbern,
290 1094 345 1132 quos
356 1093 418 1132 agros
429 1094 523 1132 usquam
534 1074 633 1133 publicos
645 1075 739 1134 populus
751 1075 862 1125 Romanus

76 1150 163 1198 haberet
179 1142 304 1202 venderent,
321 1149 430 1197 cumulata
446 1149 537 1211 pecunia
553 1168 608 1207 quos
625 1149 718 1209 vellent‚;
728 1149 766 1197 ubi
783 1150 862 1199 vellent

75 1241 137 1279 agros
147 1235 250 1275 emerent,
260 1235 345 1277 emptos
355 1222 378 1268 in
388 1221 483 1288 colonias
498 1221 609 1274 ducerent,
620 1210 731 1274 deductas,
741 1235 766 1269 ut
776 1222 862 1276 vellent,

39 1296 62 1346 15
78 1293 135 1354 plebi
150 1292 249 1342 Romano
262 1293 402 1351 assignarent,
417 1292 545 1348 dividerent,
560 1292 673 1342 donarent.
688 1293 832 1357 Legisverba
840 1296 863 1344 in

75 1367 185 1421 concione,
203 1367 241 1425 qui
258 1366 394 1414 extribunis
411 1366 480 1423 (erant
497 1367 587 1425 quidem
603 1379 652 1414 tum
669 1385 760 1415 numero
777 1367 861 1425 decem)

75 1442 120 1489 eius
130 1438 232 1488 terendae
241 1460 266 1487 ac
276 1437 425 1487 detendendae
434 1452 509 1487 auctor
518 1452 540 1487 et
550 1440 650 1497 princeps
661 1453 712 1494 erat,
724 1439 747 1487 P.
758 1439 861 1489 Servilius

76 1512 152 1561 Rullus
175 1511 234 1561 lecit.

117 1584 194 1633 Cicero
208 1598 282 1633 autem
299 1584 338 1633 ubi
357 1605 379 1633 se
397 1584 456 1643 apud
474 1585 573 1633 tribunos
593 1584 623 1633 nil
641 1585 734 1634 valuisse
757 1587 861 1644 percepit,

37 1660 63 1707 20
77 1658 185 1716 extemplo
196 1659 240 1706 vim
251 1677 339 1705 omnem
349 1678 417 1713 suam,
429 1658 563 1718 primum-ad
573 1670 644 1716 patres
655 1658 677 1706 in
688 1670 771 1713 senatu,
783 1659 862 1707 deinde

74 1733 102 1780 ad
117 1731 224 1789 populum
235 1731 339 1778 concione
350 1731 453 1779 advocata
464 1731 571 1788 exposuit,
584 1726 608 1778 ut
620 1751 687 1789 quam
698 1731 768 1789 legem
779 1732 861 1779 tribuni

75 1803 203 1858 inconsulte,
216 1816 304 1857 temere,
318 1804 438 1861 perniciose
449 1803 556 1858 tulissent¹
570 1824 618 1852 eam
631 1817 718 1870 senatus
730 1824 755 1852 ac
767 1805 862 1863 populus
921 1842 924 1848 ·
942 1847 944 1849 .

76 1896 127 1924 sano
137 1876 227 1923 consilio
237 1875 390 1929 rescinderent,
400 1876 536 1932 abrogarent,
546 1876 647 1923 tollerent
656 1876 763 1924 funditus
774 1877 862 1934 Quippe

75 1949 97 1998 id
106 1949 189 1998 senatui
198 1947 303 2006 persuasit
311 1946 380 2003 lacile,
390 1961 469 1997 namet
478 1948 576 2006 patribus
587 1946 621 1997 lex
631 1947 666 1997 illa
677 1948 809 2006 permaxime
818 1949 862 1998 dis·

36 2021 62 2070 25
77 2021 169 2081 plicebat
182 2041 222 2070 nec
234 2020 323 2075 tribuni,
336 2020 374 2080 qui
386 2020 414 2070 ad
426 2041 474 2069 eam
486 2040 532 2070 rem
544 2021 613 2070 vocati
630 2021 652 2070 in
668 2022 750 2070 curiam
765 2021 861 2079 aderant,

76 2095 136 2151 quasi
148 2093 233 2141 conlusi
245 2106 316 2141 essent
327 2106 353 2140 ac
365 2094 448 2141 silendo
460 2113 541 2141 errasse
552 2114 575 2141 se
587 2093 706 2142 faterentur
716 2114 742 2141 ac
753 2095 861 2149 cederent,

76 2168 193 2225 quicquam
202 2164 286 2215 consuli
296 2166 463 2224 respondebant.
474 2165 556 2215 Verum
562 2166 589 2214 .in
599 2176 676 2224 campo
686 2166 745 2225 apud
755 2166 862 2224 populum

76 2240 145 2288 omnis
157 2238 271 2288 difficultas
283 2251 304 2287 et
316 2238 376 2287 labor
387 2238 436 2288 luit.
448 2238 621 2288 Concionantem
632 2240 722 2298 quidem
733 2238 861 2288 Ciceronem

76 2326 96 2360 et
111 2312 276 2361 rescindendam
286 2333 332 2360 esse
343 2312 413 2370 legem
423 2311 482 2360 illam
492 2314 582 2361 omnino
593 2312 701 2361 dicentem
712 2313 806 2372 populus
817 2334 861 2362 non

37 2383 64 2432 30
78 2385 146 2442 plenis
159 2386 255 2439 auribus,
268 2405 312 2432 non
324 2385 383 2432 bono
395 2386 474 2439 animo,
488 2405 532 2433 non
544 2387 591 2433 sine
603 2385 671 2432 sibilis
683 2405 708 2433 ac
720 2387 812 2442 strepitu
824 2406 862 2434 au-

76 2457 155 2513 diebat,
165 2470 213 2506 turn
223 2457 283 2516 quod
292 2477 317 2505 ea
326 2457 367 2505 sibi
377 2457 461 2517 largitio
471 2471 568 2523 pergrata
578 2470 633 2505 esset
643 2478 668 2506 ac
677 2457 736 2507 utilis
745 2458 861 2514 videretur,

75 2542 122 2579 tum
134 2531 195 2589 quod
206 2530 288 2579 tribuni
301 2529 465 2579 multitudinem
476 2531 602 2579 incitassent
614 2543 638 2578 ut
651 2543 717 2590 quarn
729 2529 787 2590 plebi
800 2551 860 2579 com-

76 2603 163 2650 modam
177 2603 277 2651 tulissent
291 2602 367 2659 legem,
382 2622 437 2656 earn,
457 2604 494 2660 qui
516 2616 612 2660 possent,
626 2605 668 2660 ipsi
681 2604 809 2651 auctoritate
822 2623 861 2650 sua
917 2661 918 2664 Ἴ
944 2625 945 2628 “

75 2687 96 2723 et
101 2676 209 2724 constanti
214 2676 287 2724 animo
294 2688 414 2724 tuerentur.
420 2673 572 2724 Tribunorum
579 2675 645 2724 modo
652 2696 710 2725 unus
716 2673 765 2730 luit,
773 2674 800 2724 1,.»
805 2675 861 2724 Cae-

37 2743 62 2794 35
77 2748 145 2804 cilius,
155 2750 193 2807 qui
204 2762 229 2798 ut
239 2749 368 2798 abiiceretur
378 2749 413 2798 lex
424 2748 459 2797 illa
470 2750 491 2798 vi
502 2762 583 2808 quanta
594 2762 667 2807 posset
678 2749 790 2798 consulem
798 2750 860 2799 adiu·
865 2747 870 2786 s

38 2858 178 2872 Ἢ

74 2929 93 2973 6.
106 2929 170 2984 legem
183 2936 197 2975 ἰ.
211 2949 234 2982 r.;
248 2949 271 2976 ex
285 2930 336 2975 ferre
349 2936 416 2975 statim
430 2949 478 2975 corr.
533 2931 566 2977 30.
580 2928 650 2997 sibillis
665 2929 680 2985 (l
694 2931 746 2985 exp.)
