2093 3253
265 174 398 207 scmrrouum
412 173 559 207 ILLUSTRIUM-
573 173 630 205 LIBER
644 173 680 205 xli.
845 158 888 205 333

100 290 189 339 liberius
201 290 289 348 publico
300 290 323 337 in
335 289 460 347 magistratu
471 302 551 348 posset.
563 289 608 351 Sed
618 288 711 336 alterum
721 301 786 343 aetas,
798 287 890 336 altemrn

102 364 171 423 gentis
188 362 289 411 nobilitas
305 362 392 422 assequi
408 361 544 421 prohibebat.
560 361 625 412 Aetas
642 362 820 421 nanque-ipsum
836 360 890 420 (erat

94 435 192 496 ⁴paulum
205 435 341 486 adolescente
353 435 430 493 maior)
440 434 556 494 repellebat
570 435 659 485 omnino
670 455 682 483 a
692 435 797 494 petitione
810 455 888 484 consu-

100 511 162 566 latus,
175 510 290 570 patricium
301 528 351 567 vero
370 508 436 557 creari
455 508 568 558 tribunum
587 508 657 568 plebis
677 508 711 558 lex
730 521 817 557 sacrata·
829 522 888 557 veta-

56 585 57 588 *
73 585 86 633 5
103 584 147 632 bat.
163 582 252 632 Patricia
266 582 326 631 enim
340 582 489 637 Claudiorum,
504 602 559 641 quae
572 581 716 631 Pulchrorum
729 581 795 630 etiam
808 579 889 630 familia

100 655 224 710 vocabatur,
236 668 257 703 et
268 668 328 714 patre
339 654 413 719 Appio
424 654 517 703 Claudio
527 654 627 709 Pulchro,
639 653 775 702 nobilissimo
785 674 810 702 ac
821 654 888 713 patri-

100 730 133 776 cio
141 729 194 788 viro,
204 741 266 776 natus
277 741 329 777 erat.
341 729 417 785 ltaque
427 728 456 776 ob
466 740 558 776 aetatem
568 740 641 785 petere
651 727 788 775 consulatum
798 727 889 775 omnino

100 801 222 859 prohibitus
241 800 332 848 Clodius
350 800 450 848 lraudem
467 799 515 858 legi,
531 812 556 847 ut
572 799 640 858 plebis
657 812 764 848 crearetur
779 798 887 853 tribunus,

101 874 190 932 invenit:
200 893 223 922 se
232 894 318 932 nanque
326 873 397 922 filium
405 874 508 932 adoptare
517 873 629 922 constituit
637 873 720 921 bomini
729 873 832 931 cuiquam
841 872 887 931 ple-

62 950 87 997 lO
104 948 160 1001 heio,
175 960 199 995 ut
217 941 287 995 factus
305 966 344 1005 per
362 947 502 1004 adoptionem
519 946 617 1004 plebeius
636 947 784 1003 magistratum
802 945 887 1003 assequi

56 1018 57 1022 ¹
102 1017 212 1076 plebeium
228 1030 308 1076 posset.
326 1017 410 1066 Tantus
427 1018 486 1066 enim
501 1017 601 1066 iuvenilis
616 1018 683 1065 animi
699 1016 766 1071 iuror,
786 1017 887 1075 impetus,

100 1091 164 1140 ardor
178 1090 220 1140 luit
230 1104 254 1140 ut
264 1113 309 1140 non
319 1092 411 1150 puderet
420 1092 500 1150 ipsum,
511 1092 549 1151 qui
559 1092 661 1150 patricius
671 1110 756 1149 genere,
766 1091 804 1151 qui
815 1091 887 1150 splen-

102 1164 152 1213 dida
167 1165 310 1213 Claudiorum
323 1164 410 1219 familia,
426 1165 463 1222 qui
477 1164 595 1213 clarissimo
609 1177 669 1222 patre
688 1177 751 1230 natus
765 1177 827 1218 esset,
842 1177 887 1213 tam

101 1237 144 1286 alto
153 1258 165 1286 e
173 1239 241 1296 gradu
250 1238 368 1286 nobilitatis
377 1238 507 1286 descendere
516 1258 582 1296 seque
593 1238 708 1285 obscuram
718 1238 741 1284 in
751 1237 838 1295 plebem
849 1238 887 1285 ab·

61 1312 85 1361 l5
102 1311 171 1365 iicere,
183 1327 209 1370 se]
219 1310 329 1368 plebeium
343 1310 446 1369 profiteri,
457 1329 480 1358 se
494 1310 587 1359 hominis
598 1308 677 1369 plebeii
688 1309 757 1359 filium
768 1311 886 1365 nominare,

100 1384 249 1442 magistratum
257 1383 367 1443 plebeium
376 1383 443 1438 obire,
453 1396 477 1432 ut
486 1403 553 1443 quam
561 1383 634 1446 animo
643 1381 725 1431 lerebat
734 1401 821 1441 gravem
830 1384 887 1433 iniu-

101 1456 156 1504 riam
170 1456 244 1504 ulcisci
258 1456 290 1504 uti
305 1468 394 1514 cuperet
408 1457 431 1505 in
446 1456 574 1504 Ciceronem
588 1448 655 1504 libere
675 1468 696 1503 et
714 1468 788 1513 aperte
807 1469 886 1521 posset.

101 1527 164 1576 Plebs
178 1540 251 1576 autem
259 1528 370 1586 plebeium
377 1528 424 1575 fieri
433 1528 537 1576 Clodium
543 1541 658 1587 acceptum
666 1540 795 1588 gratumque
803 1529 886 1584 habuit,

102 1602 163 1659 quod
177 1601 248 1650 nescia
257 1600 301 1650 doli
310 1615 365 1650 esset
374 1602 413 1649 sed
421 1602 509 1660 plurimi
517 1601 596 1649 laceret
613 1601 685 1649 virum
693 1602 814 1660 patricium,
824 1601 886 1649 lami¹

59 1676 87 1721 20
103 1675 130 1721 lia
145 1674 243 1728 Claudia,
262 1674 397 1734 nobilissimo
415 1689 475 1732 patre
494 1689 569 1724 natum
587 1695 612 1722 ac
627 1676 708 1731 opibus
726 1675 885 1731 perfluentem,

102 1746 162 1795 nullo
176 1747 275 1804 exemplo
285 1747 385 1795 auditum
394 1749 461 1804 prius,
471 1767 494 1795 se
503 1749 576 1805 ipsum
585 1748 613 1795 ad
622 1747 709 1805 plebem
718 1767 758 1794 suo
769 1760 836 1802 motu,
847 1769 887 1796 suo

102 1819 198 1876 consilio,
210 1841 248 1869 sua
259 1819 370 1869 voluntate
381 1821 539 1869 traducerent
550 1839 601 1869 vero
612 1833 687 1869 contra
697 1833 742 1869 erat
752 1834 797 1869 tota
808 1818 886 1870 nobili-

100 1906 140 1946 tas,
156 1893 194 1940 sed
209 1912 258 1949 pars
276 1892 381 1949 dignitate
398 1892 481 1949 patricii
499 1893 599 1946 nominis,
618 1911 667 1950 pars
685 1893 766 1940 honore
784 1892 887 1940 Claudiae
950 1931 951 1934 ,

101 1964 200 2018 familiae,
209 1983 258 2023 pars
267 1965 377 2014 Ciceronis
385 1966 459 2023 gratia,
467 1984 516 2024 pars
525 1965 555 2013 rei
563 1965 662 2024 publicae
670 1984 734 2014 causa
742 1965 802 2019 moti,
810 1966 886 2015 adver-

60 2040 86 2086 25
103 2039 151 2092 sari,
164 2038 276 2096 impedire,
290 2038 405 2095 prohibere
417 2060 445 2087 ne
456 2040 556 2087 transiret
567 2039 596 2087 ad
607 2038 695 2097 plebem
707 2058 837 2097 magnopere
849 2060 886 2087 co-

100 2111 143 2160 nati
159 2122 216 2160 sunt.
233 2110 320 2170 Quippe
335 2111 356 2160 vi
372 2130 457 2160 summa
472 2110 631 2170 impediebatur
644 2110 740 2171 adoptio.

144 2184 205 2233 Dum
218 2203 269 2232 vero
281 2183 391 2233 altercatio
403 2184 456 2233 baec
468 2185 577 2244 civitatem
589 2185 679 2233 diversis
696 2185 791 2243 partium
809 2186 886 2234 studiis

101 2256 197 2315 agitaret,
207 2257 278 2306 evenit
286 2256 342 2305 forte
351 2269 376 2307 ut
385 2257 480 2316 quodam
489 2258 511 2305 in
520 2257 601 2306 iudicio
610 2256 667 2315 (tum
675 2257 740 2313 enim,
747 2279 813 2317 quem
821 2257 886 2307 colle-

102 2351 152 2388 gam
167 2331 270 2379 babuerat
287 2331 310 2378 in
327 2330 448 2385 consulatu,
466 2331 492 2379 C.
510 2332 631 2380 Antonium
649 2331 790 2389 defensabat),
809 2330 886 2381 Cicero

58 2402 88 2449 30
103 2415 183 2450 statum
197 2402 331 2461 presentium
348 2415 473 2462 temporum
491 2403 625 2462 deploraret:
639 2404 665 2452 ld
688 2403 771 2452 dictum
789 2404 817 2452 ad
832 2404 886 2454 iram

100 2475 217 2524 commovit
230 2474 344 2536 Caesarem
355 2475 495 2525 vehementer
506 2476 566 2536 (nam
578 2490 623 2526 erat
634 2489 687 2526 tunc
699 2476 784 2536 consul)
795 2489 816 2525 et
828 2477 850 2526 in
862 2498 886 2526 se

101 2566 140 2606 per
154 2548 309 2596 contumeliam
324 2548 347 2596 id
362 2569 375 2596 a
390 2548 495 2597 Cicerone
511 2550 601 2604 dictum,
617 2562 642 2598 ut
657 2563 689 2597 est
705 2569 790 2607 semper
805 2563 886 2599 morta
912 2595 913 2598 ,

99 2620 153 2668 lium
162 2621 252 2668 *animus
267 2621 368 2669 credulus
383 2640 408 2669 ac
424 2640 505 2680 pronus
525 2622 547 2669 in
563 2623 631 2680 peius,
652 2641 698 2670 esse
717 2623 807 2679 putavit.
828 2621 886 2671 Hinc

101 2712 188 2756 nanque
202 2693 314 2741 subitanea
332 2694 427 2752 quadam
444 2695 475 2741 ira
493 2715 516 2742 se
533 2694 587 2742 adeo
605 2694 746 2742 inflammavit
765 2694 851 2743 Caesae
861 2707 885 2744 ut

60 2784 203 2794 ——a-——u

96 2828 125 2864 29.
138 2827 173 2865 Cic.
186 2831 233 2867 Dom,
246 2830 275 2870 41.
332 2856 333 2859 =

62 2905 202 2916 ·-—-———-

103 2948 132 2991 14.
147 2946 177 2992 Ex
192 2917 269 2993 abicere
284 2966 332 2994 corr.
