2093 3253
182 192 222 238 262
483 205 575 237 srccoms
589 205 705 237 romnrom
732 224 734 227 .

224 336 321 372 maneret
333 321 391 377 belli,
406 323 502 371 edictum
515 324 634 381 praemittit
646 338 671 372 ut
683 343 758 372 omnes
771 324 868 380 civitates
881 337 965 372 certum
982 330 1008 376 ad

224 396 282 444 diem
296 394 424 452 Cordubam
438 414 488 443 suos
503 407 524 443 et
538 394 676 453 magistratus
690 408 711 443 et
725 395 834 453 principes
849 396 943 444 mittant.
963 396 1008 448 Nec

224 488 291 525 mora:
307 467 392 524 animis,
404 479 429 518 ut
440 467 486 518 fieri
497 466 559 523 solet,
570 467 599 518 ad
609 469 722 519 victoriam
733 467 841 518 inclinatis
852 468 941 529 quaevis
957 471 1008 520 civi-

224 557 257 592 tas
272 544 350 602 paruit,
363 562 403 590 nec
414 542 485 601 paruit
498 543 564 591 modo
580 544 619 591 sed
634 543 692 592 ultro
708 563 764 601 quae
774 543 868 592 habebat
879 544 1008 601 Pompeiana

197 616 332 674 §praesidia
349 634 373 663 ac
390 613 511 673 praefectos
528 615 598 663 eiecit.
615 615 707 664 Varroni
725 636 813 674 quoque
830 616 926 664 venienti
937 630 1008 674 portas

225 688 308 736 clausit.
321 687 386 735 ndde
397 687 458 744 quod
471 687 564 734 duarum
576 688 688 745 legionum
700 707 753 746 quas
766 688 855 735 haberet
872 688 948 742 Varro,
967 710 1008 741 una

223 761 291 818 signis
306 760 392 814 evulsis,
408 761 457 818 ipso
472 772 562 814 astante,
578 762 627 818 ipso
642 762 777 818 inspectante
793 760 858 818 (hanc
873 761 1008 817 vernaculam

225 830 372 892 appellabant)
380 853 427 880 sese
435 830 545 889 Hispalim
552 830 580 880 ad
588 832 703 881 Caesarem
710 833 810 881 contulit.
818 833 887 881 Varro
895 847 969 882 autem
982 838 1008 884 de

223 906 315 966 Caesare
325 905 449 960 inimiciter,
458 906 491 955 uti
503 905 571 954 hostis
582 905 610 954 de
621 906 683 955 hoste
694 905 755 960 solet,
764 905 895 964 loquebatur
905 908 1008 964 primum;

183 982 209 1030 10
224 995 299 1039 postea
312 999 363 1028 vero
377 1000 444 1038 quam
458 999 491 1028 res
504 980 605 1028 adversas
614 1000 666 1028 esse
679 981 778 1039 Pompeii
791 981 866 1035 sensit,
880 982 1008 1043 amicissime

224 1055 251 1109 de
266 1055 314 1111 ipso
323 1052 384 1109 loqui
393 1072 418 1099 ac
427 1052 507 1100 blande
516 1053 595 1110 coepit.
606 1051 650 1099 Ubi
660 1065 734 1100 eutem
742 1073 766 1099 se
780 1052 891 1100 desertum
905 1073 1016 1114 spemque,-

225 1125 307 1174 nullam
315 1142 361 1173 esse
369 1124 473 1182 percepit,
482 1144 549 1183 quam
556 1144 623 1172 unam
634 1124 727 1173 habebat
735 1124 843 1182 legionem
851 1123 1015 1185 pecuniamque

224 1198 336 1255 publicam
343 1216 368 1244 ac
376 1195 480 1244 frumenti
489 1210 510 1244 et
519 1198 608 1244 navium
618 1198 725 1244 rationem
736 1197 822 1245 Caesari
831 1218 882 1245 cum
890 1197 934 1246 fide
941 1200 1007 1256 assig-

224 1284 267 1319 nat.
277 1271 331 1318 lnde
340 1270 416 1327 positis
424 1269 497 1323 armis,
506 1282 531 1317 ut
539 1268 714 1323 vacaretlitteris,
723 1270 746 1316 in
755 1289 821 1327 quam
834 1269 908 1317 villam
921 1269 1008 1319 haberet

186 1344 210 1393 l5
227 1342 327 1392 Cumano
336 1344 359 1391 in
368 1360 420 1400 agro
429 1342 523 1389 divertit.
533 1342 609 1389 Postea
617 1360 668 1390 vero
677 1362 728 1390 cum
736 1342 818 1390 bellum
827 1341 906 1390 Caesar
914 1343 937 1390 in
944 1342 1007 1391 Alex-

223 1416 298 1466 andria
311 1427 400 1473 gereret,
414 1414 448 1464 M.
461 1415 578 1469 Antonius,
591 1414 629 1473 qui
643 1413 740 1463 Caesaris
757 1416 845 1463 nomine
866 1414 949 1464 ltaliam
970 1436 1008 1474 gu-

223 1489 335 1543 bernabe,
345 1487 444 1536 vendidit
453 1487 495 1537 sub
504 1488 565 1536 hasta
574 1487 677 1536 Varronis
688 1488 823 1537 Cassinatem
832 1487 937 1542 fundum,v
945 1490 1007 1547 quod

225 1561 282 1613 civili
294 1561 352 1608 bello
363 1559 567 1617 lavissetPompeio
578 1572 599 1606 et
610 1560 680 1606 homo
687 1560 826 1608 adversarum
837 1561 932 1617 partium
944 1560 1008 1608 habe·

225 1647 290 1683 retur.

183 1709 212 1756 20
269 1707 338 1755 Varro
353 1718 433 1760 autem,
450 1707 511 1764 quasi
527 1707 587 1763 parvi
603 1706 701 1762 pendens
717 1726 773 1763 quae
789 1705 844 1753 mala
859 1706 971 1754 evenirent
985 1727 1008 1753 ac

224 1780 309 1827 nescius
325 1778 452 1827 calamitatis
467 1791 531 1831 esset,
547 1798 594 1825 sese
609 1779 714 1826 doctrinis
725 1779 814 1836 optimis
832 1799 857 1825 ac
872 1778 1008 1836 philosophie

184 1893 186 1896 Α
225 1852 293 1901 dedit.
308 1850 338 1900 Ea
352 1850 447 1910 denique
461 1851 544 1899 ratione
557 1851 610 1899 vixit
624 1850 711 1907 deinde,
726 1851 786 1910 quod
800 1850 865 1900 rebus
879 1851 945 1899 etiam
963 1864 1008 1901 tur-

225 1925 350 1978 batissimis‚
364 1944 416 1972 cum
429 1944 505 1972 omnes
520 1925 613 1972 maxima
626 1924 649 1972 in
662 1937 791 1981 tempestate
805 1944 829 1973 ac
848 1923 921 1972 fluctu*
930 1938 1007 1977 essent,

225 2000 272 2057 ipse
284 1996 343 2046 solus
356 1996 379 2044 in
392 2008 457 2055 portu
470 2016 516 2044 esse
528 2017 553 2044 ac
565 1997 637 2044 vivere
649 1996 784 2055 quietissime
796 1996 913 2045 videretur.
922 1996 1009 2055 Quippe

184 2073 212 2120 25
230 2073 295 2119 homo
308 2069 478 2128 haudquaquam
491 2067 519 2116 ad
532 2068 588 2116 bella
601 2068 639 2116 sed
651 2068 680 2116 ad
693 2069 773 2117 litteras
789 2081 810 2116 et
826 2071 924 2127 quietem
937 2082 1008 2122 natus,

226 2144 333 2204 quicquid
347 2143 369 2191 in
381 2162 407 2191 eo
417 2141 459 2190 tuit
475 2141 524 2196 ocii,
541 2142 604 2197 vitae,
621 2142 709 2200 ingenii,
729 2141 752 2190 id
770 2154 842 2191 toturn
860 2141 1025 2200 philosophiae„

227 2231 247 2266 et
253 2217 336 2265 artibus
351 2215 415 2263 bonis
426 2215 493 2263 dedit.

270 2290 345 2337 Iunior
358 2301 431 2335 autem
445 2288 535 2335 studens
549 2287 641 2335 Athenis
655 2300 818 2345 praeceptorem
831 2289 854 2334 in
873 2287 1009 2345 philosophia

226 2362 361 2412 Antiochum
376 2360 487 2414 habuerat,
504 2361 542 2419 qui
558 2373 579 2408 et
594 2359 696 2409 Aristidis
711 2359 778 2409 frater
793 2373 849 2408 esset
865 2373 886 2409 et
897 2360 1009 2409 Philonem

184 2439 213 2486 30
228 2434 384 2495 philosophum
393 2433 429 2482 illa
439 2436 543 2482 memoria
552 2434 635 2482 clarum
643 2454 668 2482 ac
678 2434 819 2482 excellentem
828 2433 931 2489 audisset;
937 2445 1010 2492 postea

227 2529 277 2558 vero
290 2527 357 2567 quam
368 2507 397 2555 ad
408 2506 490 2555 litteras
503 2507 574 2561 rediit,
587 2527 718 2565 quacunque
731 2507 753 2554 in
766 2507 865 2554 doctrina
877 2526 933 2565 quae
941 2507 1011 2555 virum

228 2582 323 2640 peritum
330 2600 355 2628 ac
363 2579 447 2627 bonum
454 2579 555 2633 efficeret,
563 2592 650 2628 tantum
658 2598 742 2637 operae,
751 2579 825 2633 studii,
834 2597 898 2627 curae
911 2579 1009 2627 adhibuit

228 2653 288 2712 quod
298 2652 380 2702 iudicio
391 2652 490 2700 omnium
501 2652 539 2711 qui
550 2653 617 2710 togati
628 2652 707 2700 sintae
718 2652 776 2700 docti
788 2651 811 2700 id
826 2651 904 2707 laudis,
916 2651 1010 2703 honoris.

227 2727 307 2785 gloriae
317 2738 444 2783 assequatur
454 2725 673 2784 quodRomanorum
683 2727 782 2773 omnium
791 2725 930 2772 doctissimus
940 2723 1011 2773 videa·

226 2913 245 2959 5.
260 2912 361 2970 (εἰε)εὶῑί“,
377 2931 400 2963 r.;
415 2922 457 2959 erut
470 2913 540 2966 eijecit.
595 2915 615 2958 9.
630 2913 659 2957 uti
678 2911 740 2957 hostis
753 2919 766 2957 ἱ.
781 2931 796 2958 r.
855 2912 884 2956 17.
898 2912 928 2959 Ex
950 2909 1010 2961 veniit

186 2998 235 3026 corr,
292 2981 324 3026 29.
337 2978 368 3024 Ex
381 2978 504 3024 Anthiocum
517 2998 566 3023 corr.
