2093 3253
235 155 362 187 scutatorum
377 154 501 186 uiusnuuu
514 166 528 171 -
542 154 600 185 ursan
614 154 666 184 vnn.
825 136 865 183 249

80 272 158 331 gebant
167 289 289 327 somnoque
298 289 323 317 ac
332 269 383 316 vino
393 268 451 326 pleni
461 268 566 321 iacebant,
576 267 650 315 subito
660 262 762 315 excitatos
772 267 866 315 clamore

79 365 104 394 ac
114 343 200 392 territos
211 341 294 399 expulit
305 342 411 399 signoque
427 334 477 388 mox
488 361 515 389 ex
526 340 603 389 ordine
614 340 665 388 dato
676 339 789 388 consulem
800 340 865 398 potiri

79 438 101 466 se
114 414 194 464 montis
207 415 293 468 uertice,
306 426 331 461 ut
343 414 407 462 iniret
420 422 523 470 pugnam,
536 413 657 461 admonuit.
671 412 793 461 Antiochus
815 430 866 460 vero

79 490 117 541 ubi
134 501 155 537 et
172 487 246 546 pulsos
264 488 312 536 loco
328 508 379 536 suos
397 500 417 536 et
435 486 507 535 hostes
525 487 575 535 binc
593 487 701 535 montium
718 486 768 543 iuga
784 499 865 554 tenere,

54 569 66 616 5
81 564 132 613 inde
144 562 172 609 ad
184 581 280 619 pugnam
292 562 366 609 venire
378 561 452 614 sensit,
466 581 516 608 mox
528 562 619 609 territus
628 561 664 609 vix
677 561 773 619 primum
786 560 866 607 Roma-

80 653 159 683 norum
171 633 288 681 clamorem
300 645 321 679 et
334 634 441 689 impetum
454 633 565 680 sustinuit.
580 633 667 680 Metum
680 648 769 690 quoque
781 631 866 679 addidit

55 747 58 750 >
80 706 140 768 quod
149 706 238 754 veniens
248 706 271 754 in
280 726 376 763 pugnam
386 704 457 764 lapide
467 706 523 753 ictus
533 719 572 753 est.
582 700 647 753 Time
657 706 723 758 enim,
734 706 796 763 quasi
806 704 867 751 lusos
932 703 933 707 ¹

81 799 155 829 omnes
170 778 252 826 videret
267 798 325 831 suos,
340 798 367 825 ne
381 791 500 836 caperetur,
516 778 599 835 effugit.
614 778 704 836 Equites
718 778 792 835 ipsum
806 776 866 834 regii,

81 853 118 912 qui
132 871 210 898 eocum
223 851 312 898 aderant
327 850 386 898 baud
400 849 462 897 multi
477 869 542 908 supra
558 850 594 904 Vc,
609 851 693 898 deserta
709 870 782 907 pugna
798 850 867 897 secuti

45 930 70 977 lll
83 938 141 975 sunt.
158 923 248 972 Caetera
263 923 334 972 omnis
351 923 469 972 multitudo
485 923 609 980 (hominum
625 923 729 972 erant‘ad
745 922 785 970 LX
799 922 867 979 milia)
908 933 909 936 ’

81 1012 118 1048 aut
132 1010 194 1055 capta
208 1011 245 1045 aut
260 997 330 1046 occisa
344 1010 383 1045 est.
399 997 491 1045 Romani
506 998 599 1046 victores
614 1010 635 1045 et
649 997 724 1045 castris
738 996 835 1044 hostium
845 1009 866 1043 et

82 1073 138 1130 gazis
156 1071 219 1128 regiis
237 1071 300 1129 potiti
318 1084 376 1118 sunt.
394 1071 456 1127 Quae
473 1084 546 1118 autem
564 1071 676 1128 proximae
693 1071 790 1118 hostium
801 1071 867 1124 urbes

81 1156 147 1196 erant,
163 1162 238 1195 omnes
253 1143 326 1191 subito
340 1143 378 1190 ubi
392 1156 413 1191 et
427 1141 502 1190 lusum
513 1142 658 1200 fugatumque
670 1148 744 1200 regem
754 1155 775 1189 et
785 1143 866 1191 deletas

81 1216 153 1275 copias
164 1215 301 1268 audiverunt,
314 1234 428 1273 percussae
439 1225 499 1263 metu
511 1215 615 1263 Romanis
627 1236 673 1263 sese
684 1216 789 1263 continuo
805 1215 867 1264 dedi-

44 1292 66 1338 15
82 1289 167 1341 derunt,
186 1309 213 1335 ne
230 1289 287 1345 ipsas
304 1288 393 1335 veniens
415 1287 499 1335 hostilis
522 1289 628 1336 exercitus
653 1289 674 1336 vi
699 1302 785 1345 caperet
802 1302 868 1345 atque

81 1360 191 1418 diriperet.
202 1358 285 1407 Consul
295 1378 346 1407 vero
355 1360 484 1407 concionem
493 1360 577 1408 vocavit
587 1380 612 1408 ac
621 1361 699 1421 sedens
709 1378 749 1418 pro
764 1358 867 1408 tribunali

81 1433 188 1482 Catonern
202 1432 297 1480 laudavit
311 1446 396 1480 summe
411 1432 550 1491 eundemque
564 1454 634 1491 usque
648 1428 703 1481 adeo
717 1433 818 1481 laudibus
830 1454 866 1481 ex·

81 1506 130 1554 tulit
138 1517 163 1552 ut
171 1517 244 1562 partae
252 1506 354 1553 victoriae
362 1505 403 1552 sibi
412 1517 496 1562 partem
505 1507 621 1553 maximam
629 1507 735 1554 tribueret
743 1506 868 1565 diceretque

81 1579 220 1628 audientibus
230 1579 314 1627 cunctis
324 1579 449 1627 Romanum
458 1579 566 1637 populum
574 1579 639 1637 longe
648 1580 697 1637 plus
708 1579 787 1627 Catoni
801 1599 868 1637 quam

42 1653 68 1701 20
82 1651 164 1710 populo
175 1652 274 1700 Romano
285 1651 392 1700 Catonem
403 1653 462 1700 bono
473 1654 550 1701 merito
560 1673 585 1700 ac
596 1654 643 1703 iure
654 1654 739 1706 debere,
751 1654 812 1711 quod
822 1654 868 1701 eius

82 1723 179 1778 consilio,
200 1744 272 1781 opera,
293 1725 373 1772 virtute
393 1724 475 1772 lactum
495 1739 551 1773 esset
572 1738 596 1773 ut
616 1739 689 1774 tantus
710 1727 778 1774 hostis
798 1727 868 1774 victus

82 1795 187 1853 lususque
198 1810 263 1854 atque
274 1794 361 1852 lugatus
373 1798 407 1845 sit.
420 1796 513 1845 Romam
523 1817 612 1856 quoque
623 1799 696 1856 ipsum
708 1798 766 1845 misit
777 1811 802 1846 ut
813 1810 869 1845 esset

83 1870 120 1927 qui
131 1869 268 1917 renunciaret
279 1869 362 1916 senatui
374 1882 395 1916 et
406 1868 488 1927 populo
500 1869 599 1918 Romano
611 1889 658 1918 rem
669 1883 751 1929 gestam
763 1890 787 1917 ac
799 1871 867 1919 victo-

82 1941 136 1989 riam
152 1939 236 1998 partam
251 1960 304 1989 esse.

43 2012 68 2059 25
126 2012 210 2061 Censor
221 2013 300 2062 deinde
310 2027 394 2062 creatus
406 2027 437 2062 est
449 2014 511 2062 Cato.
524 2016 590 2063 Hunc
601 2016 751 2073 magistratum
762 2037 806 2064 non
822 2018 868 2065 sine

44 2095 46 2098 ’
83 2087 200 2136 certamine
220 2101 241 2136 et
262 2106 340 2144 magno
360 2086 477 2136 certamine
498 2087 580 2142 habuit,
603 2090 663 2147 quod
683 2088 767 2147 patricii
784 2090 867 2148 generis

82 2158 149 2218 aliqui
162 2173 261 2217 potentes
273 2180 298 2208 ac
311 2159 404 2208 illustres
417 2161 457 2208 viri
470 2162 579 2211 candidati
592 2175 613 2210 et
625 2163 778 2220 competitores
790 2178 867 2219 essent,

83 2232 173 2288 quidam
192 2233 357 2280 adversarentur
377 2233 486 2281 simultate
507 2234 598 2287 occulta.
620 2255 647 2282 ne
667 2237 705 2292 qui
726 2236 792 2283 homo
812 2249 868 2284 esset

83 2323 152 2352 novus
167 2304 225 2352 hunc
238 2305 267 2352 ad
281 2304 387 2353 honorem
400 2305 533 2360 ascenderet,
547 2306 607 2354 unde
621 2307 678 2365 leges
693 2326 780 2355 morum
793 2322 815 2356 et
828 2330 868 2367 po-

45 2373 71 2420 30
87 2376 151 2432 pulus
167 2377 278 2426 Romanus
294 2391 315 2425 et
331 2391 418 2426 senatus
433 2379 563 2436 acciperent.
575 2379 682 2438 ‘Plurique
697 2394 771 2438 aperte
787 2382 868 2430 inimici

84 2461 144 2495 erant
155 2449 315 2508 obstabantque
326 2471 411 2498 summa
422 2472 470 2508 ope,
483 2473 510 2498 ne
521 2454 559 2509 qui
570 2453 597 2500 ab
609 2453 639 2500 eis
650 2467 700 2500 ante
711 2452 788 2501 luisset
799 2455 868 2502 laesus

83 2539 141 2569 nunc
155 2534 237 2570 veteres
252 2523 340 2571 iniurias
355 2523 396 2571 sub
410 2542 514 2571 censurae
533 2526 604 2583 specie
623 2526 749 2573 vindicaret.
764 2526 869 2574 Movebat

84 2593 200 2643 nonnullos
219 2596 351 2644 conscientia
369 2597 425 2645 vitae
443 2617 495 2645 suae
512 2610 537 2646 ut
555 2610 653 2646 vetarent
671 2599 738 2647 creari
757 2618 870 2648 censorem

84 2667 121 2722 qui
137 2681 193 2716 esset
208 2669 241 2717 vir
256 2687 343 2717 severus
359 2690 399 2717 nec
415 2669 471 2717 flecti
488 2691 510 2718 se
526 2670 593 2718 ullam
608 2671 636 2718 ad
651 2673 743 2726 veniam,
754 2672 827 2720 >ullam
842 2674 870 2721 ad

45 2732 70 2781 35
86 2740 262 2796 misericordiam,
282 2741 349 2790 ullam
367 2744 394 2791 ad
413 2744 503 2800 gratiam
522 2763 586 2802 prece
604 2758 641 2792 aut
660 2745 734 2803 precio
752 2759 883 2803 pateretur.v

47 2852 61 2857 -.

84 2915 117 2961 20.
130 2917 161 2962 Ex
175 2918 255 2963 deberet
269 2938 316 2963 corr.
372 2921 404 2965 22.
419 2922 472 2964 misit
486 2915 531 2965 sscrss
