2093 3253
177 258 219 306 448
480 271 575 305 srccours
590 270 708 304 rorruronr
760 300 762 305 ,

219 385 334 446 populum,
348 386 423 444 tertiae
436 406 492 446 quae
505 385 533 435 ad
547 398 653 442 senatum,
668 398 756 446 quartae
770 378 825 445 quae
839 385 967 435 dictatorem
979 387 1007 435 ad

177 519 179 524 .
222 459 302 508 lulium
317 458 432 507 Caesarem
446 458 539 508 habitae.
564 522 566 528 .
585 514 586 519 ¹

262 529 350 589 Quippe
365 549 486 585 causarum,
501 543 526 579 ut
540 551 552 579 a
566 532 642 589 primis
657 532 762 587 exordiar,
777 552 833 591 quae
847 545 898 581 sunt
912 532 1007 581 iudiciali

200 646 201 649 ,
219 602 242 651 in
257 621 335 665 genere
349 603 480 652 constitutae
498 603 591 664 primam
609 623 656 653 esse
673 623 714 663 pro
731 603 755 653 P.
774 603 865 663 Quintio
884 605 966 663 privata
984 606 1007 653 in

177 726 180 729 ,
193 678 206 725 5
222 695 293 725 causa.
306 675 390 725 Publici
403 689 477 725 autem
489 676 564 725 iudicii
577 696 624 725 esse
637 677 730 736 primam
742 695 783 737 pro
795 677 846 726 Sex.
860 677 938 727 Rossio
948 678 1006 728 docti

220 749 285 798 etiam
299 748 429 807 complures,
442 760 467 797 ut
481 750 606 804 memoravi,
619 748 715 804 tradunt.
728 748 772 807 Qui
785 750 844 799 enim
856 750 890 800 ius
903 750 1007 810 profiten-

218 833 254 868 tur
268 819 338 881 civile,
357 819 514 878 bi-maiestatis
532 821 608 877 laesae,
626 821 734 877 adulterii,
752 822 871 878 homicidii,
890 823 1006 882 parricidii,

219 891 324 948 veneficii,
335 891 390 948 falsi,
401 893 578 953 repetundarum,
588 893 690 950 ambitus,
710 893 829 955 peculatus.
840 906 861 944 et
871 894 936 944 buius
947 894 1006 945 modi

170 1017 172 1020 ,
190 1016 191 1019 ,
220 966 302 1025 reliqua
316 967 407 1014 crimina
423 987 479 1025 quae
494 985 595 1016 accusare
610 987 622 1015 e
638 965 720 1026 populo
736 967 829 1026 quisque
842 978 920 1026 potest,
931 967 1006 1017 iudicii

167 1096 170 1104 Δ
181 1039 207 1102 10
221 1057 268 1086 esse
278 1037 368 1099 publici,
380 1049 473 1086 caeteras
485 1057 537 1087 vero
548 1058 622 1086 causas
634 1058 681 1086 esse
692 1040 785 1098 privatas
797 1039 880 1088 dieunt.
891 1039 1006 1088 Orationes

180 1170 182 1174 ι
220 1123 317 1171 preterea
332 1109 444 1175 Ciceronis
462 1112 490 1161 ad
508 1110 591 1161 iudices
610 1123 757 1161 memorantur
775 1130 815 1171 pro
833 1111 947 1168 Fundano,
966 1131 1006 1172 pro

219 1183 378 1242 Varreno‚,pro
394 1183 475 1245 Oppio,
493 1203 534 1243 pro
550 1184 653 1238 Cecinna,
671 1184 732 1247 cuius
748 1197 794 1233 tota
810 1204 874 1236 causa
890 1184 918 1233 de
934 1185 1005 1234 verbis

218 1254 327 1303 interdicti
343 1254 392 1304 luit.
409 1255 451 1303 Res
467 1275 554 1315 nanque
569 1255 676 1305 involutas
692 1255 820 1305 diffiniendo
835 1254 956 1315 explicavit,
972 1257 1006 1305 ius

215 1327 313 1378 laudavit
327 1326 397 1384 civile,
409 1348 465 1387 quae
475 1346 527 1378 vero
537 1328 639 1388 ambigua
650 1341 710 1379 erant
720 1328 786 1395 verba
796 1328 902 1377 distinxit.
915 1327 941 1376 ln
952 1328 1006 1377 Ver-

179 1402 205 1456 15
220 1412 361 1462 remantem,
376 1402 546 1460 repetundarum
563 1419 637 1457 reum,
650 1402 740 1461 scriptas
758 1402 865 1450 orationes
882 1422 921 1461 seu
939 1402 1005 1450 libros

180 1523 183 1530 ,
219 1487 303 1535 septem
317 1474 412 1534 reliquit.
427 1474 469 1524 Pro
483 1475 511 1525 Α.
526 1474 636 1530 Cluentio,
651 1475 689 1535 qui
704 1486 760 1523 esset
774 1474 871 1523 veneficii
886 1487 1005 1530 accusatus,

219 1548 456 1610 orationemlmagnam
470 1548 620 1606 optimamque
638 1567 664 1595 ac
673 1547 855 1606 pulcherrimam·
869 1547 945 1596 edidit.
963 1547 1006 1597 Pro

197 1633 198 1637 ’
220 1619 330 1678 Cornellio
344 1619 420 1673 Balbo,
436 1635 508 1677 quem
519 1619 623 1667 minuisse
638 1619 774 1667 tribunitiam
785 1620 929 1674 maiestatem,
945 1622 1006 1679 quod

218 1691 320 1740 tribunus
335 1691 404 1749 plebis
414 1690 513 1739 codicem
524 1691 546 1739 in
557 1692 662 1741 concione
671 1690 765 1753 legisset,
775 1690 905 1740 accusabant
915 1690 1005 1746 inimici,

177 1766 206 1828 20
220 1783 307 1813 causam
322 1761 432 1812 difficilem
446 1762 581 1823 eandemque
595 1762 742 1822 longissimam
757 1762 839 1812 habuit.
854 1762 905 1812 Erat
919 1783 1006 1823 nanque

218 1850 266 1886 tum
281 1835 337 1885 lorte
352 1835 429 1885 Cicero
445 1849 545 1894 praetura
561 1834 685 1884 defunctus.
701 1834 776 1894 Egisse
791 1856 887 1884 causam-
896 1836 951 1884 hanc
966 1837 1006 1885 tri-

219 1913 264 1959 duo
278 1912 393 1965 Asconius,
408 1911 526 1968 quatriduo
544 1910 626 1959 Plinius
644 1923 757 1959 memorat.
775 1909 843 1967 Quaev
854 1922 928 1958 autem
945 1909 1005 1959 dixe-

218 1996 250 2033 rat
265 1983 338 2032 0mnia
348 2003 391 2031 una
403 1982 469 2032 modo
479 1982 519 2032 sed
528 1982 592 2042 longa
603 1982 699 2032 oratione
710 1982 842 2042 perstrinxit.
853 1981 939 2046 Scripta
949 2002 1005 2042 quo·
1018 2044 1019 2047 Ἰ

218 2077 262 2116 que
287 2069 344 2104 extat
356 2056 424 2104 oratio
435 2076 475 2115 pro
487 2056 514 2104 L.
526 2056 628 2110 Murena,
639 2076 706 2115 quem
717 2055 812 2104 ambitus
824 2073 885 2104 reum
897 2055 941 2104 duo
952 2067 1005 2105 tunc

176 2132 205 2180 25
221 2130 343 2190 gravissimi
351 2129 400 2183 viri,
411 2133 465 2179 Cato
476 2142 498 2178 et
508 2127 627 2188 Sulpicius,
635 2127 782 2187 postularunt·
789 2147 831 2187 pro
840 2128 864 2179 P.
874 2128 943 2189 Syllae
951 2149 1005 2182 con-

219 2202 317 2251 siliorum
328 2197 482 2261 lricssatilinae
492 2221 544 2250 cum
551 2219 647 2259 regnum
657 2200 766 2250 affectaret
777 2221 825 2250 esse
835 2201 935 2255 conscius
947 2200 1005 2251 dice-

218 2276 289 2323 batur.
304 2273 419 2338 Orationes
435 2293 524 2332 quoque
539 2273 593 2321 duas
609 2270 687 2328 eodem
701 2272 724 2321 in
740 2291 818 2331 genere
833 2274 923 2332 scriptas
939 2273 1005 2322 habe·

219 2367 275 2396 mus.
290 2346 340 2396 Una
353 2359 385 2395 est
398 2364 439 2404 pro
453 2344 479 2394 L.
493 2344 603 2395 Cornellio
616 2344 736 2401 Gaditano,¹
746 2345 813 2399 altera
826 2364 866 2404 pro
878 2344 906 2394 Α.
921 2345 1005 2394 Licinio

218 2419 298 2469 Archia
311 2431 375 2479 poeta
390 2418 499 2477 inscripta.
515 2416 608 2467 Ciuitate
622 2418 715 2467 donatus
729 2430 805 2466 contra
818 2417 875 2476 leges
889 2418 1005 2473 accusaba-

176 2496 206 2544 30
220 2508 255 2542 tur
269 2506 368 2552 uterque.
381 2491 422 2541 Pro
434 2492 479 2541 Sua
490 2491 564 2542 Domo
575 2492 604 2541 ad
615 2490 737 2547 Pontifices,
750 2491 811 2551 quod
820 2504 893 2546 ,essent
904 2512 917 2541 a
929 2503 1005 2542 senatu

219 2567 259 2613 ista
273 2566 296 2614 in
311 2584 375 2613 causa
387 2565 470 2613 iudices
481 2565 601 2619 constituti,
614 2565 682 2612 oratio
694 2566 773 2623 scripta
785 2577 825 2613 est.
837 2564 880 2612 Pro
890 2564 919 2612 T.
931 2564 1004 2613 Annio

183 2696 187 2702 .
219 2636 312 2703 Millone
320 2636 436 2696 parricidii,
452 2655 492 2697 pro
501 2635 546 2685 Gn.
556 2634 643 2684 Plancio
651 2636 753 2690 ambitus,
763 2634 931 2694 proMssaeli'o
939 2656 1005 2684 vene-

218 2704 357 2769 ficitprolL.
369 2709 387 2758 F
387 2709 446 2758 lacco
456 2709 575 2768 peculatus,
586 2728 627 2767 pro
636 2709 661 2758 P.
672 2709 746 2758 Sextio
757 2708 785 2757 de
795 2708 815 2758 vi
826 2721 928 2757 accusato
935 2708 1005 2768 scrip-

178 2801 320 2813 ...a-..n—

214 2844 243 2883 22.
255 2844 315 2881 Aaou.
328 2842 383 2886 com,
395 2843 435 2886 Arg.
447 2843 471 2888 (p.
484 2841 508 2880 62
519 2841 563 2888 On),
613 2842 642 2879 22.
654 2841 696 2879 Plin.
707 2842 738 2886 Ep.
751 2842 764 2879 l.
777 2842 808 2901 20.Ἰ
819 2842 837 2879 8.

160 3000 163 3005 ι
217 2967 236 3013 6.
250 2964 332 3016 tradunt
346 2970 359 3009 ι’.
374 2983 395 3015 r.;
410 2973 454 3009 erat
467 2962 543 3008 dicunt.
617 2963 648 3008 10.
662 2963 693 3009 Er
706 2980 774 3008 causas
792 2963 877 3017 privatas
895 2979 938 3008 esse
954 2981 1005 3009 cm,

181 3034 218 3087 18.
225 3029 397 3086 Eatribuniciam
409 3048 458 3076 corr.
