2093 3253
263 162 392 194 scnraroxun
406 164 530 197 niusrxiun
543 178 557 182 —
571 165 628 198 urum
642 168 669 199 ιν.
838 157 874 204 133

95 281 193 329 contulit.
203 278 269 328 Vallis
278 291 310 326 est
320 278 348 326 ad
358 278 400 327 XV
406 279 464 341 milia
471 299 575 338 passuum
582 282 685 331 Avinioni
694 284 771 333 vicina.
782 285 836 334 Earn
843 287 877 339 in-

95 355 153 405 colae
167 351 251 402 Vallem
263 349 364 400 Clausam
375 351 491 411 appellant.
504 351 575 403 Locus
587 354 677 415 quidem
688 375 767 416 parvus
778 356 817 406 sed
828 378 876 418 per·

94 427 222 476 commodus
239 425 267 474 ad
285 445 351 483 quarn
369 425 503 475 desiderabat
521 427 587 476 vitam
605 428 723 484 solitariam
741 444 762 478 et
779 452 877 481 amenus.

97 503 121 551 ln
130 521 154 549 ea
163 499 212 547 fons
221 498 378 558 pulcherrimus
387 497 481 546 fontium
490 500 565 554 oritur,
574 502 596 548 in
606 522 630 549 ea
638 502 690 550 caeli
700 504 802 551 serenitas
811 524 878 562 quae-

69 578 81 627 5
97 575 147 624 dam
161 585 182 622 et
195 571 301 620 iocundus
315 583 421 629 aspectus.
435 570 511 630 Sorgia
523 571 579 621 fonti
592 593 672 622 nomen
685 587 725 623 est.
739 566 802 624 Hanc
812 576 877 634 igitur

94 648 122 696 ad
136 646 213 695 vallem
227 665 250 692 se
264 644 374 702 librosque
383 664 434 692 suos
443 657 464 691 et
473 665 526 703 quas
536 665 610 694 secum
619 646 698 695 habere
706 648 793 697 vivendi
802 669 877 700 neces-

94 722 144 770 sitas
159 718 257 777 exigebat
267 718 359 765 sarcinas
370 716 485 766 transtulit.
495 717 571 767 Annos
582 719 676 779 denique
686 721 809 780 complures
819 714 877 771 inea

94 805 239 842 commoratus
252 803 290 839 est.
304 789 347 838 Hic
359 789 463 845 bucolica,
477 790 511 838 hic
524 791 623 841 Solitaria
635 793 662 841 de
674 793 724 842 Vita
736 794 828 854 scripsit,
842 796 877 843 hic

94 867 189 917 Africam
204 865 291 923 incepit.
308 862 350 911 Hic
365 864 466 923 denique,
481 877 506 912 ut
520 864 585 914 tradit
600 866 633 914 vir
648 866 785 917 doctissimus
801 868 876 918 Petrus

57 944 81 991 10
96 939 173 988 Paulus
186 937 300 995 Vergerius
315 937 513 993 Iustinopolitanus,
526 938 631 996 quicquid
643 938 687 987 lere
699 939 805 989 librorum
816 944 876 990 omni

94 1025 161 1062 aetate
175 1010 298 1069 composuit
311 1022 348 1058 aut
362 1007 452 1067 perfecit
465 1021 503 1058 aut
516 1010 597 1069 incepit
610 1024 648 1060 aut
656 1011 754 1076 ‘scribere
768 1005 876 1072 cogitavit.

118 1145 121 1151 .
136 1085 201 1134 Fama
215 1085 261 1133 eius
272 1084 315 1132 iarn
325 1082 407 1141 ubique
417 1100 490 1141 sparsa
500 1094 521 1132 et
532 1102 609 1142 magna
619 1097 670 1133 erat.
684 1082 839 1146 Istucnanque
848 1087 876 1135 ad

94 1180 144 1208 eum
158 1159 240 1208 litterae
253 1157 339 1205 duobus
352 1156 526 1211 disiunctissimis
539 1177 563 1205 ac
576 1157 696 1207 illustribus
709 1179 721 1206 e
734 1159 793 1215 locis3
807 1159 877 1208 Roma

94 1245 115 1280 et
128 1230 228 1286 parisius,
244 1250 288 1279 uno
300 1229 341 1284 die,
354 1229 451 1283 mirabile
463 1230 529 1285 dictu,
542 1231 602 1288 quasi
615 1231 642 1279 de
653 1231 758 1280 industria
770 1231 810 1280 hae
821 1232 876 1281 duae

56 1310 80 1357 15
95 1306 223 1356 clarissimae
236 1305 259 1353 in
272 1304 333 1353 terris
346 1303 411 1352 urbes
424 1303 466 1352 hoc
478 1304 520 1352 isto
533 1303 560 1353 de
573 1303 655 1354 honore
666 1318 780 1361 certarent,
794 1305 876 1356 delatae

94 1392 150 1429 sunt.
160 1379 254 1438 Quippe
264 1378 291 1426 de
301 1376 401 1432 Parisius,
412 1377 490 1426 Gallici
501 1378 594 1426 nominis
605 1379 702 1438 principe
712 1400 737 1427 ac
747 1381 804 1438 regia
812 1371 875 1434 urbe,

93 1454 130 1512 qui
145 1465 241 1511 praeerat
256 1450 328 1500 studio
336 1449 480 1506 cancellarius,
490 1450 517 1498 de
530 1450 599 1499 Roma
615 1471 665 1500 vero
681 1452 719 1511 qui
738 1466 799 1501 erant
813 1473 876 1501 sena·

93 1539 149 1573 tores
167 1525 271 1573 scribunt.
291 1524 399 1583 Utrinque
417 1524 472 1572 hanc
489 1525 512 1571 in
530 1525 658 1573 sententiam
676 1525 833 1574 exhortationes
851 1546 876 1574 ac

93 1619 166 1658 preces
176 1612 243 1654 erant,
253 1612 277 1648 ut
287 1598 397 1656 quae-iure
407 1598 490 1656 optimo
500 1596 613 1647 deberetur
623 1598 642 1647 ei
651 1618 676 1647 ac
686 1598 810 1658 poetis‘dari
820 1599 876 1649 sole-

53 1673 80 1719 21]
95 1685 133 1726 ret,
148 1668 196 1720 eam
210 1673 269 1729 apud
283 1691 306 1718 se
320 1671 415 1718 lauream
429 1682 530 1719 sumeret.
547 1670 619 1727 Ipsam
633 1671 723 1729 quidem
737 1668 875 1721 cancellarius

93 1757 117 1793 ut
131 1744 231 1799 Peneius,
246 1756 354 1793 senatores
368 1756 393 1791 ut
407 1743 488 1791 Romae
502 1755 597 1792 sumeret
611 1743 684 1792 multis
698 1744 875 1802 persuasionibus

93 1817 240 1867 hortabantur.
255 1817 343 1867 Dubius
361 1829 434 1866 autem
451 1836 526 1864 secum
544 1817 590 1875 ipse
608 1817 636 1865 ad
660 1836 715 1875 quos
738 1837 762 1865 se
780 1816 875 1866 flecteret

93 1893 169 1949 perdiu
183 1892 234 1941 luit.
250 1891 351 1940 Tandem
367 1908 417 1939 vero
429 1890 620 1939 ¹Columnensium
641 1890 733 1938 consilio
753 1903 774 1937 et
792 1890 875 1938 ratione

93 1985 144 2013 usus
159 1964 236 2013 urbem
251 1964 343 2012 Romam
359 1962 534 2023 praeponendam
550 1982 597 2010 esse
612 1962 731 2011 constituit.
748 1962 800 2011 Non
816 1963 875 2010 enim
938 2022 939 2025 Ἴ

54 2036 79 2084 25
95 2037 182 2085 deerant
197 2037 234 2097 qui
249 2035 342 2085 Parisius
356 2035 385 2084 ob
400 2034 572 2093 magnitudinem
586 2034 652 2083 studii
666 2054 691 2083 ac
706 2035 786 2093 regiam
800 2035 875 2084 sedem

93 2110 216 2168 eligendum
231 2130 277 2157 esse
292 2109 435 2157 consulerent.
451 2107 517 2156 Erant
532 2109 634 2166 utrinque
650 2128 705 2165 quae
720 2108 875 2166 persuaderent

92 2183 184 2243 rationes
194 2182 281 2230 multae.
293 2181 337 2229 Sed
347 2180 528 2229 Columnensium
538 2180 560 2248 in
571 2180 699 2228 sententiam
709 2179 774 2228 duxit·
781 2179 874 2237 dignitas

92 2255 158 2310 urbis,
174 2255 234 2314 quod
243 2256 334 2314 imperio
343 2274 394 2302 cum
404 2254 500 2312 polleret,
510 2254 533 2301 in
542 2272 567 2301 ea
576 2264 655 2318 poetae
661 2252 738 2301 donati
744 2252 815 2301 laurea
824 2271 874 2311 per·

92 2329 154 2379 multi
165 2342 243 2379 essent.
255 2327 324 2378 Duxit
335 2349 423 2387 quoque
434 2326 549 2377 auctoritas
561 2325 650 2375 Roberti
662 2325 725 2385 regis,
737 2325 774 2385 qui
786 2338 808 2374 et
818 2325 874 2376 Sici-

52 2401 79 2448 30
94 2401 133 2451 liae
147 2422 213 2460 regno
230 2402 315 2450 floreret
324 2414 353 2449 ‘et
369 2398 443 2459 preter
456 2401 496 2448 alia
512 2401 568 2449 vitae
578 2396 716 2453 ornamenta,
734 2418 789 2458 quae
800 2398 874 2446 multa

92 2489 162 2526 essent
171 2496 195 2525 ac
206 2468 269 2534 regia,
280 2473 303 2523 id
310 2474 497 2524 etiamassecutus
507 2484 569 2537 esset,
580 2471 641 2532 quod
650 2471 706 2528 inter
715 2471 795 2530 peritos
805 2469 874 2519 bona-

92 2567 140 2598 rum
151 2551 230 2599 artium
241 2569 266 2597 ac
277 2548 425 2615 philosophiae
437 2548 483 2606 ipse
494 2547 636 2606 peritissimus
648 2545 769 2600 haberetur,
782 2565 822 2594 nec
832 2545 874 2594 ista

100 2689 125 2726 111.
138 2689 166 2727 Cl.
178 2689 199 2727 Α.
211 2689 269 2727 saleni
288 2689 319 2734 (Le
330 2693 362 2727 vtae
374 2688 391 2725 di
403 2688 460 2729 Dante,
473 2688 548 2725 Petrarca
560 2701 568 2722 e
581 2687 664 2724 Boceaccio
673 2685 737 2730 (Storta
751 2685 785 2722 lett.
794 2685 874 2731 ditata),

51 2762 66 2789 a·
79 2749 126 2796 295).

52 2828 191 2841 ’,ὴ-..-

106 2875 122 2922 1.
135 2877 166 2926 Ex
180 2877 228 2925 valis
241 2898 291 2924 corr.
305 2878 346 2933 (sed
360 2884 380 2924 iu
394 2877 457 2922 indice
471 2895 509 2921 nou
523 2877 589 2932 corn).
662 2876 681 2922 Ζ.
700 2875 730 2922 Ex
745 2873 810 2921 valent
823 2893 874 2919 corr.

51 2940 69 2983 4»
82 2941 112 2989 Ex
127 2945 213 3001 quedam
227 2965 274 2991 corr.
330 2947 349 2990 6.
363 2943 393 2990 Ex
408 2944 471 2989 valem
485 2962 533 2989 corr.
591 2942 620 2989 1-4.
635 2942 666 2989 Ex
681 2943 705 2989 he
719 2962 768 2989 corr.
787 2991 789 2994 ,
813 2958 814 2961 ’
