2093 3253
71 251 73 253 ¹
137 199 177 244 20‘4
441 211 533 244 sicconrs
542 199 663 243 'Potentem

179 340 200 376 et
215 327 291 386 viginti
302 327 334 376 ad
342 326 408 385 pedes
420 326 463 375 alta
474 340 538 381 esset,
550 327 656 375 reconditi
668 339 726 375 sunt.
739 326 904 384 Conspiratores
915 347 966 378 vero

180 420 256 448 omnes
271 401 299 448 ad
314 420 384 448 unum
396 419 465 458 usque
477 411 514 447 aut
526 420 566 447 suo
578 411 615 447 aut
627 398 696 447 alieno
709 398 780 457 gladio
792 399 853 458 quasi
866 399 907 447 deo
918 401 966 451 vin·
1035 399 1042 403 ¹*

179 472 260 521 dictam
275 474 380 532 clamante
395 472 473 520 misere
487 471 594 520 interlecti
609 483 667 520 sunt.

222 545 300 604 Neque
315 563 373 600 vero,
388 545 425 604 qui
440 545 548 594 secundus
562 545 590 594 ab
604 566 630 594 eo
643 545 760 605 imperium
773 546 850 601 tenuit,
865 545 964 597 Octavia·
1032 536 1043 597 J

153 620 165 666 5
181 640 222 667 nus
236 620 348 676 Augustus
365 619 405 666 hoc
421 618 469 666 loco
485 619 635 677 pretermissus
651 618 703 678 serit.
720 618 804 666 Munus
820 619 909 677 quidem
925 620 965 668 hoc

178 691 278 741 versandi
293 692 315 740 in
330 690 406 740 litteris
418 712 451 746 ,ac
468 690 579 740 rscribendi
601 690 706 746 historias,
727 691 767 739 etsi
788 691 889 751 princeps
910 707 966 743 esset

179 766 237 814 orbis
253 785 277 814 ac
293 783 365 815 rerum
380 785 488 814 summam
503 765 598 820 haberet,
615 765 704 814 minime
718 778 844 824 aspernatus
860 778 899 814 est.
917 765 965 815 Iulii
1042 764 1045 799 ³,

180 837 277 886 Caesaris
293 857 361 897 nepos
378 837 412 886 hic
428 858 454 886 ex
469 837 513 886 filia
528 839 607 886 sororis
622 838 781 896 adoptivusque
797 838 854 886 filius
868 858 893 886 ac
905 839 965 888 heres

179 922 308 958 testamento
319 909 367 958 luit.
379 908 467 969 Quippe
478 909 551 959 Cesari
562 927 622 958 soror
635 909 688 959 Iulia
698 908 775 966 luerat,
787 930 842 971 quae
854 909 887 959 M.
898 909 965 960 Balbo
1042 903 1044 905 ’

141 984 167 1032 ll]
181 996 248 1041 nupta
260 983 327 1032 filiam
340 983 415 1032 habuit
426 983 509 1034 Aciam.
523 982 582 1031 Haec
594 984 643 1032 data
655 1001 709 1031 uxor
721 982 811 1032 Octavio
824 983 882 1031 hune
899 983 966 1032 edidit

179 1055 256 1111 filium,
269 1057 307 1114 qui
318 1055 414 1115 primum
425 1055 535 1111 Octavius,
547 1056 626 1104 deinde
636 1054 867 1125 avunculointerlecto
878 1054 962 1112 Caesar,

180 1142 290 1187 postremo
304 1128 431 1178 triumvirali
442 1129 535 1177 extincta
546 1128 639 1184 flamma,
650 1149 701 1177 cum
711 1128 769 1177 solus
782 1129 898 1187 imperium
909 1128 964 1178 obti·
1045 1171 1047 1174 .

180 1214 247 1256 neret,
268 1201 370 1259 singulari
390 1221 430 1259 pro
449 1200 581 1256 excellentia,
601 1200 712 1260 dignitate,
733 1201 815 1250 honore
834 1201 965 1252 Octavianus

180 1274 292 1333 Augustus
308 1274 428 1334 appellatus
444 1287 483 1323 est.
499 1274 624 1332 Augustum
639 1274 667 1323 ab
682 1276 781 1333 augendo
798 1275 887 1329 dictum,
904 1277 964 1334 quod

144 1347 168 1396 15
183 1348 300 1407 imperium
312 1346 378 1402 auxit,
391 1359 468 1407 putant
481 1346 550 1396 multi.
563 1347 680 1397 Suetonius
692 1365 743 1397 vero
755 1359 776 1397 et
788 1367 839 1397 cum
851 1347 964 1406 eoFestus

160 1436 161 1439 ’
180 1422 296 1481 Pompeius
314 1443 339 1470 ac
357 1422 415 1470 docti
434 1442 509 1470 omnes
527 1422 577 1471 ideo
595 1421 727 1482 appellatum
745 1422 840 1478 tradunt,
860 1423 920 1482 quod
937 1424 964 1472 ab

179 1509 245 1543 auctu
256 1496 290 1544 vel
302 1496 375 1544 avium
387 1508 449 1552 gestu
461 1508 552 1553 gustuve
563 1509 654 1553 augusta
665 1494 798 1554 appellarent
809 1495 856 1544 loca
868 1496 964 1554 religiosa

179 1568 202 1615 in
218 1568 297 1626 quibus
313 1567 419 1616 maiorum
435 1586 495 1616 more
511 1568 629 1627 quicquam
645 1580 749 1626 augurato
765 1582 922 1618 consecrarent.
1039 1561 1047 1585 l

160 1684 161 1687 ,
194 1661 195 1665 ’
222 1641 325 1689 Nascitur
339 1639 443 1689 Octavius
458 1641 499 1689 iste
510 1640 579 1689 Vllll
598 1640 714 1689 Kallendas
726 1640 834 1689 Octobres
845 1641 878 1690 M.
890 1641 963 1690 Tullio

139 1715 167 1762 20
182 1713 287 1762 Cicerone
298 1713 358 1762 etC.
370 1713 467 1761 Antonio
478 1713 611 1768 consulibus,
624 1734 668 1772 quo
679 1733 737 1762 anno
749 1713 855 1762 Catilinae
866 1715 965 1764 coniura-

179 1787 209 1834 tio
224 1799 245 1834 et
260 1784 366 1845 patefacta
380 1798 401 1834 et
415 1804 538 1844 compressa
552 1798 592 1834 est.
607 1786 676 1847 Pater,
691 1806 742 1835 cum
756 1806 838 1835 annum
849 1786 884 1834 hic
894 1800 965 1845 ageret

180 1870 289 1917 quartum,
304 1856 426 1916 migravite
442 1856 493 1906 vita.
511 1856 582 1906 Mater
600 1858 634 1906 M.
651 1857 759 1917 Philippo,
776 1858 823 1907 viro
840 1858 964 1913 clarissimo,

181 1942 249 1990 nupta
264 1944 304 1981 est.
320 1931 376 1980 Puer
386 1949 437 1979 vero
449 1930 485 1980 hie
494 1931 609 1990 adoptatus
620 1952 632 1979 a
645 1930 700 1980 lulio
711 1930 803 1981 Caesare
813 1932 964 1992 enutritusque

180 2017 204 2054 ut
219 2003 276 2053 filius
289 2017 310 2054 et
322 2006 383 2064 quasi
396 2004 514 2054 Caesarum
525 2026 538 2054 e
549 2003 630 2053 familia
642 2018 705 2053 natus
718 2018 780 2060 esset,
794 2004 872 2054 Caesar
884 2026 964 2064 cogno·
1041 1993 1047 2012 L

139 2078 167 2126 25
183 2090 256 2126 mento
265 2077 384 2137 appellatus
394 2089 433 2125 est.
443 2078 533 2126 Paterna
542 2096 593 2125 vero
603 2097 655 2136 gens
665 2077 755 2127 Octavia
764 2077 828 2127 dicta.
838 2077 869 2127 Ea
878 2078 964 2127 Velitris
1041 2085 1046 2141 ξ

181 2152 247 2210 stirpe
262 2152 406 2201 vetustissima
416 2152 514 2206 oriunda,
525 2151 603 2200 deinde
613 2151 636 2200 in
646 2151 724 2200 urbem
733 2151 832 2200 traducta
842 2165 964 2211 equestrem
1042 2172 1046 2203 t

181 2225 203 2272 in
218 2224 319 2273 ordinem
332 2224 420 2273 tandem
439 2225 505 2273 venit.
525 2223 655 2273 Octavianus
674 2243 725 2273 vero
743 2225 797 2282 ipse,
816 2244 867 2273 cum
885 2224 962 2273 caeteri
1043 2273 1047 2300 ξ

181 2295 274 2350 Octavii,
285 2296 335 2345 ideo
345 2296 464 2354 appellatus
474 2308 513 2351 est,
525 2296 585 2354 quod
596 2296 665 2355 gentis
676 2295 778 2345 Octaviae
789 2295 888 2345 omnium
897 2297 964 2345 maxi·
997 2336 999 2338 .

182 2391 230 2420 nius
244 2368 317 2420 luerit.
332 2367 419 2419 Nomen
429 2383 502 2419 autem
512 2369 625 2430 proprium
635 2369 654 2419 ei
666 2369 718 2419 Caio
729 2368 777 2420 luit.
790 2371 866 2429 Ipsum
876 2391 963 2430 quoque

140 2444 168 2492 30
184 2443 316 2498 Thurinum,
330 2464 381 2508 cum
393 2456 449 2492 esset
462 2443 540 2498 infans,
554 2464 610 2492 novo
623 2445 752 2501 cognomine
764 2444 907 2503 appellarunt.

223 2516 293 2565 Datus
307 2528 380 2565 autem
394 2515 476 2571 litteris,
490 2528 515 2563 ut
529 2536 584 2574 quae
593 2516 690 2564 attinent
703 2515 731 2565 ad
745 2515 800 2565 bella
815 2529 836 2565 et
849 2516 965 2576 imperium

181 2590 345 2648 pretermittam,
356 2589 385 2638 ita
396 2589 479 2638 studuit
490 2607 544 2649 puer
554 2589 614 2649 quod
625 2591 657 2638 vir
667 2589 746 2638 deinde
756 2587 826 2639 lactus
837 2589 859 2638 in
870 2588 965 2650 philoso-

181 2662 239 2722 phia,
251 2664 273 2712 in
284 2663 414 2722 eloquentia,
426 2663 448 2711 in
460 2662 522 2712 bonis
533 2662 615 2712 artibus
626 2663 685 2722 loqui
697 2683 760 2722 posse
771 2663 895 2712 doctissime
905 2662 965 2713 vide·

139 2762 282 2770 ———-—-r·

178 2802 204 2840 l5.
217 2803 263 2841 Suet.
275 2804 317 2848 Aug.
331 2806 347 2842 7.
399 2803 425 2840 15.
438 2802 488 2845 Fest,
500 2817 517 2846 p.
533 2803 538 2838 l
553 2802 580 2840 M.
631 2803 658 2840 19.
671 2803 721 2840 Suet..
730 2805 772 2849 Aug.
785 2804 802 2841 5,

139 2884 283 2891 *—

182 2920 199 2964 l.
217 2918 248 2964 Ex
267 2917 379 2963 reconditae
397 2937 446 2962 corr.
504 2918 533 2963 16.
552 2917 597 2962 ideo
615 2917 753 2973 appellatum)
772 2924 786 2963 i.
805 2935 828 2969 r.;
847 2937 870 2964 ex
889 2917 965 2962 dictum

138 2991 205 3030 statim
219 3003 268 3030 corr.
310 2986 342 3030 23.
356 2984 514 3038 enutritusque...
524 2982 614 3042 la(milia)
622 2990 635 3029 ι’.
645 3003 667 3035 r.;
675 2984 742 3042 eratss.
749 2982 802 3030 filius
809 2985 907 3030 enutritus
915 2993 965 3028 est...
