2093 3253
153 181 194 225 300
458 195 549 225 srcconrs
563 195 678 226 rounnronr

239 309 312 358 Homo
324 322 369 357 erat
381 309 428 364 iste,
441 322 465 357 ut
478 309 577 368 colligam
589 310 670 369 paucis,
684 308 750 358 nobili
768 309 849 359 familia
866 323 929 359 natus
946 314 983 363 sed
1045 314 1047 316 ’

196 384 298 431 omnibus
310 383 408 430 imbutus
420 383 503 430 artibus
516 382 557 429 illis
570 404 625 442 quae
638 384 745 432 sceleratis
758 403 804 431 esse
817 384 865 430 usui
878 396 900 430 et
912 397 983 441 gratae
1046 378 1047 381 Ἴ

196 455 273 504 solent.
287 455 350 504 Hanc
363 471 414 504 vero
427 455 491 503 istam
503 454 532 503 ob
558 474 620 514 spem
633 456 676 504 iam
689 454 723 504 bis
735 454 826 514 petierat
840 453 982 514 consulatum,

197 542 255 578 ratus
270 529 343 578 omnia
354 528 395 576 sibi
408 548 510 587 prospere
521 548 653 584 successura,
666 530 683 577 si
696 530 762 578 modo
773 529 881 578 consulari
892 531 983 587 imperio

170 603 182 649 5
198 603 310 660 potiretur,
321 602 435 660 presertim
446 602 487 649 hoc
496 615 594 659 tempore
604 622 655 651 cum
665 601 737 650 nullus
747 603 770 650 in
785 615 841 650 terra
858 601 925 656 ltalia,
936 603 983 651 nulss

197 673 231 722 lus
242 675 265 722 in
276 673 395 732 provinciis
407 673 511 732 proximis
523 675 628 722 exercitus
640 686 696 722 esset
707 675 745 733 qui
757 695 820 733 posse
832 674 929 722 resistere
941 676 984 725 suis
1045 702 1046 705 ¹

197 745 310 795 conatibus
325 746 442 796 videretur.
457 746 533 796 Pacata
547 747 636 806 quidem
652 748 725 796 omnia
739 747 821 796 circum
835 760 856 796 et
870 746 983 814 tranquilla
1045 748 1047 750 ³

198 832 265 869 erant.
284 819 396 878 Quicquid
417 833 489 868 autem
502 839 613 869 armorum
625 833 673 869 tum
686 820 781 879 populus
794 820 905 869 Romanus
919 812 984 870 habe·

198 894 241 946 bat,
253 892 276 940 id
286 906 358 940 totum
369 892 424 940 duce
435 892 538 950 Pompeio
550 892 632 940 bellum
643 894 666 940 in
680 893 832 941 Mithridatem
847 893 875 940 ad
890 905 983 942 extrema

158 965 184 1013 l0
199 977 255 1013 terre
267 965 290 1013 in
305 964 356 1014 Asia
368 977 390 1012 et
401 963 470 1013 Ponto
482 964 576 1023 gerebat.
587 965 707 1016 Audaciam
719 986 807 1024 quoque
819 964 912 1014 addebat
925 965 982 1014 Cati-

197 1038 253 1087 linae
264 1038 324 1097 quod
335 1057 384 1096 pars
396 1057 473 1095 magna
484 1035 553 1096 plebis
564 1058 597 1086 res
608 1059 674 1088 novas
685 1052 772 1087 senatus
783 1037 834 1087 odio
844 1051 933 1098 cuperet
944 1060 981 1088 nec

196 1110 283 1169 Syllana
293 1109 376 1164 militia,
387 1111 448 1169 quod
457 1123 513 1164 esset
523 1123 585 1168 rapto
594 1111 666 1160 vivere
675 1124 767 1166 assueta,
778 1111 896 1171 quicquam
905 1131 981 1169 expec-

195 1197 249 1231 taret
264 1183 348 1232 avidius
364 1202 430 1241 quam
445 1184 557 1231 intestinas
572 1183 690 1231 discordias
705 1196 726 1231 et
741 1183 797 1231 bella
812 1182 882 1231 civilia
897 1184 981 1232 exoriri.

196 1255 277 1303 Aderat
291 1256 357 1304 etiam
369 1255 410 1303 sibi
422 1254 496 1305 lavens
508 1269 573 1315 atque
584 1255 681 1314 propicia
693 1257 763 1304 omnis
775 1255 893 1304 nobilitatis
905 1256 981 1305 lasciva

158 1330 182 1378 l5
199 1330 306 1384 iuventus;
318 1328 406 1377 aderant
418 1327 488 1377 alieno
499 1348 547 1377 aere
559 1329 646 1387 gravati,
658 1328 704 1389 qui,
716 1350 743 1378 ne
754 1329 837 1393 solvere
848 1329 982 1388 cogerentur,

197 1403 261 1451 everti
276 1402 348 1451 omnia
361 1401 484 1460 cupiebant;
497 1402 585 1450 aderant
599 1422 673 1450 omnes
687 1402 781 1461 denique
794 1421 866 1452 rerum
879 1420 982 1452 novarum

196 1475 277 1532 cupidi,
293 1473 397 1531 sacrilegi,
413 1474 538 1531 parricidae,
554 1472 619 1528 iures,
636 1473 734 1529 infames,
751 1473 860 1532 flagiciosi,
877 1494 942 1522 omne
954 1474 982 1522 ad

196 1547 265 1597 scelus
278 1548 370 1597 audaces
384 1559 405 1596 et
418 1547 521 1605 prompti.

199 1632 200 1635 ’
233 1617 400 1669 Ἐοηὶυτᾱῒίοηίε
415 1633 488 1669 autem
503 1621 615 1669 conscium
630 1622 726 1678 primum
741 1620 792 1668 lecit
807 1620 831 1669 P.
847 1619 981 1669 Cornellium

155 1695 185 1741 le
200 1693 318 1742 Lentulum
334 1693 419 1741 Suram.
433 1692 500 1741 Paulo
513 1705 563 1741 ante
576 1693 611 1740 hic
625 1692 738 1741 consulatu
752 1693 780 1740 ob
794 1693 876 1740 crimen
889 1705 980 1746 amotus,

197 1786 255 1815 nunc
269 1779 355 1826 praetor
364 1765 460 1815 urbanus
469 1779 520 1816 erat.
530 1765 595 1815 Hunc
604 1766 694 1825 quidem
702 1787 746 1815 non
755 1766 851 1815 incitavit
865 1779 889 1814 ut
905 1766 928 1814 in
936 1784 981 1814 rem

197 1839 307 1898 publicam
320 1839 459 1897 conspiraret,
474 1839 511 1898 qui
525 1839 645 1895 videbatur,
660 1840 683 1888 in
696 1839 813 1889 Catilinam
826 1857 893 1894 amor,
908 1839 946 1887 sed
960 1840 981 1886 in

197 1933 259 1971 spem
273 1925 383 1961 erexerant
394 1912 494 1970 Sybillini
505 1912 561 1966 libri,
572 1913 610 1971 qui
621 1913 769 1971 praedicerent
779 1912 879 1966 futurum
889 1932 915 1961 eo
925 1932 981 1960 anno

196 1986 256 2044 quod
266 1986 342 2034 tertius
354 2005 365 2033 e
376 1997 439 2043 gente
451 1984 559 2035 Cornellia
571 1986 692 2044 imperaret.
705 1985 733 2035 Se
746 2006 832 2045 nanque
844 2006 856 2034 e
868 1983 981 2034 Cornelliis

155 2060 182 2109 25
198 2060 287 2108 tertium
300 2058 362 2108 illum
375 2059 413 2118 qui
427 2072 482 2107 esset
496 2071 622 2116 regnaturus
635 2071 685 2119 post
699 2058 780 2117 Syllam
794 2072 815 2108 et
829 2058 922 2108 Cinnam
936 2078 981 2107 esse

196 2133 293 2190 putabat.
309 2132 395 2179 Deinde
410 2131 493 2179 consilii
508 2132 622 2189 participes
637 2144 698 2179 erant
716 2132 739 2179 P.
754 2132 870 2185 Antonius,
886 2131 912 2179 L.
928 2131 980 2179 Cas-

196 2206 240 2252 sius
255 2204 351 2261 Longus,
366 2203 391 2250 C.
405 2202 521 2259 Cethegus,
534 2203 558 2251 P.
571 2203 658 2260 Sergius
671 2202 737 2259 Sylla,
750 2202 820 2260 Sergii
832 2202 904 2261 Syllae
916 2201 979 2256 filius,

197 2278 222 2326 L.
238 2274 389 2335 Vargunteius,
402 2274 430 2333 Q
440 2275 533 2331 Annius,
546 2276 579 2326 M.
591 2276 679 2325 Porcius
691 2277 754 2331 Leca,
767 2276 793 2325 L.
805 2276 883 2330 Bestia.
895 2276 923 2333 Q.
936 2276 980 2324 Cu-

196 2351 248 2404 rius:
263 2369 338 2398 omnes
352 2349 374 2396 bi
387 2362 503 2397 senatores.
517 2348 617 2407 Equestri
630 2362 703 2397 autem
716 2369 742 2397 ex
755 2349 831 2396 ordine
844 2349 877 2397 M.
892 2348 980 2397 Fulvius

153 2423 183 2469 30
198 2421 305 2475 Nobilior,
317 2421 343 2468 L.
349 2419 458 2475 Statilius,
470 2420 493 2468 P.
505 2419 612 2469 Gabinius
624 2420 709 2479 Capito,
720 2419 747 2468 C.
758 2419 888 2469 Cornellius.
898 2420 981 2469 Omnes

196 2495 248 2542 istos
262 2507 328 2552 atque
339 2492 391 2541 alios
404 2492 477 2541 multis
490 2493 616 2552 magnisque
627 2493 739 2551 promissis
750 2512 775 2540 ac
786 2513 825 2552 spe
837 2492 929 2542 maxima
940 2492 981 2541 im-

196 2566 290 2625 pleverat
306 2564 405 2615 Catilina.
421 2565 508 2624 Nempe
523 2586 577 2624 quas
592 2578 680 2624 cuperet
696 2566 789 2625 quisque
803 2565 932 2624 prouincias,
948 2585 980 2612 sa·

196 2639 300 2693 cerdocia‚
317 2639 461 2696 magistratus,
477 2638 576 2693 honores,
592 2657 644 2696 opes
660 2639 788 2696 promiserat
803 2659 847 2687 non
862 2658 889 2686 ex
903 2636 980 2686 suffra-

196 2712 236 2770 giis
250 2712 348 2760 tribuum
359 2711 398 2759 sed
409 2731 450 2770 pro
460 2711 571 2761 voluntate
581 2725 603 2761 et
614 2711 703 2761 arbitrio
714 2732 738 2761 se
749 2712 858 2760 daturum.
870 2711 921 2760 Erat
933 2710 981 2769 qui·

166 2936 168 2944 2
197 2899 330 2954 l.c(olligam)
341 2905 354 2944 i.
365 2918 388 2949 r.;
398 2918 421 2944 ex
431 2899 530 2952 p(aucis.³)
540 2905 606 2943 statim
616 2917 664 2943 corr.
719 2901 738 2944 9.
748 2897 779 2945 Ex
793 2892 918 2944 Mitridatem
932 2915 981 2942 corr.

156 2967 187 3013 l9.
201 2967 231 3013 Ex
246 2968 335 3011 conscios
348 2984 398 3010 corr.
454 2965 486 3012 28.
501 2965 573 3011 Curius
587 2972 601 3011 i.
615 2984 640 3011 m.
655 2965 700 3024 odd.
980 2971 982 2973 ’
