2093 3253
275 191 406 224 SCRIPTORUM
420 191 546 224 ILLUSTRlUM
559 205 573 210 -
587 193 644 224 LIBER
658 194 686 224 VI.
852 179 889 227 179

106 332 171 373 quam
186 309 242 359 dicta
253 326 331 367 parum
342 307 427 356 erudito
437 319 474 356 aut
485 308 606 358 semidocto
616 308 644 358 ab
656 307 751 365 homine,
762 328 845 366 verum,
856 311 888 359 uti

106 400 149 437 erat
164 403 246 437 verum,
261 402 348 430 summo
363 380 458 440 quodam
474 380 559 430 dicendi
574 403 587 431 a
603 382 705 441 magistro
719 396 785 443 atque
799 383 846 443 ipsa
860 382 888 433 ab

105 478 152 507 arce
166 453 301 512 eloquentiae
316 451 412 509 prolecta
429 453 474 500 sine
490 453 557 501 dubio
574 454 705 503 viderentur.

146 527 243 585 Scriptos
257 537 331 574 autem
345 524 372 572 ab
387 546 412 572 eo
428 523 493 573 libros
508 524 595 584 reliquit
610 526 637 574 de
651 539 697 574 arte
711 525 823 582 rhetorica,
838 527 888 575 reli·

79 608 91 655 5
106 604 154 663 quit
168 601 195 649 de
209 597 352 658 philosophia,
364 597 451 656 reliquit
462 598 558 647 Romana
570 600 597 647 de
608 600 703 648 historia.
717 600 794 659 ingens
806 601 888 660 quippe

104 677 127 725 id
141 693 203 733 opus.
219 673 281 720 Duos
296 672 355 719 enirn
370 671 409 718 hac
424 671 451 720 de
466 689 488 719 re
503 671 569 719 libros
589 691 653 730 supra
673 673 734 741 CXL
753 675 845 739 scripsit.
862 674 887 723 In

105 747 184 808 quibus
195 746 224 793 ita
236 756 332 793 versatus
343 756 375 793 est
386 744 446 802 quod
457 744 520 801 longe
531 744 657 803 plusquam
679 758 716 795 aut
727 746 769 794 dici
780 759 818 795 aut
829 748 887 804 cogi·

105 822 143 871 tari
154 819 222 878 possit
233 830 254 866 et
265 818 287 865 in
299 817 405 865 narrando
416 818 470 865 etin
482 818 630 866 concionando
640 818 733 884 iocunda
744 827 790 867 'esse
801 819 886 868 dicendi

105 893 210 954 quaedam
219 911 244 940 ac
254 890 308 939 mira
317 889 410 939 suavitas
420 888 525 939 videatur.
536 889 608 939 Nemo
618 890 708 949 quidem
716 890 806 941 affectus
816 891 887 941 homi-

67 970 92 1017 10
107 986 160 1015 num
167 964 251 1016 melius,
259 976 323 1010 nemo
331 981 377 1009 rem
384 962 450 1021 ullam
458 963 550 1010 lucidius
558 962 678 1019 explicavit.
686 956 747 1011 Nihil
755 976 787 1011 est
794 973 887 1022 usquam

104 1040 131 1089 ab
146 1060 171 1087 eo
186 1037 269 1085 dictum
284 1035 392 1095 languide,
408 1035 461 1083 nihil
476 1035 554 1090 ieiune,
570 1035 623 1083 nihil
638 1034 712 1091 lracte,
727 1036 781 1084 nihil
795 1037 886 1096 plebeie‚

104 1112 141 1161 sed
154 1110 218 1160 verba
231 1110 260 1157 ita
274 1121 324 1157 sunt
337 1109 418 1167 passim
431 1122 452 1156 et
465 1108 530 1156 rebus
543 1122 565 1156 et
578 1109 675 1167 personis
688 1110 849 1158 accommodata
862 1123 886 1159 ut

104 1185 140 1242 qui
155 1184 220 1230 etiam
232 1182 295 1239 periti
308 1194 358 1228 sunt
370 1201 395 1227 ac
406 1181 501 1228 iudicare
514 1181 546 1227 his
559 1182 586 1228 de
599 1182 662 1228 rebus
675 1202 726 1229 sane
737 1193 762 1247 ac
774 1201 823 1230 vere
835 1202 886 1244 pos-

104 1268 154 1304 sunt
172 1267 193 1303 et
212 1254 343 1312 obstupeant
361 1266 382 1302 et
401 1253 535 1301 admirentur
554 1253 698 1302 vehementer.
718 1253 834 1303 Enimvero
852 1274 886 1303 res

65 1331 89 1379 15
105 1348 180 1386 magna
191 1327 338 1384 mirabilisque
348 1347 373 1375 ac
384 1327 520 1391 obstupenda
531 1328 616 1375 videtur
626 1339 711 1375 tantum
722 1348 784 1385 opus,
795 1341 828 1377 tot
837 1341 885 1376 tan=

102 1403 173 1458 tisque
183 1401 210 1447 de
221 1400 292 1453 rebus,
303 1412 363 1447 tanto
374 1419 425 1447 cum
435 1413 519 1453 ornatu,
530 1400 639 1456 gravitate,
651 1401 713 1466 copia
723 1399 756 1447 vel
767 1400 794 1447 ab
805 1421 831 1448 eo
841 1422 886 1448 uno

103 1475 206 1531 scriptore
224 1473 285 1521 annis
305 1474 349 1521 suis
368 1472 474 1530 omnibus
488 1474 553 1521 etiam
571 1473 682 1530 triplicatis
702 1473 735 1522 vel
754 1474 854 1522 omnibus
873 1494 885 1522 a

103 1546 242 1606 scriptoribus
257 1559 302 1595 tam
316 1546 412 1595 celeriter
424 1559 512 1605 tamque
524 1547 598 1605 paucis
610 1546 672 1594 annis
684 1546 787 1605 compleri
799 1568 824 1596 ac
836 1566 885 1606 per·

103 1621 136 1669 fici
147 1620 250 1678 potuisse.
261 1620 325 1668 Unus
335 1620 424 1678 quidem
434 1620 519 1668 videtur
529 1639 575 1668 esse
585 1620 630 1678 qui,
641 1620 685 1668 sive
695 1638 768 1668 rerum
778 1622 885 1678 magnitu-

63 1694 90 1739 211
105 1694 178 1740 dinem
187 1704 209 1739 et
218 1693 304 1749 copiam
313 1693 358 1740 sive
367 1692 433 1739 altam
442 1712 466 1739 ac
477 1710 544 1749 prope
551 1693 650 1740 divinam
660 1693 805 1749 eloquentiam
814 1695 885 1740 consi-

102 1767 210 1813 deratione
223 1766 363 1823 percipimus,
374 1766 474 1822 omnium
484 1766 614 1822 scriptorum
625 1765 662 1823 qui
674 1765 715 1812 hoc
727 1766 750 1812 in
761 1783 837 1823 genere
847 1779 886 1814 aut

101 1838 188 1886 luerunt
200 1852 250 1887 ante
261 1840 336 1898 ipsum
346 1851 383 1887 aut
395 1839 498 1886 memoria
510 1858 548 1886 sua
559 1839 659 1886 vixerunt
670 1851 708 1886 aut
719 1850 768 1896 post
779 1859 830 1887 eum
841 1838 884 1887 ulla

101 1923 168 1958 aetate
183 1924 267 1959 nostras
282 1911 310 1958 ad
324 1912 370 1959 dies
385 1930 455 1968 usque
470 1910 589 1959 floruerunt
604 1923 641 1958 aut
655 1912 793 1969 impresentia
808 1911 885 1959 florent

101 1976 188 2037 omnem
199 1983 292 2039 laudem,
301 1982 389 2039 lamam,
400 1983 490 2042 gloriam
499 1984 615 2042 superavit.
627 1983 726 2046 Similem
733 2002 784 2033 vero
794 1984 813 2033 ei
824 1982 884 2033 lutu-

61 2053 86 2100 25
102 2075 150 2103 rum
159 2077 292 2115 quemquam
301 2057 368 2115 magis
378 2056 545 2104 desiderandum
554 2077 599 2104 esse
609 2077 674 2115 quam
683 2056 814 2115 sperandum
823 2069 885 2115 puto.

102 2127 158 2176 Illud
169 2142 242 2178 autem
253 2130 376 2178 existimant
387 2130 449 2187 periti
461 2149 543 2183 omnes,
555 2130 615 2188 quod
626 2130 685 2187 apud
696 2130 792 2184 Latinos,
803 2131 835 2178 uti
846 2126 884 2177 Ci-

100 2220 148 2248 cero
163 2203 278 2251 oratoriam
292 2202 320 2250 ad
334 2221 387 2257 rem,
409 2203 441 2250 uti
456 2202 558 2260 Virgilius
572 2202 600 2250 ad
614 2202 704 2262 poetica,
719 2203 749 2250 ita
763 2216 836 2251 noster
849 2201 885 2249 hic

68 2315 70 2318 ,
100 2273 128 2321 Τ.
144 2274 218 2323 Livius
231 2276 377 2324 exornandam
389 2275 417 2323 ad
429 2275 542 2324 historiam
553 2277 581 2323 sit
593 2288 655 2323 natus
668 2288 690 2324 et
702 2267 776 2324 divino
789 2275 885 2341 quodam

101 2366 196 2400 munere,
207 2349 281 2405 gratia,
292 2348 381 2395 consilio
392 2348 455 2395 nobis
464 2348 534 2395 datus.
545 2348 660 2404 Summam
668 2349 757 2406 quidem
765 2360 787 2395 et
795 2348 885 2405 gratiam

0 2467 1 2472 ,
60 2414 87 2463 30
101 2431 122 2465 et
137 2414 260 2468 facultatem
271 2420 357 2468 dicendi
368 2440 394 2468 eo
404 2421 427 2468 in
437 2438 515 2480 genere
525 2434 601 2468 natura
611 2420 652 2467 sibi
663 2421 750 2478 elargita
760 2433 799 2468 est.
812 2425 814 2428 ’

140 2492 213 2550 Atque
227 2493 282 2541 illud
294 2506 316 2540 et
328 2494 391 2542 Plinii
403 2506 425 2541 et
438 2494 566 2550 Hieronymi
578 2494 702 2541 testimonio
714 2494 765 2541 satis
777 2512 802 2541 ac
814 2494 883 2541 mani-

99 2561 154 2611 festo
173 2577 264 2619 constat,
285 2567 345 2622 quod
367 2565 507 2614 excellentem
528 2565 556 2613 ob
577 2564 657 2614 lamam
678 2566 812 2623 eloquentiae
832 2585 884 2613 suae
947 2608 953 2627 3

61 2670 201 2682 κ-

93 2731 121 2770 31.
133 2733 174 2774 Plin.
186 2736 216 2781 Ep.
230 2737 250 2775 11.
264 2737 281 2775 3.
294 2736 311 2774 8.
361 2737 389 2775 31.
404 2737 450 2780 Vah.
463 2736 519 2781 Prael-
532 2737 603 2776 Paulino.

61 2827 201 2839 R—

99 2890 117 2935 3.
136 2889 207 2945 Coepit
227 2892 326 2938 videretur
338 2893 425 2938 scribere.
483 2892 513 2939 14.
527 2911 557 2938 res
572 2913 643 2948 magna
657 2900 669 2939 ἰ.
685 2914 700 2939 r.
759 2893 788 2940 15,
803 2895 884 2940 Rasum

60 2964 102 3004 1)οεί
114 2968 150 3009 tot;
165 2968 206 3003 erat
221 2965 274 3015 que?
330 2960 362 3006 3l.
376 2961 444 3013 Atque
458 2960 507 3006 illud
521 2968 577 3023 1’.¹r.;
591 2971 634 3007 erut
650 2960 702 3006 Illud
715 2968 795 3008 autem?
