2093 3253
252 165 386 199 sannionum
400 164 527 197 unnsrnruu
539 174 554 180 —
568 163 626 196 1111111
640 164 660 196 v.
830 149 867 196 147

85 285 173 335 ducum,
185 292 233 328 tum
244 292 268 339 ut
280 298 356 326 eorum
366 290 478 338 renovaret
490 279 616 326 memoriam
627 296 721 335 quorum
732 278 832 335 auspiciis
843 300 869 327 ac

85 356 163 403 virtute
174 353 243 401 Roma
253 351 354 410 gentibus
364 352 485 409 imperaret,
496 363 544 399 tum
554 359 578 399 ut
588 348 701 408 speculum
711 370 735 398 ac
745 352 869 409 exemplum

85 438 156 476 essent
170 437 192 472 et
207 423 248 472 sibi
263 424 317 471 dum
326 423 407 471 viveret
417 435 438 471 et
448 423 536 471 caeteris
547 417 751 482 00111101110110111
760 423 868 482 principes

85 513 106 549 et
120 517 232 546 summum
246 497 276 544 rei
291 496 390 555 publicae
405 496 556 554 gubernandae
571 497 688 553 imperium
701 514 726 543 ac
740 508 869 554 potestatem

60 575 71 624 5
87 571 197 620 haberent.
215 569 321 627 Imagines
332 569 422 627 quidem
432 567 510 616 multas
520 588 545 616 ac
555 565 709 626 pulcherrimas
720 580 800 616 statuas
810 581 832 617 et
841 569 869 616 ad

85 642 216 693 intuendum
228 654 249 691 et
260 642 289 691 ad
300 641 431 691 imitandum
443 662 487 690 non
501 642 571 691 Latini
585 642 650 690 modo
663 641 701 691 sed
714 641 791 691 Graeci
804 643 869 692 etiam

85 737 110 765 ac
124 715 227 764 barbarae
246 715 343 762 nationes
354 720 383 762 'et
401 716 483 773 private
502 729 523 762 et
542 714 628 773 publice
646 728 769 763 tenuerunt.
789 715 868 763 Nostra

86 809 173 848 quoque
180 800 252 835 sancta
259 800 280 835 et
286 788 406 835 hortodoxa
412 788 518 845 permittit
523 787 612 835 ecclesia
619 787 734 835 hominum
745 800 869 835 sanctorum

86 883 130 910 non
145 861 234 918 scriptas
249 860 314 908 modo
328 861 381 908 vitas
396 860 434 908 sed
448 860 551 919 imagines
566 860 630 908 etiam
644 860 711 918 pictas
726 858 868 915 haberitum

50 939 74 987 tt]
88 948 112 984 ut
128 934 163 982 dei
179 946 309 982 exornentur
324 933 411 992 templa,
428 946 476 982 tum
491 946 516 983 ut
531 934 638 982 intuentes
655 952 782 982 veneremur
796 933 869 982 beatas

86 1008 167 1055 animas
188 1007 574 1063 incitemurque''commemoratione
595 1007 688 1053 nominis
710 1018 731 1053 et
752 1006 869 1053 sanctitatis

86 1098 162 1128 eorum
176 1079 205 1126 ad
220 1078 275 1127 hene
290 1079 408 1128 vivendum
423 1091 489 1138 atque
504 1078 598 1127 nitamur
613 1097 689 1126 eorum
705 1070 766 1137 sedni
781 1079 870 1137 vestigia
909 1091 911 1094 '

87 1154 124 1211 qui
137 1166 188 1201 sunt
201 1153 300 1200 omnium
313 1152 422 1210 opinione,
435 1152 485 1207 fide,
499 1153 580 1201 iudicio
592 1165 701 1200 aeternam
713 1152 870 1200 beatitudinem

86 1226 184 1274 assecuti.
468 1239 469 1242 ’

51 1301 74 1349 15
131 1298 247 1346 Caeterum
261 1300 279 1345 si
294 1299 343 1356 quis
351 1300 477 1347 universum
485 1298 581 1346 officium
589 1319 613 1345 ac
621 1299 668 1346 vim
674 1309 761 1346 omnem
770 1298 870 1346 historiae

87 1372 182 1420 intuetur
192 1385 213 1420 et
223 1392 274 1420 sane
283 1371 411 1426 considerat,
421 1371 483 1420 facile
492 1371 591 1429 intelligit
600 1384 666 1430 atque
674 1370 753 1420 latetur
762 1371 809 1420 sine
817 1393 869 1420 con-

88 1444 189 1492 troversia
207 1441 255 1492 eam
271 1443 420 1502 philosophiae
437 1464 504 1492 unam
520 1457 585 1502 atque
603 1443 770 1502 pulcherrimam
787 1456 870 1502 partem

87 1535 140 1563 esse.
154 1516 179 1562 ln
195 1514 296 1563 ‘moribus
316 1517 406 1573 quidem
425 1514 635 1563 versaturhistoria.
656 1515 699 1571 Qui
722 1516 780 1563 enim
799 1516 870 1573 philo-
910 1521 914 1529 ’
937 1573 938 1576 ¹

88 1589 149 1647 sophi
166 1601 216 1637 sunt
231 1602 252 1637 et
268 1590 356 1638 nomine
372 1589 456 1638 Graeco
473 1589 549 1638 Ethici
559 1588 701 1648 appellantur,
713 1589 735 1637 hi
746 1608 789 1649 qua
799 1590 870 1638 vivere

49 1664 75 1710 20
90 1659 182 1721 quisque
192 1659 271 1711 debeat
279 1664 368 1717 ratione,
384 1684 428 1721 quo
444 1663 540 1717 consilio,
557 1683 599 1721 qua
614 1663 729 1720 prudentia
740 1661 871 1728 quocunque

88 1733 109 1780 in
122 1753 201 1799 genere
217 1734 273 1782 vitae
288 1746 310 1782 et
325 1733 425 1791 gravibus
441 1734 547 1792 preceptis
563 1746 584 1782 et
599 1733 672 1782 multis
688 1734 870 1792 disputationibus

88 1806 201 1866 explicant.
218 1806 261 1864 Qui
279 1820 351 1864 autem
369 1807 410 1854 hoc
426 1820 538 1856 versantur
555 1808 577 1855 in
595 1807 668 1855 studio
685 1820 707 1855 et
717 1807 814 1855 scribunt
825 1808 868 1856 his-

87 1881 159 1935 torias,
181 1880 203 1928 hi
224 1881 336 1929 vetustatis
352 1897 474 1940 expressam
490 1901 578 1928 omnem
593 1880 681 1928 tradunt
696 1879 789 1939 effigiem
798 1901 823 1929 ac
834 1901 870 1930 ve·

88 1965 159 2001 terum
174 1966 232 2011 gesta
247 1973 272 2002 ea
287 1966 359 2002 mente
374 1967 544 2002 commemorant
559 1953 590 2007 ut,
607 1953 792 2012 quemadmodum
808 1967 871 2013 saepe

5 2068 7 2072 .
50 2025 76 2072 25
90 2026 133 2072 iam
143 2026 195 2080 dixi,
206 2026 270 2073 simul
281 2039 302 2081 et
312 2027 384 2074 vivant
395 2027 474 2074 mortui
485 2026 535 2074 clari
545 2027 585 2074 viri
595 2025 653 2073 lama
662 2026 756 2073 nominis
766 2046 791 2073 ac
799 2044 872 2073 rerum

89 2110 197 2155 gestarum
213 2099 316 2147 memoria
327 2100 457 2158 sempiterna
469 2111 490 2148 et
501 2119 556 2158 quae
568 2111 619 2147 sunt
630 2099 723 2148 tenenda
734 2099 823 2157 vestigia
831 2098 870 2147 ho·

89 2172 173 2220 minum
188 2173 317 2230 sapientum,
331 2194 356 2221 ea
369 2174 499 2231 quacunque
512 2173 535 2221 in
548 2192 571 2220 re
584 2172 685 2221 obeunda
697 2171 801 2231 exemplis
814 2172 871 2231 opti-

90 2245 129 2290 mis
145 2247 242 2302 posteros
258 2246 356 2293 doceant.
371 2245 459 2302 Quippe
473 2259 540 2302 genus
556 2245 676 2293 humanum
691 2246 774 2293 ducunt
787 2245 815 2292 ad
828 2246 871 2293 vir·

89 2329 158 2365 tutem
170 2317 234 2366 ambo
246 2317 285 2366 sed
297 2317 319 2365 hi
331 2318 480 2366 vehementius
492 2332 580 2367 movent
592 2331 613 2376 et
625 2318 720 2376 quadam
731 2316 871 2366 delectatione

50 2388 77 2437 30
91 2410 115 2439 ac
127 2392 261 2445 iocunditate,
271 2406 354 2441 mentes
366 2392 469 2441 alliciunt.
484 2392 517 2441 Illi
530 2398 618 2451 quoque
630 2413 680 2441 cum
692 2393 823 2441 ratione'aut
834 2412 872 2440 co·

89 2462 176 2513 lendam
189 2466 292 2514 virtutem
306 2479 343 2514 aut
357 2465 460 2524 fugienda
474 2467 526 2514 vitia
540 2465 687 2523 exhortantur,
701 2465 829 2523 confugiunt
843 2466 871 2513 ad
938 2482 940 2484 ’

89 2536 140 2586 istos
149 2558 189 2587 nec
197 2556 274 2597 parum
282 2558 305 2587 se
312 2538 402 2597 adeptos
411 2551 488 2597 putant
496 2539 514 2587 si
522 2559 577 2598 quae
586 2538 678 2587 dixerint
686 2538 734 2597 ipsi,
743 2558 767 2587 ea
774 2550 873 2587 veterum

89 2610 188 2680 exemplo
201 2611 249 2682 ullo
260 2610 367 2660 affirmare
381 2625 468 2671 queant.
483 2611 621 2660 Documenta
635 2612 693 2660 enim
707 2611 793 2660 vivendi
805 2610 873 2684 tradit

89 2695 181 2743 uterque
195 2705 235 2732 nec
249 2703 271 2732 re
285 2683 389 2732 differunt
401 2684 442 2732 alia
456 2685 478 2732 ni
494 2684 553 2743 quod
567 2685 638 2733 vivere
652 2684 682 2732 illi
696 2685 822 2743 praeceptis,
836 2683 873 2732 isti

85 2815 100 2853 5.
114 2815 149 2855 Cic.
162 2816 211 2857 Arch.
227 2818 253 2855 14.

51 2891 91 2900 N

92 2897 192 2906 Ἠ

92 2932 121 2976 17.
136 2952 196 2979 unam
210 2954 233 2980 ex
248 2934 418 2990 pulcherlrimam)
433 2942 499 2980 statim
513 2955 562 2979 0011
