2093 3253
111 176 143 226 44*
410 202 503 232 sicconis
516 195 635 234 roruurorvr
690 195 692 199 ⁴

154 312 242 363 deflent.
259 313 397 363 lnventorem
409 314 492 373 generis
506 314 569 364 huius
581 315 618 364 alii
631 315 800 375 Colophonium,
813 317 848 366 alii
860 317 938 366 Archi·
1012 308 1035 380 s}

154 385 227 435 locum
244 408 290 449 esse
306 400 391 448 putant.
409 387 466 438 Sunt
482 389 547 439 etiam
564 390 636 448 satyri,
654 390 757 439 vitiorum
774 391 938 450 reprehensores
1013 389 1033 448 {3

154 459 211 514 duri;
226 473 278 508 sunt
287 460 355 518 lyrici3
365 473 417 508 sunt
426 460 545 510 buccoloci.

196 531 260 582 Adde
274 533 334 592 quod
349 532 432 584 veritati
447 533 588 601 commiscent
602 534 652 583 licta
666 534 763 594 quidam3
778 527 857 586 fabulis
871 537 938 597 aliqui

127 604 141 652 5
156 623 202 653 rem
216 626 305 656 omnem
319 618 402 664 tegunt
418 606 515 655 miranda
530 620 611 656 canunt
626 607 697 663 multi;
713 608 818 658 delectare
833 609 898 659 simul
913 631 938 659 ac
1016 605 1034 671 J]

153 678 256 734 prodesse
270 679 346 727 volunt
360 699 443 727 omnes.
458 679 545 737 Quippe
559 700 647 727 sensum
661 681 733 729 velant
747 681 826 730 tabulis
840 683 937 741 quidam,

154 750 215 809 quod
226 772 251 800 ea
262 771 303 808 res,
316 752 377 812 quasi
388 751 460 801 virens
471 765 571 810 aspectus
584 753 681 811 quidam,
693 754 832 803 vehementer
844 754 937 804 oblectet

154 837 236 873 mentes
252 826 376 885 mirumque
387 825 410 873 in·
422 825 513 874 modum
524 825 597 875 dulces
609 827 638 875 ad
649 828 809 886 investigandos
821 828 937 887 quilatent

153 896 237 947 huctus
249 899 362 957 ingenium
374 900 434 948 acuit
444 911 509 957 atque
517 899 576 953 illos,
590 920 634 957 quo
648 913 699 948 sunt
712 902 788 949 maiori
801 920 852 961 cum
865 901 937 950 labore

114 972 141 1020 l0
150 971 244 1027 inventi,
255 973 357 1030 gratiores
367 971 426 1020 lacit.
437 971 515 1030 Neque
525 978 576 1020 vero
586 972 699 1021 arboribus
709 984 790 1021 temere
800 972 888 1023 frondes
899 967 937 1022 naj

153 1056 201 1093 tura
213 1043 280 1094 dedit.
295 1045 404 1094 Invenisse
416 1044 499 1094 fabulas
511 1045 607 1103 primum
618 1042 719 1094 Alcimon
732 1044 848 1096 Crotonius
860 1044 936 1097 fertur.

153 1117 197 1165 Sed
212 1117 266 1166 nihil
276 1131 309 1166 est
318 1139 330 1166 a
340 1118 409 1176 poetis
419 1118 442 1165 ni
453 1137 531 1176 magno
541 1138 591 1166 curn
601 1117 691 1167 artificio
701 1128 726 1167 et'
733 1120 835 1177 gravitate
845 1119 936 1169 dictum.

153 1190 214 1246 Quid
221 1191 280 1237 enirn
288 1190 352 1237 habet
360 1190 397 1242 rei,
406 1202 431 1236 ut
438 1209 450 1235 e
458 1188 531 1238 multis
539 1189 610 1247 aliqua
618 1189 724 1248 colligam,
732 1191 839 1238 iudicium
846 1191 936 1247 Paridis,

153 1282 204 1309 cum
218 1262 284 1310 iudex
300 1283 313 1310 a
333 1262 384 1327 love
401 1261 464 1310 datus
481 1274 507 1310 ut
524 1281 615 1319 pomum
633 1280 723 1310 aureum
740 1262 858 1321 pulchriori
876 1255 936 1312 daret

113 1335 138 1383 15
154 1335 204 1383 deas
217 1334 330 1389 lunonem,
341 1334 456 1389 Palladem,
468 1334 574 1383 Venerem
585 1336 645 1383 omni
655 1347 714 1383 veste
724 1336 815 1383 nudatas
823 1336 884 1391 vidit,
893 1336 937 1384 Ve-

153 1407 198 1455 neri
213 1419 293 1461 autem,
304 1407 364 1466 quod
374 1407 483 1466 premium
493 1419 549 1455 esset
559 1406 733 1465 pulchritudinis,
744 1426 834 1456 aureum
844 1428 935 1466 pomum

153 1481 219 1536 dedit,
235 1481 257 1529 ni
274 1480 380 1536 Paridem,
396 1479 468 1537 magni
484 1480 539 1537 regis
554 1479 633 1527 Priami
646 1478 723 1534 hlium,
734 1480 810 1528 datum
820 1481 862 1529 sibi
872 1502 884 1529 a
895 1482 936 1529 deo

153 1552 266 1602 arbitrium
280 1553 336 1602 bene
349 1550 431 1602 maleve
445 1550 545 1608 faciendi,
559 1565 584 1602 ut
598 1551 663 1602 habet
677 1554 776 1612 quisque,
791 1553 883 1603 liberum
898 1554 935 1602 ha-

153 1626 225 1675 buisse
235 1626 274 1674 sed
284 1625 402 1674 declinasse
411 1625 440 1674 ad
449 1625 576 1685 voluptates,
587 1646 643 1685 quae
652 1626 726 1685 ipsum
735 1647 760 1676 ac
770 1647 834 1676 omne
844 1646 936 1685 regnum

111 1702 140 1747 20
154 1704 269 1756 paternum
284 1700 374 1747 evertit?
388 1697 461 1746 Vitam
479 1700 537 1757 enim
554 1699 672 1746 humanam
689 1700 726 1757 qui
744 1712 795 1747 sunt
808 1699 935 1757 philosophi

152 1771 223 1820 verbis
235 1771 299 1820 nudis
311 1771 340 1819 ita
351 1770 485 1820 distribuunt
496 1784 521 1820 ut
531 1770 595 1820 aliam
606 1791 653 1820 esse
664 1771 860 1829 contemplativam,
871 1772 935 1820 aliam

153 1845 251 1900 activam,
260 1844 324 1892 aliam
331 1842 484 1903 voluptuosam
492 1843 571 1892 dicant.
580 1843 645 1892 Poeta
654 1863 704 1893 vero
712 1843 755 1893 alio
763 1845 849 1893 dicendi
858 1863 935 1903 genere

153 1918 277 1972 delectatus,
292 1938 346 1976 quas
359 1919 413 1966 vitas
427 1915 569 1974 philosophus
583 1935 629 1964 esse
643 1915 707 1965 nudis
715 1915 792 1965 verbis
805 1929 848 1965 tres
862 1927 935 1976 aperte

153 1990 214 2045 dixit,
229 2011 264 2039 eas
279 1990 357 2040 fabulis
372 1992 401 2039 ita
415 1989 468 2037 texit
482 2000 506 2037 ut
520 1989 587 2037 trium
601 1989 691 2037 dearum
705 1988 746 2038 sub
760 1988 836 2045 lorma,
852 1989 934 2045 habitu,

111 2064 139 2112 25
154 2064 242 2111 nomine
260 2063 380 2112 videantur.
395 2061 503 2109 Palladem
521 2060 611 2119 quidem
629 2061 751 2120 sapientiae,
770 2061 812 2109 hoc
830 2074 869 2110 estv
879 2062 936 2111 vitae

152 2136 338 2194 contemplativae,
351 2136 416 2184 deam
427 2154 474 2183 esse
485 2133 555 2183 finxit.
569 2132 699 2182 Potestatem
712 2153 835 2192 regnorum,
849 2133 890 2183 hoc
903 2148 936 2183 est

152 2210 219 2257 vitam
229 2210 327 2263 activam,
342 2207 419 2256 lunoni
430 2206 534 2255 attribuit.
546 2206 608 2263 Quae
618 2219 691 2254 autem
702 2205 830 2265 voluptuosa
841 2218 874 2255 est
884 2208 934 2263 vita,

152 2302 199 2331 eam
215 2281 323 2330 Venerem
338 2280 464 2329 nominavit.
481 2280 555 2328 Deum
570 2297 621 2327 vero
637 2288 756 2335 summurn,
772 2279 810 2338 qui
827 2278 934 2340 deligendi

152 2376 218 2414 quam
232 2354 283 2404 velit
296 2355 389 2413 quisque
402 2352 491 2401 liberam
505 2354 542 2401 dat
555 2352 657 2400 omnibus
671 2364 806 2410 potestatem,
819 2352 935 2419 appellavit

110 2429 139 2476 30
155 2428 236 2477 lovem.
252 2427 318 2476 Hunc
328 2427 387 2475 enim
397 2444 481 2489 morem
491 2424 597 2483 gentilitas
608 2423 691 2478 habuit,
701 2436 727 2473 ut
737 2436 791 2483 quot
801 2424 850 2483 ipso
860 2425 883 2472 in
894 2425 944 2473 ded·

152 2519 248 2555 munera,
262 2500 358 2555 virtutes,
373 2497 442 2548 officia
455 2518 501 2546 esse
514 2496 640 2557 perciperet,
653 2510 687 2546 tot
699 2497 775 2556 ipsum
785 2496 851 2547 deum
864 2498 935 2547 nomi-

152 2574 221 2622 nibus
234 2573 358 2631 appellaret.
375 2571 468 2621 Proinde
485 2572 558 2629 ipsum
575 2569 693 2636 aliquando
711 2570 853 2625 Mercurium,
872 2591 935 2629 saepe

154 2647 234 2702 lovem,
250 2646 361 2695 interdum
377 2645 503 2698 Saturnum,
518 2663 677 2702 nonnunquam
692 2642 805 2701 Phoebum
818 2663 856 2691 seu
866 2642 935 2702 Apol·

149 2842 169 2886 3.
177 2840 213 2887 Ex
226 2839 282 2896 lyrici
296 2840 461 2895 coreptionem
475 2830 558 2895 mdical..
608 2838 628 2884 5.
642 2838 700 2883 multi
713 2844 727 2882 ι’.
737 2856 763 2890 ν.;
778 2847 820 2883 erar
835 2835 934 2893 plurique.

111 2910 142 2955 19.
155 2906 185 2954 Ex
199 2906 311 2961 voluptates
325 2915 345 2952 in
361 2906 462 2968 voluptate
475 2923 532 2956 corr,
545 2905 614 2950 littera
624 2922 634 2949 s
643 2905 713 2950 leviter
727 2903 801 2957 deletam
810 2913 879 2958 postea
894 2911 940 2950 viri

106 2976 155 3030 gnta
168 2994 225 3020 erosa
239 2984 267 3020 est
281 2984 303 3023 rat
317 2992 368 3019 nunc
382 2981 414 3024 sit,
429 2982 450 3017 ut
465 2971 549 3022 videtur,
562 2969 674 3026 voluptates
689 2970 720 3016 vel
731 2970 838 3025 voluptate.
