2093 3253
115 452 225 499 Siccours
248 450 382 499 Pouaurour
410 449 480 498 Lissa
505 448 656 498 Scaurorum
682 449 824 497 lmusrnruur

170 535 272 584 Larium
288 532 393 583 meura
411 532 457 580 llll
475 531 585 584 Exrmcrr
600 549 627 581 ar
646 531 736 582 lucurr
750 532 769 581 V

255 637 284 668 no
300 619 388 668 Furuur
404 620 551 668 Poiruonuu
567 618 688 667 Frurcrrru

140 825 199 874 Cum
213 837 327 884 poetarum
341 844 353 871 e
368 823 478 881 provincia
493 823 556 880 quasi
571 821 665 869 Eliconis
679 843 691 869 e
706 834 780 870 monte
794 822 884 870 descen*

100 901 153 948 dens
168 917 273 957 gressum,
286 896 392 955 Polydore
405 896 435 943 mi
448 896 573 944 suavissime
584 894 622 949 fili,
633 895 666 942 uti
676 906 794 943 statueram
803 896 884 948 animo,

99 971 213 1029 dirigerem
227 969 256 1018 ad
268 988 304 1018 eos
317 969 356 1028 qui
369 986 432 1026 prosa
445 968 584 1027 scripserunt,
597 967 774 1026 circumspiciens
787 968 884 1027 undique

98 1044 208 1093 venientes
222 1043 278 1091 acies
291 1041 370 1091 multas
382 1042 427 1090 vidi
440 1041 555 1090 hominum
566 1053 697 1098 togatorum,
711 1039 801 1108 qui-suo
813 1041 836 1089 in
848 1060 884 1098 ge-

74 1120 85 1168 5
101 1136 151 1166 nere
165 1117 224 1166 docti
238 1114 327 1164 luerunt
340 1128 362 1164 et
376 1115 460 1174 quade
474 1115 603 1166 rescribere
617 1115 705 1174 placuit,
720 1109 769 1165 eim
781 1115 850 1174 perite
863 1126 886 1161 et
949 1116 950 1119 ’

99 1189 170 1246 ample
179 1188 249 1243 soluta
258 1183 354 1236 oratione
363 1188 471 1236 dixerunt.
480 1189 529 1236 Alia
538 1191 598 1236 enim
607 1189 702 1246 quadam
711 1201 804 1255 utuntur
812 1186 885 1244 lingua

99 1275 120 1311 et
134 1281 147 1310 a
161 1260 231 1320 poetis
241 1260 303 1319 quasi
313 1259 447 1310 diversarum
456 1257 554 1319 gentium
563 1260 660 1315 veniunt,
671 1260 770 1319 separati.
780 1258 886 1310 Veniebat

100 1337 122 1382 in
137 1347 233 1383 mentem
244 1334 319 1382 adesse
331 1334 370 1392 qui
383 1335 528 1382 sanctissimas
540 1335 597 1392 leges
610 1346 632 1382 et
644 1334 717 1382 civiles
730 1346 752 1382 et
764 1332 885 1392 pontificias

99 1407 267 1465 prudentissime
281 1408 396 1463 aperirem
410 1406 485 1454 adesse
499 1408 537 1465 qui
552 1407 620 1454 varias
635 1405 797 1463 aegritudinum
811 1425 885 1466 causas

63 1480 88 1526 l0
102 1490 160 1538 certo
175 1477 263 1532 iudicio,
279 1478 416 1536 experientia,
432 1478 555 1537 cognitione
570 1478 717 1526 discernerent
732 1490 754 1525 et
769 1477 832 1525 saluti
838 1496 886 1524 cor·

100 1570 179 1609 porum
193 1551 281 1609 optimis
298 1551 399 1599 remediis
415 1551 562 1606 subvenirent;
579 1551 654 1600 adesse
675 1552 714 1609 qui
731 1552 775 1599 veri
796 1552 885 1599 investi-

101 1624 164 1682 gandi
179 1624 252 1672 studio
266 1643 314 1671 eam
327 1624 464 1682 disciplinam
476 1619 585 1673 traderent
598 1624 620 1673 in
634 1643 678 1682 qua
692 1624 763 1673 omnis
776 1636 851 1681 arguta
864 1636 886 1672 et

100 1694 184 1743 subtilis
199 1696 253 1744 ratio
273 1696 406 1754 disputandi,
427 1696 555 1750 diffiniendi,
575 1696 720 1744 concludendi
739 1709 762 1744 et
781 1695 886 1754 patefacta
942 1730 944 1733 -

100 1779 121 1815 et
136 1768 176 1816 sita
190 1778 230 1822 est3
245 1767 319 1816 adesse
333 1768 371 1826 qui
385 1786 433 1816 eam
446 1766 571 1816 facultatem
584 1767 688 1816 haberent
702 1786 745 1826 qua
758 1768 818 1826 loqui
832 1786 890 1827 pua-¹

64 1841 87 1888 15
102 1860 189 1899 cunque
204 1841 232 1888 de
242 1859 265 1889 re
274 1853 356 1895 ornate,
367 1842 465 1898 graviter,
476 1842 563 1899 copiose
572 1844 668 1899 possent;
677 1841 753 1888 adesse
762 1841 800 1899 qui
810 1840 887 1889 Latine

100 1914 160 1979 loqui
175 1928 197 1962 et
211 1932 306 1971 congrue
320 1914 419 1969 doceant;
433 1913 508 1962 adesse
522 1915 560 1973 qui
575 1932 717 1963 numerorum
730 1913 887 1972 amplissimam

100 1979 205 2034 rationem
220 1986 296 2035 darent
314 1998 339 2034 ut
357 1985 454 2035 dividere
472 1986 562 2044 integra,
581 1986 674 2034 solidare
693 1985 767 2040 fracta,
787 1985 888 2044 colligere

101 2060 191 2115 minuta,
202 2060 326 2119 'adaequare
348 2061 440 2119 imparia
462 2079 626 2119 cognoscamus;
649 2061 724 2109 adesse
747 2061 785 2119 qui
808 2061 888 2109 lineam

101 2144 181 2180 rectam
196 2132 300 2181 haberent
312 2132 449 2191 eandemque
462 2132 528 2181 modo
541 2133 564 2181 in
577 2133 693 2191 quadrum,
707 2133 773 2181 modo
786 2133 808 2181 in
822 2134 888 2181 trian-

63 2203 90 2249 20
104 2204 179 2260 gulum
193 2204 303 2253 traherent
319 2225 344 2253 ac
362 2223 435 2253 rerum
452 2205 631 2263 magnitudinem,
649 2204 759 2259 intervala,
778 2225 888 2253 mensuras

102 2288 158 2324 certa
173 2276 267 2335 quadam
282 2277 466 2325 demonstratione
484 2277 594 2330 docerent,
610 2277 686 2325 adesse
703 2277 741 2335 qui
759 2277 888 2325 suavissimo

102 2362 200 2398 cantuae
210 2349 287 2399 librato
297 2371 351 2400 sono
362 2350 468 2399 modulari
478 2363 564 2408 gratum
573 2351 653 2413 studiis
660 2363 681 2399 et
690 2350 779 2399 auribus
789 2350 889 2399 humanis

102 2421 278 2478 scirent;.adesse
292 2423 330 2482 qui
350 2424 403 2471 caeli
423 2424 595 2477 conversionem,
615 2423 714 2484 siderum
732 2442 816 2476 cursus,
837 2425 889 2477 vim,

103 2494 182 2544 iudicia
199 2497 307 2554 caperent,
325 2492 493 2556 futurarumque
509 2515 583 2545 rerum
600 2509 670 2546 certos
687 2508 777 2545 eventus
796 2496 889 2545 mirabili

63 2565 90 2611 25
105 2568 187 2616 ratione
201 2569 357 2629 praedicerent·
367 2570 442 2617 adesse
452 2570 490 2628 qui
501 2582 616 2617 ventorum
626 2569 706 2627 plagas,
715 2567 753 2627 qui
763 2581 889 2627 temporum

103 2651 182 2696 motus,
198 2641 236 2700 qui
246 2658 319 2689 rerum
328 2641 441 2699 principia,
452 2642 606 2699 generationes,
616 2641 752 2690 alterationes
762 2654 784 2690 et
793 2643 890 2700 cognitas

103 2799 122 2842 4.
137 2799 255 2853 (νεηίεῃῑε)ε
271 2800 322 2843 acies
337 2799 408 2844 multas
422 2806 436 2844 i.
451 2817 467 2844 r.
522 2801 541 2843 7.
560 2798 591 2844 Ex
610 2799 716 2844 veniebant
735 2818 793 2851 corr„
814 2802 893 2854 virgula

65 2859 133 2906 leviter
151 2865 223 2909 deleta.
290 2865 321 2909 2l.
341 2864 525 2919 demonstratione)
545 2873 558 2910 ί.
578 2884 604 2917 ν.;
625 2864 638 2910 d
657 2875 699 2910 erat
719 2884 734 2909 r.
795 2867 827 2911 22.
847 2877 893 2911 aare

67 2929 146 2974 auribus
161 2931 175 2977 h
188 2951 238 2977 erus.
