2093 3253
233 172 363 205 scurronum
373 172 501 226 ¹ntusnuurtr
514 186 528 190 -
542 173 599 205 tram
614 175 657 206 vnr.
821 159 861 205 219

75 290 149 339 Tertia
163 309 219 348 quae
232 289 254 338 in
267 288 381 338 obsidione
394 287 506 338 inferenda
518 289 665 348 solvendaque
677 301 778 346 gerantur
791 288 860 347 ponit.
931 351 933 354 ‚

77 364 164 420 Quarta,
175 383 203 410 ne
211 363 266 421 quid
274 363 303 410 ad
311 361 367 409 bella
377 358 469 420 gerenda
479 363 541 417 desit,
551 363 579 411 de
588 364 634 421 ipsa
645 361 730 411 militari
740 361 860 420 disciplina,

77 438 103 484 de
118 434 197 483 effectu
210 434 342 493 disciplinae,
356 435 383 483 de
395 436 521 491 constantia,
535 436 563 484 de
575 436 666 489 iusticia,
681 435 708 482 de
720 435 860 486 continentia,

77 509 104 556 de
118 507 266 555 moderatione
282 520 303 555 et
320 507 383 555 variis
400 506 494 556 consiliis
511 508 664 567 percommodo
681 505 861 567 exemplatenet.

51 586 63 635 5
121 581 227 638 Coaptare
239 581 290 629 huic
301 581 372 628 ordini
379 581 407 629 Α,
416 580 513 630 Gellium
522 582 574 629 mihi
585 581 694 634 constitui,
706 580 773 638 quod,
784 600 861 638 quam-

79 674 144 713 quam
158 655 235 701 eadem
249 654 338 712 vestigia
352 655 414 712 sequi
429 674 473 701 non
487 656 585 703 videatur
600 673 696 712 prorsus,
705 654 739 700 -sit
753 667 826 700 tamen
841 666 862 699 et

77 729 98 775 in
113 725 239 784 colligendis
251 726 355 785 exemplis
366 727 431 775 etiam
442 739 507 786 atque
518 728 583 776 etiam
594 727 712 776 delectatus
724 738 745 774 et
757 725 863 774 Frontino

79 812 147 848 aetate
161 799 252 848 vicinus.
262 800 331 849 'Divis
346 820 432 858 nanque
446 801 570 855 Antoninis,
586 801 624 848 Pio
639 813 660 848 et
670 799 733 852 Vero,
745 800 862 857 imperato-

40 907 42 912 -
78 872 137 919 ribus
152 870 232 921 floruit.

41 946 64 994 111
119 944 230 992 Romanus
240 945 322 1002 quippe
331 945 371 992 iste
380 945 433 992 civis
443 944 565 992 Gelliorum
578 965 590 992 e
604 944 685 992 familia
699 943 768 991 nobili
777 957 798 991 et
807 944 863 992 anti-¹

78 1037 124 1084 qua
135 1029 198 1064 natus
208 1029 248 1065 est.
259 1016 317 1065 Nam
327 1030 349 1064 et
360 1018 385 1065 L.
397 1017 501 1071 Gellium,
512 1017 640 1065 familiarem
650 1024 715 1065 suu'm
725 1016 863 1075 eundemque

79 1089 230 1147 proconsulem
241 1089 351 1146 Graeciae,
363 1090 447 1145 Cicero,
459 1110 509 1139 cum
520 1091 595 1139 scribit
603 1091 630 1139 de
639 1090 741 1148 Legibus,
751 1103 863 1144 memorat,

79 1175 99 1208 et
113 1162 200 1209 annales
215 1164 306 1221 scriptos
321 1184 333 1210 a
348 1162 393 1210 Gn.
405 1162 477 1211 Gellio
488 1162 593 1221 perpolite
607 1183 632 1210 ac
647 1161 761 1227 diligenter
772 1154 863 1210 constat.

121 1234 242 1285 Priscianus
259 1256 353 1295 quoque,
375 1236 526 1294 grammaticae
541 1236 631 1285 Latinae
647 1235 748 1293 magister
763 1255 788 1284 ac
803 1235 864 1294 prin·
932 1291 935 1295 ⁴

43 1310 65 1357 15
81 1328 138 1366 ceps,
148 1308 245 1357 Gellium
256 1310 372 1369 antiquum
384 1310 511 1368 scriptorem
523 1330 549 1358 eo
561 1309 651 1358 consilio
663 1309 761 1357 nominat
772 1322 797 1362 ut
809 1330 865 1368 quae

78 1381 161 1440 antiqui
181 1382 209 1429 de
224 1383 306 1431 ratione
326 1383 477 1440 grammaticae
492 1383 631 1431 observarent
645 1403 687 1431 usu
703 1395 724 1430 et
738 1383 865 1430 auctoritate

80 1454 118 1501 viri
134 1454 199 1503 huius
210 1456 305 1505 edoceat.
322 1455 459 1504 Pretermitto
470 1455 530 1511 alios,
547 1456 607 1515 quod
623 1447 666 1504 sint
678 1455 741 1503 multi
758 1477 769 1503 e
785 1453 866 1503 familia

82 1526 203 1585 Celliorum
217 1529 277 1586 apud
288 1529 403 1589 scriptores
415 1529 511 1586 egregios
522 1528 594 1587 ampla
605 1549 656 1576 cum
673 1528 736 1575 laude
753 1528 865 1575 nominati.

124 1600 205 1648 Noster
223 1620 273 1650 vero
289 1601 316 1650 Α.
333 1600 417 1650 Gellius
432 1613 501 1649 aetate
516 1602 621 1660 posterior
637 1601 744 1650 maiorum
754 1621 766 1649 e
776 1600 866 1659 vestigio
916 1654 918 1657 ¹

42 1674 68 1720 20
83 1674 104 1720 in
122 1672 198 1722 litteris
214 1687 234 1722 et
251 1674 327 1723 Grecis
341 1687 362 1722 et
379 1675 461 1723 Latinis
477 1687 575 1723 accurate
586 1687 682 1723 versatus
694 1686 733 1727 est,
746 1673 784 1722 sed
796 1674 866 1722 nomi-

83 1747 149 1793 natim
160 1747 201 1794 iuri
212 1747 276 1801 civili,
285 1747 441 1806 philosophiae,
450 1748 585 1806 eloquentiae
594 1748 684 1795 studuit.
695 1747 720 1794 ln
729 1746 867 1804 philosophia

81 1819 185 1876 Taurum,
201 1820 322 1871 Platonicae
336 1834 407 1870 sectae
421 1819 576 1879 philosophum
591 1819 694 1874 Grecum,
711 1818 786 1868 habuit
805 1830 866 1877 prae-

83 1906 199 1952 ceptorem.
216 1894 240 1943 ln
260 1894 382 1954 eloquentia
401 1913 452 1942 vero
466 1893 599 1942 Frontonem
612 1892 701 1942 audivit.
721 1891 772 1940 Erat
786 1891 867 1940 Fronto

82 1968 184 2014 memoria
201 1966 237 2014 illa
254 1967 352 2015 omniurn
370 1967 407 2024 qui
425 1967 507 2015 Romae
524 1966 638 2015 iuvenibus
661 1965 764 2014 docendis
781 1965 868 2023 publice

42 2037 67 2085 25
83 2038 126 2087 dati
148 2053 219 2088 essent
237 2040 337 2098 magister
354 2060 452 2089 summus
470 2053 584 2099 oratorque
601 2039 696 2088 florentis
714 2037 827 2087 facundiae
843 2059 871 2086 ac

83 2112 203 2162 doctrinam
218 2134 306 2162 omnem
325 2126 346 2161 et
366 2112 485 2162 litterarum
505 2126 526 2161 et
546 2131 618 2161 rerum
637 2111 737 2161 habebat.
807 2132 809 2141 ·

125 2185 194 2234 Scolis
209 2200 282 2235 autem
294 2186 388 2235 dimissis
400 2187 438 2235 sed
449 2204 517 2244 prope
528 2186 652 2234 adolescens
664 2185 691 2233 Α.
704 2184 797 2238 Gellius,
810 2185 869 2243 quod

83 2258 162 2307 bonam
176 2261 286 2319 quandam
298 2280 324 2309 ex
335 2260 408 2308 indole
419 2279 449 2308 ac¹
455 2261 507 2308 iuris
519 2260 608 2308 scientia
619 2278 681 2317 spem
691 2258 809 2319 {praeberet
820 2275 869 2306 eru-

84 2332 185 2393 ditusque
195 2334 267 2393 ample
278 2334 300 2382 in
309 2333 387 2382 litteris
398 2333 514 2387 videretur,
525 2333 590 2381 iudex
601 2353 613 2381 a
623 2331 759 2390 praetoribus
770 2331 869 2388 designa·

45 2402 70 2450 30
84 2418 119 2453 tus
130 2420 162 2455 est
173 2421 201 2456 ut
208 2428 264 2466 quae
275 2408 354 2456 iudicia
365 2408 447 2465 privata
457 2419 585 2455 vocarentur
596 2406 687 2454 audiret.
699 2405 794 2452 Sedebat
805 2405 870 2462 igitur

84 2477 148 2528 iudex
161 2479 187 2529 Α.
203 2479 287 2530 Gellius
302 2492 375 2529 noster
388 2501 415 2529 ex
428 2478 504 2528 ordine
518 2491 546 2535 et,
561 2497 695 2538 quamquam
708 2476 791 2526 iuvenis
806 2489 870 2533 esset,

85 2572 139 2610 quae
154 2566 227 2601 tamen
241 2554 331 2602 adeum
342 2552 497 2613 deferebantur
505 2572 587 2607 causas,
598 2565 623 2599 ut
634 2564 666 2599 est
677 2549 773 2598 officium
784 2549 870 2605 iudicis,

83 2625 142 2680 gravi
152 2626 324 2673 consideratione
334 2644 359 2671 ac
369 2624 431 2671 senili
441 2624 557 2682 prudentia
565 2622 687 2671 dirimebat.
698 2621 788 2668 Sedenti
797 2634 871 2669 autem
929 2687 931 2691 .

85 2698 156 2746 evenit
171 2696 227 2746 lorte
242 2698 303 2758 quod
322 2696 480 2755 inexplicabilis
499 2696 608 2755 quaedam
627 2694 766 2754 reperiendae
784 2706 872 2742 senten-

49 2780 79 2786 ..«..

100 2831 125 2869 12,
138 2833 173 2870 Cic.
187 2835 224 2878 Lag.
237 2834 249 2875 1,
264 2833 291 2869 55.
344 2833 370 2868 ll.
383 2832 432 2868 Prisc.
445 2833 483 2869 Insr.
496 2831 532 2869 Vtt.
546 2826 568 2867 37
581 2831 609 2876 (tl,
621 2847 638 2875 p.
652 2829 692 2867 318.
706 2829 717 2866 4
730 2828 760 2874 K),

49 2902 188 2912 &—

101 2955 130 2998 l7.
146 2955 203 2999 rriulti
217 2961 230 2999 ι’.
246 2973 261 2998 r.
