2093 3253
248 139 380 171 scalmorum
395 140 522 172 rrxusraron
534 151 549 157 η
563 140 620 171 uana
633 140 666 171 xv.
828 125 867 170 417

126 255 159 305 lbi
174 275 225 304 cum
239 253 288 310 tuit,
303 253 437 303 voluntatem
453 254 542 304 Antonii
559 253 734 314 haudquaquam,
751 268 775 304 ut
791 255 867 315 Regini

83 327 168 376 nobiles
183 327 287 380 dixerant,
302 338 408 374 mutatam
420 327 460 374 sed
473 328 559 375 firmam
572 346 639 384 pravo
652 327 698 374 eius
712 326 735 373 in
749 327 867 384 proposito,
932 371 935 377 .

84 414 108 450 ut
123 399 201 449 soleret
215 418 268 454 esse,
282 419 307 448 ac
322 400 454 458 pertinacem
468 390 557 450 invenit.
571 397 680 449 Audacior
695 397 788 458 quidem*
798 397 867 448 iactus

84 474 120 523 ille
134 473 175 537 sub
190 472 314 521 consulatus
329 474 401 531 specie
415 475 458 521 iam
473 473 673 533 imperitabaturbi
688 474 868 532 dominatumque

56 551 70 598 5
85 546 126 595 sibi
142 545 217 595 dietim
230 545 345 595 violentius
358 546 483 605 usurpabat.
497 546 544 596 Sibi
558 547 617 596 enim
630 547 773 597 metuendum
785 566 832 595 esse
845 547 868 594 in

84 619 170 670 ciuitate
184 619 274 678 putabat
289 618 381 674 nullum,
397 632 446 668 tum
461 620 521 678 quod
537 620 598 669 Bruti
614 621 680 670 ambo
696 620 828 679 Cassiusque
843 640 868 668 ac

85 692 169 748 Cicero,
185 692 222 751 qui
237 692 346 752 principes
359 690 463 742 libertatis
476 691 575 752 publicae
588 693 719 748 viderentur,
733 712 772 752 per
785 705 868 742 metum

85 767 226 817 decessissent
238 766 299 821 urbe,
312 779 360 815 tum
372 766 432 825 quod
443 787 479 816 aes
491 768 571 825 grande
583 788 608 817 ac
620 786 685 826 supra
696 780 798 826 quattuor
810 765 868 815 milia

48 882 49 885 ,
84 839 164 887 talenta
179 837 219 886 sibi
235 836 353 892 Calfurnia,
368 857 422 885 uxor
436 838 539 892 Caesaris,
554 839 687 893 effundisset,
702 851 726 886 ut
740 840 868 896 comparatis

45 914 71 964 11]
86 910 183 970 undique
198 910 265 969 copiis
274 909 345 958 mariti
354 930 428 959 necem
437 911 546 970 potentius
554 910 679 961 vindicaret.
690 911 715 960 in
724 930 771 959 eam
779 910 869 970 quidem

86 983 194 1032 licentiam
207 983 316 1032 Antonius
327 997 414 1033 venerat
424 997 449 1033 ut
459 1004 527 1042 prope
538 984 580 1033 iam
596 996 743 1034 contemneret
758 998 829 1044 patres
840 998 867 1039 et,

85 1057 145 1115 quod
160 1055 242 1104 iactum
257 1076 269 1103 a
285 1055 345 1104 nullo
362 1057 421 1113 prius
437 1056 536 1104 auditum
552 1070 603 1111 erat,
621 1056 725 1105 collocare
741 1056 819 1105 milites
834 1077 868 1105 ar·

86 1141 155 1178 matos
170 1128 226 1178 inter
241 1128 334 1178 subselia
349 1142 435 1187 patrum
450 1129 545 1179 auderet.
562 1128 672 1179 Ciceronis
687 1142 760 1179 autem
775 1129 869 1179 reditum

85 1203 135 1263 tulit
149 1202 258 1262 Antonius
271 1202 399 1262 permoleste
412 1223 436 1251 ac
449 1202 517 1267 muita
529 1203 552 1253 in
564 1224 615 1252 eum
627 1216 648 1252 et
660 1203 720 1262 apud
731 1203 812 1262 amicos
825 1204 868 1263 pri-

47 1277 72 1326 15
88 1288 137 1324 vato
152 1276 174 1323 in
190 1294 288 1330 sermone
305 1288 326 1323 et
336 1275 402 1334 vapud
418 1276 517 1323 senatum
534 1276 622 1339 publico
639 1276 661 1323 in
678 1274 768 1323 consilio
785 1276 869 1328 locutus

86 1363 125 1398 est.
585 1344 587 1347 ‚

129 1422 182 1470 Dies
198 1434 242 1470 erat
259 1421 416 1475 Kallendamm
431 1422 601 1481 Septembrium,
618 1442 662 1481 quo
677 1436 763 1471 senatus
779 1423 801 1471 in
817 1423 870 1470 aede

87 1495 222 1545 Concordiae
237 1495 363 1544 habebatur.
378 1495 438 1544 Tum
453 1495 542 1554 quidem
557 1496 579 1543 in
595 1495 729 1550 Ciceronem,
743 1496 805 1563 *quod
819 1516 870 1544 eum

87 1590 132 1617 non
146 1569 221 1617 adesse
234 1567 324 1623 videret,
337 1569 430 1628 pessima
442 1588 541 1629 quaeque
554 1568 674 1627 suspicatus
687 1567 755 1617 multa
767 1587 805 1627 per
817 1588 869 1616 con=

46 1645 74 1691 20
89 1642 200 1693 tumeliam
210 1642 283 1691 animo
293 1641 425 1691 inflammato
436 1641 489 1690 dixit
499 1656 564 1702 atque
574 1641 633 1690 omni
644 1655 719 1690 senatu
729 1641 836 1696 audiente,
848 1642 870 1689 ni

46 1774 49 1780 ⁸
88 1716 177 1770 veniret,
193 1715 311 1763 missurum
321 1735 344 1763 se
354 1714 427 1762 tabros
438 1715 475 1773 qui
487 1715 578 1762 domum
588 1715 634 1762 eius
645 1714 783 1762 exturbarent
793 1713 870 1762 feroci·
893 1708 895 1710 ’

88 1802 121 1838 ter
135 1789 279 1838 comminatus
289 1800 329 1837 est.
340 1786 485 1837 Cavillabatur
495 1787 585 1846 quidem
595 1788 667 1846 ipsum
678 1786 788 1846 dedignari
798 1786 871 1836 venire

88 1863 110 1909 in
126 1875 224 1909 senatum
234 1875 299 1920 atque
310 1861 380 1909 moliri
390 1861 508 1919 quicquam
517 1872 542 1908 ut
552 1860 675 1908 deturbaret
685 1861 781 1919 quietern
791 1861 871 1909 civium

88 1933 215 1981 affirmabat.
230 1933 273 1989 Qui
287 1952 339 1980 vero
352 1932 416 1980 amici
429 1933 517 1980 aderant
532 1932 650 1985 Ciceronis,
664 1932 737 1980 venire
750 1953 795 1981 non
808 1952 871 1990 posse

47 2005 75 2053 25
91 2005 162 2053 virum
176 2024 251 2053 senem
264 2025 289 2053 ac
304 2004 368 2063 longa
379 2002 461 2052 fessum
472 2004 506 2053 via
517 2003 654 2053 excusabant.
666 2003 725 2053 Haec
737 2022 769 2053 res
777 2003 873 2053 turbarit

89 2097 219 2137 magnopere
234 2077 362 2132 Ciceronem
383 2098 423 2126 nec
444 2090 516 2130 tamen
538 2097 562 2126 ea
584 2077 619 2126 die
640 2077 663 2125 in
685 2090 786 2126 senatum
806 2076 872 2126 venit.

49 2186 51 2191 ,
89 2151 195 2199 Postridie
203 2170 254 2199 vero
262 2170 313 2200 curn
321 2150 343 2198 in
353 2164 452 2198 senatum
460 2150 552 2198 venisset
561 2162 582 2197 et
590 2149 646 2199 forte
653 2163 701 2198 tum
708 2151 792 2199 abesset
802 2150 872 2198 Antoe

89 2222 144 2277 nius,
160 2243 247 2273 causam
258 2243 309 2272 suae
320 2235 341 2272 et
352 2220 492 2282 profectionis
504 2215 525 2271 et
536 2222 663 2271 reversionis
674 2223 773 2282 exposuit
784 2242 872 2272 excusa-

89 2296 214 2356 tionemque
228 2297 303 2345 curin
317 2310 416 2346 senatum
429 2296 499 2355 pridie
513 2318 557 2345 non
571 2296 664 2345 venisset
677 2297 767 2356 aperuit,
783 2297 872 2356 nequis

47 2367 76 2414 30
90 2367 146 2416 torte
158 2389 219 2417 secus
230 2389 297 2428 quarn
307 2384 362 2418 esset
373 2371 450 2419 veritas
461 2371 606 2428 suspicaretur
617 2391 656 2418 nec
667 2391 723 2429 quae
734 2372 791 2419 dicta
801 2384 873 2419 essent

89 2442 116 2489 ab
131 2442 227 2491 Antonio
242 2443 345 2493 crederet.
362 2443 449 2493 Deinde
463 2464 514 2492 vero
529 2444 557 2493 de
571 2444 661 2493 Antonii
673 2444 743 2497 minis,
755 2443 782 2492 de
795 2443 872 2492 volun-

89 2527 132 2563 tate
144 2528 232 2570 mutata,
245 2517 272 2566 de
283 2518 371 2567 servatis
382 2518 435 2566 actis
447 2517 551 2573 Caesaris,
564 2518 591 2567 de
602 2512 723 2576 republica
734 2515 873 2575 gubernanda

90 2589 162 2656 dicere
174 2580 285 2647 aggressos
299 2610 388 2637 eumcum
401 2589 499 2637 libertate
512 2603 533 2637 et
547 2589 696 2647 magnitudine
708 2589 774 2637 animi
788 2589 873 2641 locutus

89 2778 108 2822 8.
123 2778 154 2824 Ex
168 2759 254 2833 quatuor
266 2796 315 2823 corr.
371 2774 405 2822 25.
418 2777 507 2823 turbavit
521 2778 658 2834 matgnopere)
671 2783 685 2822 i.
695 2795 721 2827 r.;
730 2786 772 2822 erat
786 2795 875 2824 comm0⁴

49 2842 77 2889 vit
96 2862 220 2901 magnopere.
276 2844 308 2892 26.
327 2862 364 2891 nec
382 2844 466 2901 tatmen)
483 2850 495 2890 ι’.
515 2853 591 2896 r.;erut
607 2843 743 2901 Postr(idie?).
797 2842 831 2890 31.
849 2843 875 2891 de

49 2910 168 2969 (voluntate)
176 2932 205 2960 ¹ex
219 2932 241 2958 ac
255 2932 304 2958 corr.

87 3062 109 3099 27
