2093 3253
268 183 402 227 scurronum
416 182 542 220 ntusrmuu
555 194 569 201 e
582 184 641 215 usta
655 185 669 214 1.
855 171 882 214 27

70 341 72 343 -
97 305 239 360 cohercerent·
249 299 461 360 lasciviamcivitatis
472 312 586 358 essentque
597 299 627 347 ita
638 300 737 348 omniurn
748 300 776 347 ad
787 299 881 357 aequalia

96 390 169 430 tatem,
185 376 219 429 ad
227 374 387 432 parsimoniam,
401 373 429 420 ad
441 374 544 425 virtutem
558 373 652 430 digestae
666 385 690 420 ut
703 373 775 421 vivere
788 373 881 431 quisque

97 450 152 497 bene
166 468 191 496 ac
206 448 295 494 honeste
310 457 390 504 posset.
401 445 483 493 Contra
493 445 630 493 verocivitas
641 445 735 492 insolens
747 464 787 492 nec
798 445 881 502 legibus

98 522 136 570 sed
150 520 255 578 voluptati
264 540 290 567 ac
299 519 398 567 licentiae
407 531 492 572 assueta
500 518 643 576 impugnabat
652 518 817 577 enitebaturque
827 517 881 571 illas,

71 597 83 645 5
99 595 197 653 quamvis
212 605 283 640 essent
300 582 402 640 honestae
418 611 443 639 ac
459 604 551 646 sanctae,
568 591 660 639 abiicere
676 609 764 649 prorsus
780 610 805 638 ac
822 591 881 639 omni

98 667 170 715 studio
179 666 289 724 abrogare.
300 665 412 723 Lycurgus
422 676 495 713 autem
505 684 569 712 suum
575 663 603 711 ad
608 664 752 721 propositum,
759 664 819 722 quod
825 664 882 721 pub-

98 741 164 788 licum
179 738 269 792 bonum,
292 757 337 785 non
359 737 465 795 privatam
487 748 508 783 et
525 735 638 783 bestialem
655 735 731 794 populi
748 735 882 783 voluntatem

98 812 219 870 inspiceret,
234 823 342 868 constans·
353 823 374 858 et
392 807 453 869 lortis
472 823 523 858 erat.
542 807 644 867 Denique
662 808 730 857 multa
748 809 882 868 nequiquam

98 896 205 941 expertus,
226 882 286 941 quod
305 883 365 940 apud
385 882 530 930 lascivientem
551 881 657 939 populum
677 882 738 936 ratio,
759 883 881 936 auctoritas,

59 958 84 1005 10
99 956 184 1012 praeces
197 975 241 1003 non
255 953 356 1009 valerent,
370 973 392 1000 se
405 953 493 1001 tandem
505 954 533 1001 ad
546 952 661 1001 consilium
673 953 755 1012 quippe
768 972 831 1010 grave
843 955 882 1001 sed

0 1019 1 1022 Ἴ
65 1066 67 1069 >
99 1031 155 1077 bono
170 1030 216 1077 cive
233 1049 258 1076 ac
275 1025 393 1079 fortissimo
411 1027 457 1085 viro
472 1026 566 1084 dignum
583 1027 654 1098 vertit.
672 1025 806 1085 Delphicum
823 1028 882 1076 enim

98 1101 229 1158 Apollinem,
244 1100 305 1147 cuius
318 1120 400 1148 numen
412 1113 465 1147 tunc
477 1119 502 1147 ac
514 1119 593 1147 nomen
606 1099 690 1146 celebre
702 1099 761 1157 apud
773 1112 847 1156 gentes
859 1101 881 1147 in

98 1175 159 1221 terris
174 1186 237 1226 esset,
250 1172 312 1219 finxit
324 1172 397 1229 legum
409 1183 520 1219 auctorem
532 1191 585 1225 esse,
598 1183 623 1219 ut
636 1172 673 1229 qui
687 1190 725 1218 sua
737 1171 826 1228 consilia
838 1192 882 1219 non

98 1243 197 1295 audirent
211 1246 290 1294 saltem
299 1258 358 1294 metu
369 1265 394 1292 ac
406 1244 524 1293 reverentia
535 1244 631 1306 numinis
642 1242 670 1291 ad
677 1243 828 1292 *obedientiam
839 1258 882 1293 tra¹

61 1321 84 1369 15
101 1321 209 1371 herentur.
219 1319 340 1368 Admonuit
350 1319 409 1367 enim
419 1317 525 1377 populum
535 1337 569 1372 ne,
580 1337 636 1376 quae
646 1330 791 1366 sacrosanctae
801 1339 826 1366 ac
835 1318 883 1378 ipso

99 1414 110 1439 a
125 1392 166 1440 deo
181 1390 289 1450 prolectas
303 1405 374 1439 essent
388 1387 452 1448 leges,
467 1410 502 1438 eas
516 1391 653 1448 ipsitemere
666 1411 691 1438 ac
705 1391 746 1438 deo
760 1391 883 1441 inconsulto

98 1477 269 1511 contemnerent.
285 1464 316 1510 lta
330 1483 380 1510 mox
397 1463 425 1510 ad
443 1463 569 1519 religionem
587 1475 609 1509 et
627 1475 710 1510 metum
725 1464 803 1528 animis
821 1463 883 1511 incli-

99 1536 154 1584 natis
170 1535 407 1594 impetravit‘inducias
423 1535 538 1593 adegitque
554 1554 630 1582 omnes
647 1535 767 1583 iuramento
784 1549 892 1594 parerent.

99 1610 181 1667 legibus
193 1629 233 1657 nec
243 1610 383 1658 immutarent
394 1609 512 1667 quicquam
522 1608 595 1667 quoad
605 1609 652 1666 ipse
663 1607 761 1667 Delphos
773 1607 882 1667 proiectus

58 1683 86 1730 20
102 1703 190 1736 numen,
196 1682 342 1729 abolendaene
348 1703 423 1729 omnes
432 1701 519 1739 prorsus
528 1681 584 1738 leges
591 1702 646 1738 quae
654 1681 736 1739 populo
744 1682 884 1739 displicerent

100 1776 127 1802 an
140 1755 278 1817 corrigendae
290 1754 362 1803 lorent
375 1755 448 1808 modo,
462 1753 583 1821 consuleret
595 1774 621 1801 ac
634 1754 719 1816 rediret.
734 1753 781 1802 Nec
795 1755 884 1813 quidem

76 1868 78 1874 ,
100 1847 165 1883 mora;
181 1820 254 1886 nepoti
262 1828 320 1877 enim
328 1828 365 1887 qui
372 1840 428 1876 esset
435 1828 516 1876 interea
523 1826 592 1876 lactus
606 1826 693 1877 adultus
700 1846 791 1887 regnum
798 1847 883 1877 summa

74 1957 76 1961 Α
99 1902 141 1949 lide
149 1902 249 1956 restituit;
257 1901 336 1950 deinde
344 1922 382 1959 spe
390 1901 494 1949 redeundi
503 1900 584 1959 populo
593 1900 642 1949 data
650 1900 759 1959 proiectus
767 1915 800 1950 est
808 1903 883 1960 patria.

73 1995 75 1997 ’
100 1975 144 2020 Sed
158 1974 327 2031 haudquaquam
344 1975 449 2031 Delphos,
464 1977 497 2021 uti
511 1987 556 2021 erat
570 1975 677 2032 pollicitus
694 1974 794 2031 (Boeciae
809 1976 883 2022 civitas

58 2045 85 2094 25
102 2059 145 2093 erat
156 2044 224 2103 haec),
235 2046 305 2094 sedin
316 2044 404 2095 Cretam
414 2046 521 2105 navigavit
531 2067 661 2106 causamque
671 2046 701 2095 ibi
712 2044 810 2095 morandi
820 2045 884 2095 aliani

99 2132 164 2175 atque
178 2117 241 2166 aliam
256 2118 384 2167 insimulans
397 2118 526 2178 aucupando
536 2132 623 2178 tempus
634 2118 687 2168 dum
698 2120 751 2168 vixit
760 2119 820 2177 apud
831 2118 884 2168 Cre-

99 2202 170 2237 tenses
182 2191 267 2239 mansit.
280 2190 378 2239 Moriens
390 2211 479 2250 quoque
490 2192 553 2239 iussit
563 2191 611 2239 alto·
618 2193 641 2239 in
654 2192 707 2239 mari
719 2193 801 2239 cineres
813 2193 884 2250 spargi

99 2274 156 2317 suos,
172 2283 199 2312 ne
213 2262 320 2321 Spartani,
334 2265 351 2312 si
365 2264 453 2323 quando
466 2265 512 2313 eius
525 2263 615 2314 fortasse
629 2264 729 2325 reliquias
743 2278 883 2323 reportarent,

99 2335 180 2382 solutos
196 2355 218 2381 se
235 2336 336 2392 religione
352 2356 377 2384 ac
392 2337 512 2384 iuramento
528 2350 629 2395 putarent
639 2337 790 2395 abrogatisque
800 2338 884 2395 legibus

59 2405 87 2453 30
101 2406 129 2453 ad
143 2426 209 2464 quarn
224 2408 355 2456 solerentac
369 2408 477 2466 cuperent
483 2409 592 2457 licentiam
602 2410 688 2458 vivendi
698 2410 799 2458 redirent.
816 2410 884 2468 Leges

100 2479 172 2536 itaque
187 2481 254 2529 coacti
265 2494 394 2537 acceperunt
405 2482 570 2529 Lacedaemonii
580 2495 602 2528 et
612 2502 666 2539 quas
676 2483 803 2539 impugnare
813 2495 884 2531 tanto-

101 2571 151 2607 pere
165 2551 297 2607 nitebantur,
315 2574 350 2601 eas
368 2554 472 2611 paulatim
489 2554 568 2601 assueti
585 2573 610 2601 ac
628 2553 733 2601 civiliores
751 2553 800 2602 lacti
819 2575 884 2614 quam

100 2623 224 2680 longissime
239 2624 387 2673 observarunt.

145 2696 170 2742 ln
184 2688 240 2743 terra
250 2715 301 2751 vero
311 2697 394 2751 ltaliae,
402 2718 457 2755 quae
465 2699 610 2755 impresentia,
618 2700 650 2746 uti
659 2700 734 2756 quavis
743 2700 825 2757 optima
833 2701 885 2752 doc-

4 2818 6 2822 *
60 2765 87 2812 35
103 2768 158 2815 trina
171 2779 196 2825 etj
203 2767 288 2823 virtute,
300 2768 329 2816 ita
340 2767 424 2827 legibus
440 2770 504 2837 etiam
516 2771 605 2835 maturis
615 2770 706 2829 acjbene
718 2771 805 2836 digestis
813 2766 888 2827 floret,

60 2881 203 2891 -Μ

101 2948 132 2990 28.
148 2948 238 3000 Spartani
252 2951 362 3002 cx'Sparni
376 2969 427 2993 corr.
440 2950 459 2994 0
475 2952 541 3003 Sparti
554 2952 579 2996 R.
