2093 3253
158 203 180 248 ts
454 216 548 247 srccoms
563 214 680 247 romnronr

197 331 246 391 pius
254 330 390 390 eandemque
398 329 470 379 Latini
479 329 534 386 regis
542 327 609 377 luisse
617 342 709 378 matrem
716 329 799 377 scribit.
808 329 896 378 Solinus
903 348 954 377 vero
961 342 983 377 et
1004 387 1006 389 V

199 402 264 452 Maro
272 424 297 452 ac
305 402 333 452 T.
343 403 418 452 livius
427 415 538 461 parentem
546 403 616 461 ipsam
625 401 719 451 Evandri
733 401 799 451 luisse
808 401 891 451 volunt.
905 400 984 460 Neque
1042 412 1046 466 ᾖ

198 497 249 525 vero
263 498 312 525 eam
326 477 406 524 litteras
419 476 527 523 invenisse
541 475 628 523 Latinas
642 476 681 522 sed
693 474 821 533 fatiloquam
839 475 913 529 tuisse,
927 475 984 523 litte-
1043 518 1046 535 ι

199 568 272 599 rarum
286 562 358 598 autern
373 548 509 597 inventorem
523 564 576 602 esse,
592 568 659 607 quem
674 549 790 603 nominavi,
811 547 943 602 Evandrum,
959 547 998 596 fi¹¹

173 621 186 672 5
202 620 256 671 lium
268 641 340 677 suum,
353 634 375 670 et
388 620 509 669 Cornellius
522 620 611 670 Tacitus
629 634 657 676 et,
671 622 709 680 qui
727 621 794 670 maior
807 617 839 669 est
852 620 985 675 auctoritate,

201 694 229 743 T.
245 694 319 743 Livius
335 708 446 743 memorat.
466 694 565 742 Evander
585 694 675 752 quidem
695 693 799 751 profugus
820 715 832 741 e
852 693 943 741 Graecia
963 694 985 739 in
1045 705 1046 708 ’

204 767 290 820 ltaliam
300 771 375 814 annos
383 778 433 814 ante
448 766 526 814 urbem
534 766 644 814 conditam
654 766 712 815 haud
722 765 801 815 multos
815 766 908 814 nimium
921 784 985 824 supra

202 839 282 889 CCCC
289 840 348 889 venit
356 853 377 888 et
385 860 440 898 quae
449 852 500 887 sunt
508 841 563 887 circa
571 839 677 888 Palatium
688 852 785 888 montem
795 852 817 888 et
826 837 915 889 fuerunt
925 853 984 897 post-

202 934 227 961 ea
236 914 296 962 urbis
312 914 358 962 loca
373 925 395 961 et
413 913 522 970 principia·
537 925 620 967 tenens,
640 912 760 960 litterarum
781 913 859 970 figuras
880 913 986 971 quasdam

164 987 190 1033 10
205 973 294 1034 irivenit.
309 985 365 1034 Usui
376 985 471 1044 primum
488 984 570 1033 Latinis
583 984 650 1033 luisse
669 984 749 1034 litteras
767 1005 805 1034 sex
822 986 888 1034 modo
905 1006 930 1033 ac
948 986 986 1033 de-

203 1080 251 1107 cem
263 1058 398 1108 Graecorum
411 1079 423 1106 e
435 1059 525 1116 vestigio
541 1078 619 1117 easque
628 1059 756 1117 antiquitate
765 1071 870 1117 perpetua
878 1078 925 1106 esse
934 1080 986 1106 con-

183 1180 185 1183 .
203 1144 303 1186 servatas,
313 1131 350 1190 qui
360 1144 392 1180 est
402 1131 552 1189 grammaticae
564 1130 653 1179 Latinae
663 1131 770 1189 magister,
782 1131 903 1180 Priscianus
914 1131 986 1185 refert,
996 1179 998 1182 ,

204 1226 259 1262 quae
274 1217 325 1252 sunt
339 1225 358 1258 a,
369 1204 391 1257 b,
403 1224 421 1257 c,
433 1204 455 1258 d,
467 1224 485 1258 e,
497 1223 517 1261 g,
528 1203 542 1257 i,
552 1203 566 1257 l,
576 1223 605 1257 m,
614 1223 636 1257 n,
646 1223 666 1258 o,
675 1224 697 1261 p,
707 1222 723 1257 r,
733 1223 750 1257 s,
759 1216 775 1257 t,
784 1224 807 1252 u.
817 1204 919 1262 Reliquas
929 1223 986 1257 vero,

205 1297 260 1336 quae
269 1290 320 1324 sunt
329 1295 421 1324 numero
430 1289 521 1334 septem,
531 1290 556 1324 ut
570 1274 586 1331 l,
596 1275 617 1331 h,
627 1275 646 1331 k,
656 1296 678 1335 q,
687 1295 707 1331 x,
716 1296 737 1334 y,
746 1296 765 1331 z,
780 1296 793 1325 a
803 1277 894 1335 posteris
912 1278 987 1325 inven-

133 1346 135 1349 ’
166 1348 238 1405 l5tas
256 1350 316 1398 dicit.
333 1348 430 1397 Assentit
447 1369 535 1408 quoque
554 1348 630 1397 Macro
650 1363 672 1397 et
693 1348 792 1403 Varroni,
810 1351 848 1408 qui
868 1350 988 1398 litterarum

205 1440 296 1470 numero
312 1423 332 1477 k,
341 1422 388 1480 q‚h
403 1441 447 1469 non
462 1416 596 1469 adhibendas
612 1434 697 1479 putant,
713 1421 774 1480 quod
789 1421 804 1469 h
819 1422 847 1470 sit
856 1423 957 1480 aspiratio
967 1436 988 1484 et

206 1495 259 1543 nihil
269 1506 341 1553 preter
349 1494 441 1551 figuram
450 1492 532 1541 litterae
543 1493 626 1549 habeat;
642 1514 682 1553 pro
696 1493 710 1542 l<
722 1513 773 1544 vero
787 1508 808 1543 et
821 1515 843 1553 q,
857 1508 882 1544 ut
895 1494 988 1543 solerent

207 1568 278 1625 prisci,
292 1586 336 1624 qua
351 1567 434 1614 utimur
455 1584 467 1612 c
484 1564 579 1613 litteram
595 1564 723 1621 habeamus;
742 1585 781 1624 pro
803 1566 812 1615 l
832 1580 906 1616 autem
923 1568 988 1625 prisci

207 1640 278 1689 Latini
289 1639 320 1700 ph
330 1651 449 1694 uterentur;
460 1657 524 1696 prox
535 1657 585 1688 vero
596 1659 619 1688 cs
630 1638 664 1688 vel
675 1659 698 1699 gs
710 1639 820 1696 haberent;
831 1660 908 1690 verum
917 1663 932 1701 y
942 1663 967 1691 ac
978 1665 989 1691 z

165 1715 194 1762 20
210 1712 417 1763 Latinosscribendi
428 1711 511 1761 Graeca
521 1713 587 1761 modo
595 1734 659 1761 causa
669 1715 794 1772 sumpsisse.
805 1715 938 1773 Pomponius
950 1737 989 1765 au-

172 1815 173 1818 =
210 1800 261 1840 tem,
270 1787 307 1843 qui
316 1784 480 1833 iurisconsultus
488 1785 583 1832 secunda
591 1784 618 1833 de
626 1785 709 1843 origine
718 1786 771 1833 iuris
780 1786 826 1845 lege
834 1786 929 1845 preditos
938 1789 990 1837 iuris

208 1858 296 1908 scientia
311 1857 444 1911 memoravit,
460 1857 559 1916 Appium
570 1857 687 1906 Claudiurn
698 1859 802 1908 virumin
813 1880 839 1907 eo
850 1880 928 1917 genere
939 1881 991 1920 pru-

208 1932 360 1980 dentissimum
377 1931 474 1979 nominat
496 1930 634 1988 eundemque
657 1930 750 1988 litteram
767 1951 778 1979 r
795 1932 901 1981 invenisse
919 1933 991 1989 refert,

209 2005 286 2053 ductus
309 2004 430 2052 coniectura
447 2003 507 2060 quod
523 2022 562 2060 pro
579 2002 668 2051 Valeriis
689 2016 711 2051 et
732 2004 802 2051 Furiis
823 2017 906 2054 veteres
921 2006 992 2055 dicere

167 2077 195 2128 25
211 2076 284 2127 solitos
293 2075 388 2125 Valesios
397 2088 418 2123 et
427 2075 510 2129 Fusios,
519 2075 580 2134 quasi
589 2096 633 2123 non
642 2076 745 2125 haberent
752 2096 763 2124 r
771 2076 871 2134 litteram,
879 2078 992 2134 inveniret.

209 2152 254 2200 Sed
269 2151 437 2209 haudquaquam
451 2150 474 2197 id
489 2150 622 2206 affirmasset,
638 2169 692 2206 reor,
708 2151 726 2198 si
741 2164 778 2201 aut
793 2172 849 2211 quae
863 2152 966 2203 dicuntur
981 2176 992 2202 a

209 2226 318 2273 Prisciano
329 2224 419 2273 vidisset
430 2235 467 2272 aut
479 2224 612 2272 meminisset
623 2223 724 2279 Remum,
736 2224 862 2280 Romulum,
871 2226 964 2275 Romam
972 2242 993 2275 et

211 2299 274 2345 huius
287 2296 346 2344 modi
358 2291 439 2353 reliqua
451 2307 541 2343 centena
552 2294 611 2342 milia
622 2315 632 2341 r
644 2294 737 2343 litteram
748 2296 848 2345 habentia
859 2299 948 2346 nomina
959 2301 992 2347 vel

210 2370 269 2429 apud
279 2368 441 2428 antiquissimos
453 2367 510 2416 dicta
521 2388 574 2416 esse.
586 2367 674 2427 Quippe
685 2369 708 2417 id
719 2368 851 2429 Pomponius
863 2385 921 2421 certe
931 2387 993 2430 pote·

168 2446 197 2493 30
212 2457 245 2493 rat
256 2443 368 2498 affirmare,
382 2443 437 2490 hanc
449 2443 512 2489 istam
524 2460 534 2489 r
547 2442 640 2491 litteram
652 2441 715 2501 longe
727 2445 776 2492 ante
789 2458 864 2494 natum
877 2445 993 2495 Claudium

203 2642 281 2678 tsotin.
296 2641 342 2678 1.ἱο
391 2638 467 2682 avere.
480 2638 629 2677 Aen.V111.336.
678 2640 695 2676 2.
707 2639 743 2677 Liv.
754 2640 766 2678 l.
775 2642 790 2678 7.
799 2642 814 2679 8,
864 2645 880 2680 5.
895 2644 936 2681 Tac.
950 2648 994 2685 Am.

169 2702 200 2739 Xl.
215 2703 239 2738 14.
289 2703 305 2741 6.
318 2701 354 2738 Liv.
369 2700 381 2738 l.
394 2700 409 2737 7.
422 2699 437 2736 0,
489 2700 514 2738 l2.
527 2699 576 2741 Prisc.
589 2702 628 2739 lust.
642 2701 654 2738 l.
674 2700 727 2739 15-16
744 2702 763 2747 (l,
780 2718 808 2747 pp.
830 2703 854 2741 12.
876 2703 895 2741 17
911 2721 947 2751 sqq.
965 2707 996 2752 K).

170 2765 198 2802 20,
211 2764 268 2807 Pomp.
282 2765 341 2808 Digest.
354 2762 367 2801 l.
381 2763 396 2800 Ζ.
410 2760 438 2798 36.

171 2870 313 2878 ..-.---

211 2927 230 2972 5.
247 2939 276 2970 est
289 2945 333 2971 sscr.
388 2924 421 2971 20.
431 2924 479 2969 Post
488 2924 588 2971 scribendi
598 2925 712 2972 vocabulum
721 2927 782 2980 gratia
791 2942 835 2980 exp.
897 2929 931 2975 29.
946 2931 996 2975 anti-

168 3010 274 3048 qulS-mos.
