2093 3253
258 157 392 188 SCRIPTORUM
407 157 533 188 ILLUSTRIUM
546 168 561 173 -
574 157 632 187 LIBER
647 157 679 187 111.
855 146 880 190 75

97 274 135 334 qui
150 273 235 331 scripsit
250 291 357 331 unquam,
370 285 394 321 ut
409 272 455 330 ipsa
470 272 533 321 docet
548 271 679 331 experientia
694 291 718 319 ac
735 270 880 331 Hieronymus

98 345 169 401 relert,
184 346 207 394 id
225 345 306 399 vitavit,
325 345 385 404 quod
402 345 558 394 detractoribus
577 357 654 393 careat.
672 343 765 393 Proinde
783 346 800 392 si
818 358 882 393 erunt

98 421 135 477 qui
151 438 198 466 mea
212 418 377 475 reprehendant,
392 438 462 476 aequo
476 419 550 465 animo
565 418 587 465 id
602 416 658 465 terre
673 419 782 471 constitui,
797 438 881 476 preser-

98 492 137 540 tim
152 490 212 550 quod
226 490 268 538 sim
283 488 452 554 haudquaquam
464 509 490 538 ex
501 489 543 539 illis
556 491 593 549 qui
606 502 643 539 aut
655 490 734 539 invidis
747 503 832 538 careant
844 503 882 538 aut

71 566 84 615 5
100 585 125 613 eo
140 566 182 613 sint
197 563 277 619 studio,
291 563 385 622 ingenio,
399 562 500 611 lacultate
514 564 609 622 provecti
624 563 684 622 quod
698 562 752 611 nihil
766 563 882 622 reprehen-

98 637 201 691 dendum,
217 636 271 685 nihil
283 658 326 685 non
338 657 423 685 summa
439 637 502 685 laude
519 637 616 695 dignum,
629 637 683 685 nihil
695 658 740 685 non
751 636 882 695 perfectissi-

99 728 159 757 mum
174 707 274 757 habeant.

140 780 184 829 Sed
199 781 240 829 hoc
255 781 310 829 libro
325 780 446 839 Virgilium,
461 781 540 829 deinde
554 780 676 836 Horatium,
690 782 722 829 uti
736 794 768 829 est
782 783 881 839 proposi-

99 868 153 910 tum,
174 867 284 914 postremo
304 867 362 903 extra
383 855 482 920 ordinem
502 855 638 913 magistratus
659 854 767 904 Romanos
791 855 829 914 qui
851 856 881 903 rei

61 929 87 976 ll]
102 928 200 984 publicae
215 946 317 984 praeesse·
327 928 426 981 solerent,
442 946 487 974 rem
501 929 556 975 scitu
571 928 629 975 haud
643 928 748 982 inutilem,
763 929 882 976 videamus.

99 998 198 1048 Parentes
213 1000 279 1058 igitur
293 999 358 1047 Maro
368 999 443 1048 hahuit
453 1000 551 1048 rusticos.
562 999 645 1048 Fictilia
653 1012 713 1058 pater
721 999 772 1048 lecit
780 1000 882 1058 primum,
931 1016 933 1019 ’

99 1073 178 1121 deinde
196 1074 282 1121 viatoris
301 1075 444 1121 mercenarius
462 1087 528 1132 atque
546 1073 634 1121 tandem
652 1072 710 1140 '³⁰⁰9
729 1072 825 1131 quodam
843 1093 883 1132 pro

99 1159 193 1203 aspectu,
203 1147 296 1204 ingenio,
305 1146 390 1195 solertia
399 1166 464 1205 gener
472 1146 541 1195 lactus
550 1159 590 1195 est,
599 1142 745 1195 Mercaturam
753 1146 796 1205 egit
805 1145 884 1195 deinde

99 1218 137 1266 sed
152 1217 234 1266 felicior
242 1219 265 1266 in
273 1218 371 1266 emendis
379 1218 438 1266 silvis
447 1230 468 1266 et
475 1219 592 1266 tractandis
600 1218 685 1277 apibus,
694 1237 747 1282 quas
756 1218 815 1276 apud
823 1238 883 1266 soce-

63 1289 87 1339 15
103 1310 152 1339 rum
166 1291 254 1346 invenit,
269 1289 366 1340 fortunas
379 1291 446 1341 auxit.
460 1291 516 1340 Patri
530 1311 610 1340 nomeu
623 1284 736 1350 Virgilius)
748 1292 810 1339 matri
824 1291 884 1339 Maia

100 1362 147 1412 luit.
165 1364 213 1422 lpse
226 1382 277 1413 vero
289 1363 313 1413 P.
326 1363 429 1423 Virgilius
443 1364 507 1413 Maro
519 1364 638 1423 appellatus
652 1377 691 1412 est.
704 1362 806 1412 Nascitur
819 1364 884 1412 Maro

101 1436 158 1484 haud
173 1437 267 1485 multum
279 1450 328 1494 post
340 1450 438 1495 tempora
450 1438 574 1485 dominatus
587 1437 664 1494 Syllae,
679 1437 753 1484 Idibus
767 1437 883 1491 Octobriis‚

100 1508 144 1557 Gn.
150 1508 254 1568 Pompeio
264 1522 286 1558 et
297 1509 323 1558 L.
335 1508 413 1557 Crasso
426 1508 560 1576 consulibus.
573 1509 650 1557 Annus
664 1520 709 1557 erat
722 1521 774 1557 tunc
789 1509 817 1557 ab
830 1509 885 1557 urhe

99 1581 231 1631 conditaVl⁰
250 1582 354 1632 LXXXI.
370 1581 418 1631 Nec
433 1583 479 1632 sine
493 1583 591 1642 presagio
604 1596 713 1631 natusest
727 1581 790 1630 Maro
804 1594 884 1630 noster.

59 1655 87 1701 20
102 1655 189 1712 Quippe
198 1656 297 1713 gravidae
308 1657 369 1705 matri
380 1675 418 1714 per
427 1657 523 1714 quietem
532 1657 603 1703 visum
613 1676 636 1703 se
645 1674 719 1714 parere
728 1655 782 1704 lauri
792 1674 884 1721 ramum,

100 1726 136 1785 qui
152 1747 202 1776 mox
211 1726 349 1777 vehementer
357 1740 488 1777 excresceret
496 1747 604 1787 pomaque
612 1747 637 1775 ac
651 1727 713 1775 flores
728 1728 797 1775 varios
811 1740 833 1775 et
846 1722 884 1775 de-

100 1797 207 1848 lectabiles
223 1799 302 1850 ederet.
321 1799 380 1849 Haec
394 1802 479 1849 somnio
490 1819 528 1859 per
539 1812 626 1848 noctem
636 1801 688 1849 visa.
700 1800 743 1848 Die
757 1813 830 1848 autem
847 1800 884 1858 qui

100 1869 147 1919 eain
162 1884 247 1921 secutus
263 1885 296 1921 est
312 1886 404 1928 noctem,
419 1886 443 1921 ut
459 1874 528 1922 solent
544 1874 623 1922 rustica
638 1891 661 1921 re
675 1872 759 1928 soliciti,
775 1873 798 1921 in
808 1891 885 1931 agrum
936 1881 937 1884 ’

100 1962 186 1992 summo
200 1945 296 1994 diluculo
310 1947 343 1994 vir
356 1958 377 1994 et
391 1964 445 1994 uxor
455 1945 546 2004 protecti
557 1958 615 1994 sunt.
630 1943 711 1993 Venter
721 1944 777 1992 torte
788 1957 884 1992 maturus

58 2013 86 2062 25
102 2027 146 2063 erat
160 2028 225 2074 atque
241 2017 276 2084 ita
285 2030 381 2067 maturus
397 2017 457 2077 quod
472 2018 553 2076 patenti
569 2018 591 2064 in
607 2035 658 2075 agro
673 2029 737 2076 atque
752 2018 799 2075 ipsa
813 2018 894 2065 invia

100 2107 174 2145 parere
189 2108 256 2148 prope
271 2103 344 2139 coacta
356 2092 390 2139 sit.
403 2089 445 2139 Vix
457 2091 527 2138 mariti
539 2090 618 2139 auxilio
631 2091 717 2138 secessit
729 2091 850 2149 proximam
862 2092 884 2137 in

101 2159 188 2209 lossam.
203 2161 269 2210 Nulla
286 2176 331 2210 erat
347 2162 377 2210 ihi
394 2183 449 2216 casa,
467 2162 552 2210 nullum
569 2164 687 2220 tugurium,
705 2162 777 2211 nullus
794 2155 885 2211 idoneus

101 2233 168 2291 magis
183 2233 250 2283 locus.
266 2234 346 2283 Omnia
363 2235 421 2284 caelo
438 2248 460 2284 et
475 2247 531 2283 terra
547 2234 658 2294 patebant.⁴
674 2234 776 2293 Denique
792 2254 885 2293 puerum

100 2318 190 2364 urgente
205 2306 257 2356 hora
272 2309 342 2357 mariti
355 2308 426 2358 solum
438 2321 459 2357 et
471 2318 560 2357 naturae
572 2308 645 2357 adiuta
658 2306 760 2366 suffragio
772 2308 834 2355 enixa
846 2320 885 2355 est.

60 2377 89 2424 30
105 2378 178 2426 lnlans
193 2399 243 2428 vero
259 2393 320 2428 utero
335 2400 433 2439 egressus
448 2381 550 2439 vagitum,
566 2393 591 2430 ut
606 2381 676 2429 solent
690 2392 801 2429 nascentes
816 2382 885 2439 pueri,

101 2452 186 2501 nullum
201 2452 262 2502 dedit
276 2453 314 2502 sed
329 2452 383 2502 lacie
398 2454 460 2510 letus,
476 2466 583 2514 quantum
596 2466 654 2502 aetas
669 2466 784 2512 pateretur,
799 2447 886 2502 edocuit

101 2539 195 2582 quantus
210 2524 296 2575 futurus
312 2527 345 2574 vir
359 2547 384 2575 ac
399 2540 462 2585 poeta
478 2540 540 2591 esset.
557 2527 629 2575 Mater
643 2539 716 2575 autem
731 2527 807 2575 leviata
822 2540 886 2585 partu

60 2640 203 2649 ——m

97 2700 111 2736 r.
124 2700 191 2738 namn
205 2702 252 2746 rau.
265 2703 324 2746 raas,
337 2685 382 2747 (aa,
394 2707 410 2739 a
422 2703 460 2744 m,-
473 2702 494 2739 cr.
507 2690 557 2748 aa.
571 2702 599 2740 54.
615 2702 649 2748 n),

88 2857 118 2931 12.
132 2870 194 2903 careat
209 2866 222 2904 i.
236 2879 260 2905 m.
276 2859 321 2904 add.
380 2860 409 2904 17.
423 2859 477 2905 haud
492 2859 578 2906 multum
592 2880 637 2907 sscr.
692 2861 725 2909 29.
739 2880 824 2916 puerum
839 2872 885 2908 unte

60 2938 118 2967 emxa
132 2939 175 2979 erp.
