2093 3253
150 233 191 277 380
451 245 542 276 srccours
556 246 671 276 Potnnroru

236 358 372 407 Rubiconem
387 357 468 406 flumen
483 358 583 406 nondum
596 358 723 406 transiverat
738 357 823 412 Caesar;
839 357 890 406 belli
905 371 978 408 autem

193 432 341 491 expectatione
354 432 427 480 omnia
440 433 462 480 in
475 451 555 491 pavore
567 453 592 480 ac
604 431 701 481 tumultu
714 445 781 487 erant
795 431 855 491 quod
868 428 944 480 dietim
956 446 978 480 et

194 506 272 554 certior
283 504 450 554 increbresceret
462 525 536 554 rumor
548 505 662 555 Caesarem
673 506 752 554 iratum
764 505 867 563 Pompeio
879 518 900 553 et
911 506 977 562 patri·

193 577 234 626 bus
249 596 296 626 esse
304 576 442 635 eundemque
450 577 544 626 maximo
551 598 603 626 cum
609 578 704 626 exercitu
711 590 777 637 atque
784 598 810 626 eo
817 577 891 626 animo
897 577 977 626 adven-

167 651 180 698 5
196 663 241 699 tare
255 661 280 698 ut
294 648 431 704 consulatum
439 661 477 697 aut
486 662 563 708 sponte
572 648 648 698 datum
656 649 762 708 acciperet
770 661 807 698 aut
817 661 919 706 negatum
927 648 948 696 vi
958 662 979 696 et

194 724 259 773 armis
273 722 383 781 arriperet.
391 721 502 772 Ciceronis
508 737 581 772 autem
587 722 658 772 reditu
664 737 730 782 atque
736 723 843 781 presentia
849 722 903 771 adeo
915 722 979 770 erecti

194 809 245 845 sunt
259 795 326 845 animi
341 796 428 850 civium,
438 797 551 854 presertim
560 797 598 854 qui
607 797 659 844 boni
668 809 739 844 essent
748 796 788 843 viri
797 795 933 854 salutemque
941 815 979 852 pa·

194 869 247 917 triae
261 887 285 917 ac
301 868 331 916 rei
346 866 446 926 publicae
456 868 537 918 statum
547 867 646 928 quietum
656 881 677 917 et
688 867 771 917 bonum
780 880 883 923 amarent,
894 879 919 917 ut
929 886 980 925 pos»

195 953 228 989 set
241 938 304 989 lacile
317 936 407 997 intelligi
421 940 495 998 ipsum
508 960 555 989 esse
568 939 630 989 illum
644 941 667 988 in
681 962 725 999 quo
739 940 832 999 reposita
846 960 895 998 spes
910 938 981 987 omnis

156 1015 183 1062 10
197 1014 262 1072 pacis,
274 1012 359 1070 quietis,
371 1012 498 1061 concordiae
508 1012 599 1078 civitatis
609 1026 672 1062 esset.
684 1013 722 1061 Uti
733 1012 829 1074 animab
839 1033 865 1060 eo
875 1011 980 1074 superiori

195 1100 300 1146 tempore,
314 1106 365 1133 cum
377 1098 432 1133 esset
444 1084 527 1140 consul,
540 1085 664 1135 Catilinaria
676 1087 743 1145 pestis
755 1085 821 1135 tracta
833 1098 898 1145 atque
911 1084 981 1134 deleta

133 1218 134 1221 Ἴ
196 1170 240 1206 erat
254 1158 370 1217 prudentia
383 1170 404 1206 et
417 1157 508 1206 consilio
521 1179 568 1212 suo,
581 1158 611 1207 ita
624 1179 683 1206 nunc
695 1157 801 1217 putabant
814 1156 861 1206 lore
874 1156 934 1217 quod
947 1177 981 1204 sa-

196 1232 276 1287 pientia
291 1243 312 1277 et
328 1232 491 1288 interpositione
503 1251 542 1277 sua
554 1231 621 1278 civilis
634 1231 699 1278 huius
712 1231 818 1278 nascentis
831 1230 882 1278 belli
894 1229 982 1277 flamma

197 1303 292 1360 extingui
307 1322 332 1349 ac
347 1303 433 1359 penitus
448 1303 494 1350 tolli
504 1315 583 1360 posset.
593 1304 672 1362 Neque
681 1322 732 1350 vero
740 1304 787 1361 ipse
795 1302 855 1349 aliud
863 1302 982 1361 quicquam

158 1376 182 1425 l5
198 1388 220 1424 et
234 1375 280 1437 dies
295 1388 316 1423 et
328 1379 402 1423 noctes
414 1375 527 1433 cogitabat,
540 1376 647 1430 studebat,
660 1376 748 1424 curabat
760 1394 827 1434 quam
837 1387 861 1423 ut
873 1375 930 1423 cives
942 1374 982 1420 bo-

198 1468 248 1496 nam
262 1446 290 1496 ad
304 1446 443 1496 concordiam
452 1460 474 1495 et
483 1468 559 1505 pacem
568 1449 643 1506 quavis
653 1449 780 1496 condicione
789 1449 901 1495 reduceret
911 1446 982 1503 digni-

196 1531 308 1578 tatemque
321 1539 383 1566 suam
396 1530 467 1576 patres
480 1540 505 1567 ac
518 1538 551 1567 res
564 1519 652 1577 publica
665 1520 788 1568 retinerent.
802 1519 880 1567 Pacem
893 1517 984 1578 quidem

197 1591 325 1640 condicione
340 1590 415 1650 quavis
427 1591 492 1639 etiam
504 1591 583 1639 iniusta
594 1590 652 1640 bello
664 1592 729 1641 etiam
740 1592 797 1640 iusto
809 1590 983 1649 anteponendam

199 1664 244 1713 esse
259 1663 351 1713 dicebat.
367 1663 461 1722 Quippe»
469 1663 564 1719 inermis,
580 1683 651 1719 senex,
666 1677 752 1723 togatus
767 1665 839 1719 homo,
854 1662 983 1723 sapiensque

156 1738 185 1787 20
200 1757 225 1786 ac
239 1737 310 1785 bonus
325 1736 377 1785 civis
393 1748 511 1795 utrumque
526 1737 635 1785 adhortari
650 1737 721 1786 verbis
732 1738 771 1786 sed
780 1737 802 1786 vi
812 1749 915 1786 neutrum
924 1756 985 1784 com¹

198 1809 278 1868 pellere
292 1822 383 1866 poterat.
396 1809 497 1857 Solicitus
509 1810 568 1858 enim
579 1810 697 1858 sedandam
708 1811 737 1858 ad
748 1810 878 1858 discordiam
889 1808 984 1866 vigilavit

200 1882 337 1941 multumque
347 1901 372 1930 ac
382 1901 445 1940 saepe
455 1881 482 1931 de
492 1881 549 1931 bona
558 1901 611 1941 pace
620 1894 642 1930 et
651 1881 767 1931 concordia
776 1882 863 1937 civium.
874 1882 902 1931 de
912 1881 985 1941 quiete

199 1956 297 2009 civitatis
309 1955 337 2003 de
348 1954 449 2013 periculis
460 1974 516 2014 quae
527 1954 575 2009 illis,
587 1975 643 2014 quae
653 1955 707 2010 istis,
718 1975 774 2015 quae
785 1955 876 2009 senatui,
888 1974 944 2014 quae
954 1954 985 2002 rei

199 2027 306 2086 publicae,
324 2046 380 2083 quae
396 2026 498 2074 omnibus
514 2027 636 2080 iminerent,
653 2028 671 2073 si
688 2027 746 2075 bello
762 2046 795 2075 res
811 2040 917 2085 ageretur,
934 2046 986 2074 cum

158 2101 187 2150 25
202 2098 288 2159 publice
300 2111 347 2147 tum
359 2099 441 2156 private
452 2098 536 2147 locutus
548 2111 587 2147 est.
599 2099 681 2148 Verum
692 2099 743 2148 belli
756 2100 843 2159 gerendi
854 2112 914 2148 tanta
925 2098 986 2158 cupi-

201 2172 267 2222 ditate
279 2183 384 2230 tantoque
396 2169 469 2220 lurore
482 2185 503 2221 et
516 2171 574 2220 hunc
587 2185 608 2221 et
621 2170 735 2222 illum'nec
748 2172 814 2222 modo
827 2172 935 2233 principes
947 2171 987 2220 sed
1019 2200 1022 2204 Α

200 2246 253 2294 alios
268 2257 289 2294 et
305 2245 384 2293 multos
403 2245 455 2293 alios
474 2266 499 2294 ac
516 2265 584 2304 prope
602 2266 678 2294 omnes
696 2267 798 2295 accensos
817 2248 987 2307 obcaecatosque

202 2331 288 2376 semper
301 2318 384 2366 invenit
398 2330 423 2365 ut
437 2318 502 2365 etiam
516 2319 554 2376 qui
568 2318 649 2365 iudicio
663 2318 709 2366 eius
723 2333 829 2367 amatores
843 2320 874 2367 rei
888 2319 988 2378 publicae

202 2390 298 2450 bonique
312 2409 359 2438 esse
380 2390 437 2439 cives
458 2409 482 2438 ac
503 2391 570 2449 quieti
591 2392 664 2440 animo
685 2404 819 2450 putarentur,
841 2391 988 2442 disturbarent

161 2465 190 2513 30
204 2484 280 2523 pacem
290 2461 388 2522 nihilque
398 2463 481 2512 avidius
492 2484 558 2523 quam
567 2463 650 2513 bellum
659 2465 754 2524 quadam
763 2466 880 2523 pertinacia
890 2466 956 2515 animi
967 2478 989 2513 et

202 2535 303 2583 victoriae
318 2556 364 2592 spe,
374 2535 435 2593 quasi
445 2534 480 2581 alii
489 2534 541 2583 alios
551 2549 572 2584 et
580 2548 655 2594 captos
664 2549 685 2584 et
694 2537 778 2584 vinctos
787 2537 867 2585 catenis
877 2537 987 2590 haberent.

143 2604 144 2608 ¹
203 2625 318 2666 exposcere
332 2607 464 2656 viderentur.
480 2607 572 2656 Senatus
587 2608 677 2667 quidem
692 2622 713 2657 et
728 2609 834 2668 quicquid
848 2623 892 2659 erat
908 2609 989 2658 civium

204 2680 241 2740 qui
256 2679 371 2740 optimates
383 2678 542 2739 appellarentur
554 2692 575 2729 et
586 2701 659 2730 amare
671 2682 755 2730 bonum
766 2681 858 2732 civitatis
871 2695 952 2732 statum
963 2704 989 2730 ac

203 2773 249 2802 rem
264 2751 375 2812 publicam
385 2752 510 2802 viderentur
521 2754 650 2812 Pompeium
661 2756 805 2803 constitutum
815 2777 827 2804 e
838 2755 927 2815 publico
938 2754 988 2804 belli

162 2826 190 2874 35
206 2826 284 2874 ducem
298 2825 327 2873 ad
342 2824 488 2875 defendendas
504 2825 561 2884 leges
577 2827 668 2876 civitatis
684 2847 708 2875 ac
724 2847 771 2875 rem
786 2827 896 2886 publicam
912 2849 990 2888 seque-

217 3006 248 3052 27.
263 3018 282 3052 et
296 3014 309 3051 ι’.
324 3027 347 3058 r,;
362 3017 403 3051 erat
418 3027 446 3052 ac.
481 3013 482 3016 ’
502 3006 534 3053 28.
548 3010 607 3054 etiam
621 3011 656 3065 qui
670 3017 683 3056 ι’,
698 3029 721 3062 r.;
736 3022 777 3057 erat
791 3010 840 3063 eius.
