2093 3253
149 251 199 299 440.
401 267 402 270 ¹
446 266 541 298 srccours
555 266 674 298 rotaurour

191 384 274 437 «Mihi,
290 404 334 431 non
349 383 400 437 tibi,⁴
412 403 425 430 o
441 383 525 438 Cicero,
541 383 623 432 iudices
638 383 784 450 crediderunt,
794 400 827 423 »tt
837 384 885 432 lmo
899 404 956 440 vero.
966 403 976 426 >⁷

191 455 263 516 inquit
277 454 363 511 Cicero,
382 454 460 510 «mihi,
481 476 494 503 ο
513 454 585 510 Clodi,
606 476 651 504 non
670 454 710 504 tibi
730 454 812 504 iudices
831 455 976 513 crediderunt:
1041 450 1047 503 ’ἶῗ

192 550 235 579 non
250 528 309 578 enim
323 542 345 577 te
359 529 382 577 ni
397 529 447 578 data
463 529 555 587 pecunia
572 528 738 579 absolverunt.»
757 528 846 578 Urbane
863 542 936 579 autem
954 532 975 580 in

179 602 215 651 ‘P.
231 602 329 657 Cassam,
345 601 405 660 quod
423 601 484 650 testis
499 600 559 660 apud
574 600 656 651 iudices
672 595 803 659 interogatus
819 601 873 651 scire
887 611 911 651 se
923 602 976 653 nihil
1039 611 1047 663 ἰῇ]

166 679 179 726 5
194 676 281 731 diceret,
292 677 375 724 iocatus
385 687 417 724 est
428 674 512 724 Cicero:
523 691 532 715 (t
541 673 599 724 Cave
609 688 618 715 ³>
628 674 700 734 inquit
709 675 738 724 ad
748 695 799 724 eum
809 670 976 736 «quid'respon-

192 750 249 804 deas;
265 769 310 797 non
324 748 383 797 enim
397 748 452 806 quid
471 747 499 796 de
518 748 564 796 iure
584 748 638 795 scias
658 748 805 806 interogant.»
825 747 977 807 Erat-quidem

191 823 231 871 iste
246 821 418 874 iurisconsultus,
431 821 469 870 sed
480 820 568 869 illorum
576 841 592 869 >e
603 839 694 869 numero
706 820 744 879 qui
756 833 778 868 et
789 821 876 879 ingenio
889 821 976 869 hebetes

192 908 263 944 essent
277 908 299 942 et
314 893 368 942 nihil
382 892 427 942 lere
437 893 509 942 minus
525 914 592 952 quam
607 893 654 942 iura
663 893 749 941 scirent.
767 893 792 942 ln
802 893 910 942 Catonern
919 914 976 950 vero,

191 967 291 1018 Stoicum
305 966 462 1026 philosophum
478 979 499 1015 et
516 966 661 1025 amplissimae
678 966 787 1025 gravitatis
804 967 882 1023 virum,
900 967 975 1016 delen·

153 1045 179 1091 11]
194 1042 247 1090 dens
261 1041 288 1089 L.
304 1041 422 1089 Murenam
436 1042 465 1088 ita
479 1040 531 1089 lusit
545 1039 614 1089 lacete
623 1053 648 1088 ut
657 1039 695 1098 qui
705 1040 868 1095 circumstantes
877 1040 977 1098 audirent

192 1115 274 1174 quique
288 1113 370 1162 iudices
382 1126 457 1162 essent
466 1133 491 1162 ac
504 1114 603 1162 sederent
616 1112 685 1161 ridere
697 1132 723 1161 ac
735 1112 845 1162 lacrimare
858 1114 906 1162 risu>
915 1133 976 1173 prae·

192 1187 260 1237 nimio
271 1184 405 1246 cogerentur.
418 1185 463 1235 Sed
474 1186 497 1234 in
508 1206 572 1235 causa
584 1187 611 1234 L.
623 1185 694 1234 Flacci
706 1198 730 1234 ut
741 1186 888 1236 absolveretur
899 1200 977 1246 poten·

159 1299 161 1301 .
191 1261 301 1310 tissimum
314 1259 466 1309 adiumentum
482 1259 550 1309 lacete
567 1259 651 1309 dictum
667 1258 716 1309 luit.
733 1258 825 1309 Octavio
841 1272 921 1316 autem,
939 1262 975 1320 qui

192 1332 337 1383 esset-nobilis
347 1333 430 1392 Libyus
439 1344 531 1382 et'aures
539 1332 609 1391 patrio
618 1350 678 1381 more
685 1330 803 1390 perforatas
813 1332 908 1388 haberet,
917 1334 977 1392 quod

154 1408 178 1456 15
194 1408 319 1457 recitantem
336 1405 465 1454 Ciceronem
481 1426 526 1454 non
542 1405 617 1454 audire
634 1425 657 1453 se
673 1404 766 1458 diceret·
778 1405 897 1463 respondit:
914 1397 986 1454 «Cur⁴

192 1500 236 1529 non
250 1478 325 1528 audias
340 1476 417 1536 edepol
427 1478 501 1533 miror,
511 1477 595 1532 Octavi,
606 1498 657 1525 cum
666 1494 728 1525 aures
738 1476 872 1546 soleasbene
881 1477 977 1536 perfora¹

184 1565 223 1600 'tas
238 1551 324 1600 habere.
334 1568 343 1591 ³)
627 1560 629 1562 ’

216 1649 219 1666 ³
236 1626 261 1675 ln
277 1623 366 1674 fratrem
383 1644 471 1684 quoque
488 1633 621 1683 generosque
638 1644 663 1672 ae
685 1621 751 1671 filiam
773 1622 862 1671 huiusce
884 1622 977 1672 dicteriis

192 1718 245 1748 usus
259 1709 299 1747 est.
309 1697 346 1746 Ad
355 1697 423 1747 filiam
433 1698 498 1752 enim,
510 1717 561 1746 cum
571 1708 627 1745 esset
638 1694 762 1754 Crasipedis
772 1704 833 1749 uror,
847 1712 856 1736 t
864 1694 958 1744 Ambula
968 1702 976 1735 i>

151 1776 180 1823 20
193 1772 265 1832 inquit
279 1789 288 1813 <t
296 1784 321 1821 ut
334 1772 374 1821 vir.
384 1789 393 1813 >t
407 1772 470 1821 Duos
483 1772 573 1830 quidem
586 1771 686 1819 ictuho'c
699 1790 744 1819 uno
757 1769 870 1827 percussit.
885 1767 943 1820 Nam
956 1783 977 1818 et

192 1844 258 1899 illam,
274 1844 334 1902 quod
348 1844 438 1892 celerius
454 1865 520 1902 quam
535 1844 621 1892 deceret
631 1843 735 1891 leminam
745 1856 870 1901 properaret
880 1856 902 1891 et
913 1841 975 1896 mari<

191 1931 247 1972 tum,
258 1917 319 1975 quod
329 1917 416 1975 segnius
427 1938 494 1975 quam
504 1916 590 1965 deceret
601 1915 800 1970 virum'incederet
809 1914 850 1964 hoc
861 1937 906 1964 uno
917 1916 976 1965 dictu

192 1989 338 2049 reprehendit.
355 1989 474 2038 Lentulum
488 2002 562 2038 autem
577 1987 722 2043 Dolobellam‚
738 1987 776 2046 qui
792 2000 878 2038 mortuo
894 1989 975 2053 Crassi·
1040 2036 1047 2055 s

192 2064 248 2123 pede
262 2081 352 2112 uxorem
366 2062 464 2112 Tulliam
479 2062 569 2112 duxerat
584 2075 605 2110 et
620 2074 701 2110 statura
716 2055 810 2120 puxillus
822 2073 877 2117 erat,
893 2063 975 2110 accinc·
1035 2069 1047 2113 l

152 2139 179 2187 25
193 2150 242 2203 turn
256 2156 307 2184 ense
322 2156 388 2194 quam
402 2135 467 2195 longo
480 2134 614 2195 prospiciens
633 2134 687 2183 dixit
704 2153 744 2194 per
759 2134 831 2183 iocum
844 2135 872 2183 ad
885 2135 976 2184 circum·
996 2135 999 2139 ⁸

193 2221 281 2261 stantes:
292 2227 300 2252 t<
310 2207 418 2271 Quisnam
427 2227 532 2273 generum
543 2228 617 2258 meum
627 2209 679 2259 huic
689 2208 762 2266 gladio
772 2208 892 2269 obligavit?
904 2227 912 2268 2¹
925 2211 975 2261 Pro*
1033 2205 1047 2276 Ξ

192 2282 262 2332 lectus
276 2300 327 2330 vero
342 2281 364 2330 in
379 2283 513 2340 provinciam
526 2302 593 2342 quam
606 2281 672 2331 lrater
686 2282 714 2339 Q.
729 2282 807 2331 Cicero
821 2302 872 2331 cum
886 2283 975 2343 imperio

192 2355 303 2409 tenuisset,
317 2373 368 2403 cum
381 2354 438 2404 illius
452 2355 566 2415 clipeatam
576 2355 693 2414 imaginem
703 2356 830 2414 proceritate
840 2375 907 2415 quam
918 2376 976 2405 maru
1041 2393 1047 2408 .

192 2429 235 2478 ima
249 2426 331 2488 pictam
345 2428 373 2476 a'd
387 2441 463 2487 pectus
476 2449 546 2488 usque
562 2429 651 2484 videret,
668 2446 785 2477 conversus
801 2429 829 2477 ad
846 2429 927 2478 amicos
943 2429 987 2489 dis

116 2511 117 2515 ’
151 2504 180 2550 30
194 2502 231 2549 xit:
247 2500 352 2558 «Quippe
364 2494 429 2549 lrater
442 2522 503 2549 meus
517 2502 584 2549 maior
597 2514 629 2548 est
642 2502 745 2549 dimidius
758 2521 824 2558 quam
836 2513 902 2549 totus.
912 2519 921 2542 a

233 2571 269 2620 Ad
291 2571 339 2620 illos
361 2585 435 2621 autem
455 2573 493 2632 qui
509 2593 584 2622 senem
599 2574 734 2631 increparent
749 2572 810 2630 quod
826 2575 975 2631 sexagenarius

192 2645 286 2705 puellam
301 2645 390 2695 duceret
406 2666 503 2702 uxorem,
521 2647 592 2696 «Cras
601 2664 610 2688 >t
627 2646 699 2707 inquit
715 2645 810 2695 «mulier
826 2647 874 2696 erit.
884 2663 893 2688 >³
911 2648 975 2697 Porro

185 2753 257 2830 attur.
271 2791 306 2829 Cic.
320 2788 349 2828 26.
405 2784 608 2824 taratarantium
621 2783 648 2819 2l.
708 2777 906 2818 lzssMacrobrSatll.
922 2771 976 2818 1.,13ι

153 2849 428 2892 13.Macr0b.sar.V11.3.7.
479 2842 749 2884 19.Mac10b.Sar.11.3.16.
804 2841 832 2878 26.
849 2837 925 2877 Macrob.
942 2834 977 2872 Sal·
1043 2872 1047 2891 ,b

149 2917 170 2955 11.
184 2916 200 2953 3.
215 2917 230 2952 3x
283 2913 312 2950 30.
324 2910 400 2950 Macrob.
412 2909 449 2949 Sat.
462 2908 483 2946 ll.
496 2907 513 2946 3.
525 2906 543 2945 4.
591 2905 620 2944 32.
633 2904 690 2949 Quint.
702 2904 743 2943 lasl-
755 2902 784 2940 Vl.
797 2902 814 2940 3.
829 2901 857 2939 75.
878 2926 902 2932 --
948 2917 950 2921 ’

149 3001 292 3011 ,.----

190 3031 209 3093 l.
225 3048 269 3093 lmo
283 3062 331 3091 vero
345 3051 358 3090 ι’.
373 3063 394 3096 ν.;
410 3052 452 3087 erar
465 3041 546 3095 Nono)
560 3040 621 3085 enim.
