2093 3253
170 196 210 241 496
472 190 568 242 SICCONIS
582 209 700 241 eotrnrortt

212 323 276 374 scribi
291 343 331 372 nec
345 323 451 372 Senecam
466 322 505 370 sed
516 323 638 371 Martinum
648 321 784 372 Scotiensem
794 323 921 382 episcopum
931 323 1000 382 scrip-

211 412 283 448 torem
298 397 344 446 eius
360 396 461 446 affirmat.

254 469 386 530 Tragoedias
403 470 468 520 etiarn
485 469 527 530 hoc
543 470 584 519 isto
601 469 675 519 morali
692 491 704 519 a
720 469 802 520 Seneca
818 470 908 530 scriptas
925 468 1000 529 opinio

213 543 337 604 pervulgata
350 543 410 591 dicit.
423 543 468 591 Sed
481 544 521 591 ista
535 543 562 591 de
574 561 597 592 re
609 556 664 601 puto
677 543 807 602 explicatum
819 543 849 591 ita
861 541 922 591 libris
935 563 1000 601 supe-

187 620 200 669 5
215 617 307 666 rioribus
318 634 371 670 esse,
381 634 432 663 curn
442 615 469 676 de
479 615 548 673 poetis
559 634 630 663 sermo
639 614 752 664 habendus
761 614 810 669 tuit,
821 616 881 674 quod
890 634 937 663 esse
946 614 1000 663 nihil
1027 630 1028 633 ’

213 690 335 740 existimem
352 688 445 747 amplius
463 689 523 738 unde
540 689 656 747 quisquam
673 688 715 737 illis
732 688 833 737 assentiat
850 688 888 747 qui
905 687 1000 737 nominis

165 806 167 809 .
213 763 389 823 aequivocatione
402 761 487 819 decepti
501 773 612 810 auctorem
625 779 699 810 earum
712 773 812 810 nostrum
823 759 882 809 hunc
895 759 1000 809 Senecam

213 837 259 885 esse
274 848 359 894 putant.

255 907 316 956 Haec
326 919 399 955 autem
406 919 462 955 ‘sunt
476 927 532 965 quae
543 906 635 955 dicenda
646 907 674 955 de
685 906 745 955 libris
757 907 832 965 deque
839 906 899 974 omni
915 907 959 955 vita
974 927 1000 954 ac

173 984 199 1033 l0
215 994 284 1031 morte
300 978 367 1029 nostri
384 978 470 1028 moralis
486 978 581 1029 Senecae
597 979 670 1029 habui⁴
687 979 734 1028 Nec
751 978 803 1028 mihi
819 999 866 1028 esse
882 979 999 1039 quicquam

214 1053 270 1103 ultra
281 1051 342 1111 quod
353 1051 380 1100 de
392 1052 441 1112 ipso
453 1052 547 1103 dicerem
558 1052 678 1114 arbitrabar
689 1052 711 1102 ni
724 1073 746 1101 se
759 1053 875 1102 memoriae
886 1051 1000 1102 obtulisset

213 1137 292 1175 restare
302 1125 374 1175 dicere
384 1145 491 1184 quaenam
501 1127 529 1176 de
539 1126 587 1186 ipso
597 1125 630 1175 vel
640 1126 700 1184 apud
710 1127 790 1185 peritos
800 1138 821 1175 et
831 1126 932 1185 antiquos
942 1127 999 1175 viros

213 1198 343 1260 existimatio
357 1198 468 1248 habeatur.
484 1198 533 1247 Hoc
547 1199 600 1247 mihi
615 1198 721 1259 explicare
734 1198 782 1248 loco
796 1200 838 1247 isto
851 1199 936 1248 animus
950 1218 999 1266 per-

214 1271 288 1327 suasit,
295 1282 343 1321 tum
350 1291 377 1320 ne
384 1270 498 1332 quidame
505 1271 668 1332 pretermissum
675 1271 716 1320 hoc
723 1271 750 1321 de
756 1271 887 1332 philosopho
893 1272 999 1328 videatur,

175 1346 200 1396 15
214 1359 264 1395 tum
275 1344 364 1403 nequis
377 1343 467 1394 moleste
479 1343 533 1393 ferat
546 1345 566 1400 si
576 1345 692 1393 eiristimari
704 1346 732 1394 de
745 1365 767 1393 se
780 1346 851 1394 minus
864 1346 920 1394 bene
931 1346 999 1395 audit.

214 1418 320 1467 Senecam
336 1415 399 1465 multi
415 1415 559 1475 philosophia,
577 1417 681 1472 moribus,
698 1417 828 1476 eloquentia,
845 1430 866 1467 et
876 1418 936 1467 omni
947 1419 1000 1467 docn

213 1490 270 1540 trina
283 1509 308 1538 ac
321 1489 426 1548 sapientia
439 1489 563 1548 praeditum
576 1510 622 1538 esse
636 1489 795 1550 ferendumque
813 1491 835 1540 in
854 1489 938 1540 caelum
953 1490 1000 1540 lau-

214 1563 279 1613 dibus
293 1561 408 1612 cumulatis
422 1574 507 1622 putant.
522 1562 618 1621 Quidam
631 1581 683 1613 vero
697 1561 829 1613 calumniose
843 1563 870 1613 de
883 1564 932 1623 ipso
945 1563 999 1613 adeo

214 1641 265 1685 sunt
281 1635 347 1683 locuti
364 1635 424 1693 quod
440 1636 538 1684 doctrina
554 1636 698 1698 propenulla
713 1648 801 1684 ornatus
818 1635 925 1694 laudeque
940 1635 1000 1685 nulla

170 1710 200 1758 20
215 1707 300 1765 dignus,
314 1707 331 1754 si
344 1725 421 1755 eorum
432 1708 550 1756 sententiae
560 1706 676 1762 credimus,
687 1707 792 1756 videatur.
803 1706 911 1767 Equidem
921 1709 962 1757 ista
972 1709 1000 1757 de

213 1799 237 1828 re
251 1799 337 1828 mecum
350 1778 408 1827 soleo
422 1779 571 1828 vehementius
584 1779 685 1828 admirari
698 1780 759 1838 quod
772 1780 827 1829 male
841 1781 868 1829 de
880 1781 929 1839 ipso
942 1781 1000 1830 iudi-

213 1873 272 1902 casse
286 1853 343 1901 viros
358 1851 423 1900 etiarn
438 1851 518 1910 peritos
532 1872 558 1899 ac
572 1850 652 1901 multae
671 1852 804 1901 auctoritatis
823 1853 939 1908 inveniam,
960 1874 1000 1902 nec

214 1927 262 1975 illos
277 1926 343 1975 modo
357 1927 395 1985 qui
409 1946 484 1975 secum
497 1926 596 1984 aequales
610 1938 708 1985 ternpore
722 1926 825 1982 viverent,
840 1926 901 1988 quod
914 1927 1000 1979 flectere

215 2000 267 2049 istos
281 2020 306 2048 ac
320 1999 428 2049 declinare
441 2019 492 2048 vero
506 1999 621 2054 audicio,
635 2020 691 2059 quae
706 1999 830 2049 mortalium
843 1999 897 2048 solet
912 1999 1000 2055 multos.

169 2075 201 2124 25
216 2073 298 2122 invidia
309 2072 388 2132 potuit,
402 2091 478 2121 verum
491 2073 556 2122 etiam
568 2084 673 2131 posteros,
687 2073 725 2132 qui
738 2072 816 2122 sobriis
833 2072 911 2122 animis
928 2089 1000 2133 neque

214 2165 288 2195 amore
295 2147 324 2195 ad
331 2146 419 2194 laudern
427 2165 467 2194 nec
475 2145 526 2194 odio
534 2146 563 2195 ad
570 2146 702 2204 vituperium
711 2159 846 2196 moveantur.

256 2218 301 2268 Sed
315 2216 370 2267 illud
385 2211 438 2266 mihi
453 2236 530 2281 verum
544 2222 598 2272 esse,
613 2218 674 2277 quod
688 2218 819 2276 gravissimis
833 2239 846 2267 a
860 2218 911 2267 viris
926 2217 1000 2267 audivi

214 2311 284 2349 saepe,
297 2291 390 2345 videtur,
405 2291 466 2348 quod
479 2290 538 2338 nulla
550 2310 649 2350 unquam
661 2302 718 2339 aetas
731 2291 786 2340 adeo
798 2291 889 2349 purgata
901 2290 1000 2349 adeoque

214 2364 273 2414 nuda
287 2364 384 2414 moribus
397 2362 469 2423 pravis
482 2361 524 2412 fuit
537 2363 694 2426 quaeinventa
707 2363 735 2412 sit
748 2381 836 2423 prorsus
850 2360 891 2411 illis
905 2361 1001 2412 homini-

172 2441 201 2489 30
215 2439 280 2488 nibus
291 2458 358 2487 vacua
370 2438 408 2497 qui
419 2450 457 2486 aut
468 2436 578 2485 iudicandi
589 2450 627 2485 aut
639 2437 694 2486 male
705 2436 792 2486 dicendi
803 2435 889 2484 licentia
901 2434 999 2484 delectati

214 2511 283 2560 aliena
298 2509 456 2569 reprehendere
472 2510 539 2567 magis
555 2529 621 2568 quarn
638 2510 743 2567 corrigere
759 2527 798 2557 sua
813 2520 896 2556 curent.

256 2584 372 2644 Siquidem
384 2582 410 2634 C.
423 2583 509 2639 Caesar,
522 2584 540 2632 is
552 2583 588 2633 ille
600 2584 635 2632 cui
647 2581 758 2642 Caligulae
769 2593 939 2642 cognomentum
950 2579 1000 2636 tuit,

215 2657 451 2714 Retinano'rumtertius'
463 2670 513 2716 post
527 2657 735 2713 luliumCaesarem
746 2656 870 2716 imperator,
883 2656 954 2704 verius
966 2653 1000 2704 di-

215 2730 284 2779 xerim
299 2741 404 2789 perpetua
419 2729 512 2777 Romani
521 2729 614 2787 'imperii
623 2728 748 2787 ignominia
763 2722 911 2786 atque-labes,
932 2727 1001 2777 Sene-

175 2887 318 2895 ,.,..-..,.-..

148 2977 150 2981 i
211 2985 245 3032 31.
259 2996 328 3031 curent
338 2990 383 3035 i.'r.;
396 3003 419 3029 ex
432 2983 532 3039 malint(?)
542 3001 592 3029 corr.
601 2983 621 3029 Ο
630 2993 700 3029 curent
710 2983 733 3028 F.
787 2983 820 3029 34.
832 2982 863 3028 Ex
874 2998 937 3037 acque
948 2993 1005 3027 corn
