2093 3253
189 161 192 167 ¹
260 166 389 197 SCRIPTORUM
404 165 529 196 tutusrmum
542 178 556 182 -
569 166 627 195 LIBER
641 151 880 196 1V.·l3l

4 276 6 281 λ
53 315 55 318 -
102 288 179 334 missus
194 283 322 336 Bononiam,
336 301 391 339 quae
404 282 426 329 in
441 281 501 329 ltalia
514 282 587 330 civitas
608 302 673 339 egum
686 295 718 330 est
731 295 805 334 mater,
818 282 885 330 trien-

102 361 163 407 nium
179 356 268 404 audivit.
285 354 408 412 Utrobique
424 354 534 402 doctorem
549 354 657 411 legentem
673 353 773 402 audiebat
791 354 829 401 sed
840 367 886 401 stu»

103 431 167 479 debat
185 446 270 488 parum.
290 427 381 476 Summa
394 427 441 487 eius
456 426 568 476 delectatio
582 421 752 485 haudquaquam
765 425 886 485 in-legibus

102 503 214 552 audiendis
225 501 295 549 sedin
305 499 418 555 Cicerone,
428 499 525 558 Virgilio,
535 513 556 548 et
566 495 660 548 historiis
670 498 824 558 cognoscendis
834 513 886 547 erat.

77 580 89 626 5
106 576 154 623 Hoc
166 575 224 622 enim
235 574 263 621 ad
274 592 344 620 unum
356 574 415 619 omni
427 571 575 627 delectatione,
587 572 667 626 studio,
675 572 762 630 ingenio
770 570 886 619 ferebatur.

105 649 140 697 lus
154 658 227 695 autem
240 645 302 694 civile
315 657 406 693 tractare
420 646 451 693 uti
465 663 511 694 rem
524 646 647 703 insipidam,
661 663 766 703 asperam,
780 644 887 693 tediosam

102 719 231 769 abhorrebat
245 731 341 778 prorsus.
352 716 431 777 Neque
442 738 492 767 vero
503 718 555 767 haec
566 719 594 767 ad
604 719 675 767 studia
686 714 821 777 eloquentiae
832 719 886 766 inci·

55 823 58 825 *
102 795 187 841 tabatur
201 810 279 850 parum
289 791 436 840 exhortatione
446 786 573 845 amicorum,
584 793 622 849 qui
630 805 651 839 et
662 791 787 849 scriptas'ab
795 812 821 839 eo
829 792 886 849 epis-

103 866 155 914 tolas
176 878 197 913 et
216 885 272 922 quae
287 864 363 912 dietim
378 863 457 913 laceret
472 877 493 912 et
509 877 577 913 metro
592 877 613 913 et
628 883 692 922 prosa
706 864 786 922 ingenii
802 865 887 922 experi-

65 941 90 989 l0
105 951 176 988 menta
187 938 291 992 viderent,
300 937 361 996 quod
371 957 395 984 ea
406 936 517 985 laudarent
525 957 610 985 summe
618 957 723 996 spemque
731 937 772 986 sibi
780 936 887 996 amplissi-

103 1032 161 1060 mam
168 1011 269 1064 lacerent,
280 1005 386 1064 futurum,
397 1012 414 1057 si
425 1024 576 1068 perseveraret,
587 1011 647 1069 quod
656 1012 679 1058 in
689 1011 781 1058 dicendo
791 1022 812 1057 et
822 1031 886 1067 supe-

20 1082 23 1087 ’
53 1110 56 1115 v
103 1096 158 1131 raret
173 1085 205 1131 sui
223 1084 327 1140 temporis
345 1102 420 1129 omnes
438 1095 459 1129 et
476 1082 584 1130 veteribus
603 1103 626 1130 se
643 1075 887 1140 indubieladaequaret.

103 1156 218 1204 Crescebat
233 1155 323 1214 quidem
333 1156 356 1203 in
367 1155 412 1204 dies
423 1155 517 1204 laudatio
528 1169 549 1204 et
559 1154 616 1204 lama
626 1157 680 1204 eius.
691 1155 747 1203 Patri
758 1167 838 1210 autem,
848 1156 886 1213 qui

103 1230 155 1277 haec
169 1229 240 1278 studia
253 1249 297 1277 non
311 1241 412 1287 gustaret,
426 1249 481 1287 quae
494 1229 578 1277 audiret
591 1229 618 1277 tle
631 1229 676 1278 filio
690 1242 711 1277 et
724 1227 863 1277 laudarentur
874 1250 887 1277 a

65 1303 89 1351 l5
105 1302 200 1356 caeteris,
214 1321 239 1349 ea
252 1321 318 1361 quam
331 1301 424 1349 maxime
437 1301 586 1360 displicebant.
602 1302 677 1360 lpsum
691 1302 749 1350 enim
761 1314 786 1350 ut
799 1300 887 1350 Cicero-

55 1400 57 1403 ·
102 1394 160 1428 nem,
175 1386 200 1422 ut
214 1373 336 1432 Virgilium,
349 1386 373 1421 ut
385 1375 499 1432 scriptores
513 1373 657 1428 historiarum,
670 1386 694 1422 ut
706 1386 780 1432 poetas
792 1374 887 1431 denique

103 1468 185 1503 omnes,
200 1448 260 1506 quod
274 1461 352 1503 essent,
367 1460 392 1496 ut
406 1448 493 1497 dicebat
507 1448 560 1506 ipse,
575 1447 667 1497 fabulosi
681 1468 706 1496 ac
721 1467 743 1496 re
757 1447 816 1497 nulla
826 1447 886 1502 boni,

103 1522 192 1569 omnino
204 1534 324 1578 seponeret,
336 1522 377 1570 iuri
389 1534 462 1570 autem
474 1520 530 1569 civili
542 1521 645 1576 studeret,
657 1521 717 1579 quod
728 1520 888 1579 amplissimum

103 1592 153 1640 inde
165 1604 186 1641 et
197 1593 302 1641 honorem
313 1605 335 1641 et
346 1591 442 1641 fructum
453 1592 548 1647 haberet,
560 1605 581 1640 et
593 1593 718 1642 hortabatur
729 1604 750 1640 et
761 1612 887 1641 commone-

63 1667 91 1714 ΖΟ
106 1664 142 1712 bat
152 1684 222 1724 saepe.
234 1665 278 1714 Sed
286 1685 337 1714 curn
345 1684 418 1723 preces
427 1665 522 1713 valerent
532 1665 640 1724 nihillsuo
648 1667 727 1713 enim'e
737 1684 801 1714 cursu
812 1678 888 1713 natura

103 1759 147 1786 non
162 1738 224 1787 facile
234 1738 366 1798 dimovetur)
376 1739 496 1787 Bononiam
507 1739 574 1787 multa
584 1740 615 1787 ira
624 1759 740 1788 succensus
751 1739 817 1788 venit.
826 1737 888 1786 Tum

103 1810 233 1866 filiumante
246 1813 318 1860 omnia
331 1812 413 1870 magnis
426 1812 562 1860 contumeliis
574 1825 648 1860 onerat
661 1812 769 1870 simulque
781 1823 802 1859 et
813 1813 887 1870 ignem

103 1883 191 1930 accendi
204 1896 225 1931 et
238 1877 346 1943 quotquot
358 1884 415 1932 filius
427 1897 449 1931 et
461 1884 572 1933 Ciceronis
584 1897 606 1933 et
617 1897 731 1943 poetarum
743 1884 809 1932 libros
821 1884 888 1932 habe-

103 1969 142 2011 ret,
157 1968 182 2005 ut
197 1957 242 2016 igni
258 1956 396 2006 combureret
412 1978 494 2013 omnes,
512 1957 584 2008 subito
594 1958 708 2017 apportari
724 1956 792 2007 iubet.
808 1954 888 2015 Neque

62 2028 90 2075 25
105 2049 155 2077 vero
169 2031 231 2079 vultu
243 2033 315 2080 minus
327 2053 394 2090 quam
404 2033 477 2080 animo
489 2033 588 2081 turbatus
599 2053 624 2081 ac
636 2034 708 2081 minax
720 2046 771 2081 erat.
784 2031 837 2080 Eam
848 2052 887 2079 vo-

103 2119 150 2148 cem
165 2122 231 2159 quam
246 2103 315 2151 libens
327 2103 453 2152 Franciscus
464 2105 555 2159 audiret,
566 2124 633 2163 quam
643 2105 717 2153 volens
729 2104 833 2158 obediret,
844 2124 888 2161 qua
962 2128 964 2130 >

104 2193 168 2223 manu
183 2196 238 2235 quos
253 2190 334 2226 amaret
352 2191 417 2236 atque
435 2179 458 2226 in
476 2178 751 2236 deliciishaberet'libros
769 2177 886 2231 exhiberet,

103 2247 182 2304 quibus
197 2250 264 2297 oculis
281 2249 331 2299 hinc
347 2249 420 2305 libros,
435 2251 486 2299 inde
501 2250 610 2300 flammam
625 2252 736 2309 aspiceret,
752 2250 806 2309 quid
820 2251 887 2298 animi

103 2318 198 2376 haberet,
215 2322 268 2380 quid
285 2335 357 2371 mente
374 2324 499 2379 revolveret,
516 2325 593 2390 tacitus
610 2323 732 2372 consideret
743 2342 817 2371 secum
827 2321 887 2380 quis·

56 2389 90 2438 '30
105 2412 154 2451 que.
175 2393 263 2455 Quippe
283 2395 376 2445 hincne
392 2411 476 2455 pareret
493 2398 548 2456 patri
566 2395 689 2446 stimulabat
706 2396 774 2451 dolor,
792 2395 843 2444 inde
859 2416 887 2444 ne

103 2467 277 2524 tergiversaretur
291 2481 312 2517 et
328 2470 395 2527 pietas
411 2482 433 2518 et
448 2472 566 2519 reverentia
581 2471 692 2519 suadebat.
708 2470 810 2528 Denique
824 2468 887 2516 lacn'-

103 2556 163 2586 mans
182 2551 265 2599 patrem
283 2541 427 2600 amplectitur,
447 2542 568 2608 obstringit,
588 2542 730 2597 exosculatur,
749 2541 887 2601 eundemque

103 2611 194 2670 supplex
209 2633 234 2661 ac
250 2614 377 2672 provolutus
394 2616 422 2664 ad
438 2616 624 2675 genua'precibus
641 2616 787 2674 multiplicatis
803 2635 829 2665 ac
844 2617 886 2674 piis
929 2670 931 2672 ,

103 2697 182 2739 exorat,
195 2685 320 2742 obtestatur,
333 2688 418 2736 adiurat
430 2709 458 2736 ne
469 2690 569 2737 innoxios
581 2689 691 2748 perditum
702 2701 736 2737 eat
748 2688 822 2737 libros.
834 2689 887 2737 Stu-

62 2750 89 2798 35
106 2754 167 2803 dium
181 2777 231 2805 vero
246 2759 360 2816 pollicetur
374 2760 475 2818 deinceps
490 2783 535 2809 non
549 2761 657 2816 Ciceroni,
672 2783 716 2810 non
730 2761 827 2818 Virgilio,
842 2763 887 2809 non

103 2824 215 2885 historicis,
231 2851 275 2879 non
293 2832 370 2891 poetis,
388 2834 434 2888 sed,
453 2846 594 2893 posteaquam
612 2835 641 2883 ita
658 2834 763 2890 consulat,
781 2835 811 2882 ita
828 2832 887 2889 velit,

102 2898 130 2975 ita
145 2901 217 2952 iubeat
232 2917 299 2961 pater,
314 2905 398 2963 legibus
414 2927 437 2955 se
451 2907 561 2957 daturum.
579 2908 604 2957 ln
618 2927 666 2957 eam
681 2926 727 2958 rem
741 2908 791 2957 data
805 2908 848 2957 lide
863 2920 887 2957 ut
