2093 3253
156 190 197 236 372
457 205 551 242 sicconis
565 205 681 237 rosamom
713 253 716 257 ⁴

198 321 240 371 illis
257 322 295 382 qui
312 321 482 381 haudquaquam
497 335 522 370 ut
537 321 622 381 Appius
638 323 705 380 etalii
717 323 786 380 multi,
800 323 900 381 superbe,
913 344 982 383 avare,

199 395 320 449 crudeliter,
337 413 414 442 verum
429 406 454 442 ut
470 394 581 443 audissent
597 395 666 444 solere
682 397 750 445 bonos
767 409 849 445 veteres
865 395 983 448 Romanos,
1045 450 1047 452 ,

198 468 321 530 clementer,
335 466 436 524 benigne,
450 467 507 515 iuste
520 467 607 526 populis
621 469 759 527 imperarent.

241 539 327 599 Nempe
350 538 447 589 Romana
471 558 504 589 res
523 538 652 598 proconsule
670 562 741 601 neque
757 542 828 592 minus
845 556 905 602 grato
920 543 983 591 sociis
1045 566 1047 568 ¹

172 616 184 662 5
201 635 241 662 nec
252 614 324 661 minus
336 612 420 661 solicito
431 613 496 660 rebus
507 614 607 670 gerendis
618 615 702 672 egebat.
713 613 825 663 Eufratem
840 636 928 674 nanque
943 615 985 663 hoc
1000 614 1002 616 ¹
1044 608 1045 611 Ἴ

198 700 297 745 tempore
308 684 451 745 transiverant
462 683 542 739 Parthi,
555 705 608 744 gens
620 685 702 746 quippe
713 685 774 734 ferox
786 700 807 735 et
819 701 903 746 potens,
917 687 984 746 depo·
1043 711 1047 731 z

200 758 312 818 pulatique
328 756 413 815 Syriam
428 758 548 806 iminebant
564 759 715 818 Cappadociae
730 780 754 807 ac
771 760 850 810 deinde
865 760 984 819 proximius

197 833 308 882 venientes
316 830 405 880 Ciliciae
417 831 562 881 minabantur.
571 832 651 881 Omnia
663 834 753 891 quidem
766 847 825 883 metu
836 834 984 892 propinquan-

198 906 255 955 tium
265 904 363 953 hostium
373 903 396 952 in
406 915 487 952 terrore
498 923 522 951 ac
533 903 629 962 tumultu
640 917 707 954 erant.
718 904 751 954 Ex
760 907 816 965 agris
827 905 889 955 multi
900 924 984 960 uxores,
1044 911 1047 964 ᾖ

160 981 186 1028 10
201 980 287 1032 liberos,
307 995 392 1036 pecora,
413 975 548 1026 frumentum
569 989 590 1026 et
610 978 716 1037 quicquid
736 979 828 1028 habebat
848 979 985 1032 fortunarum
1046 999 1047 1002 ’

199 1050 460 1111 quisquetutainlocaet
468 1050 548 1109 oppida
556 1051 646 1106 munita,
655 1052 901 1111 quasiatergoinstaret
909 1053 984 1108 hostis,
1044 1086 1047 1111 5

199 1124 282 1172 solicite
296 1121 453 1171 convehebant.
469 1120 535 1170 Erant
550 1123 588 1180 qui
603 1124 707 1176 arcendos
722 1124 750 1172 ad
765 1124 836 1173 hostes
852 1126 948 1174 civitates
964 1139 985 1174 et

200 1195 286 1247 castella
299 1194 416 1244 munirent.
429 1193 534 1244 Parabant
547 1193 582 1243 alii
595 1214 661 1250 arma,
674 1208 699 1244 ut
711 1196 763 1245 iussi
776 1216 827 1245 cum
840 1210 911 1247 essent
924 1196 985 1256 sequi
1045 1203 1047 1206 ⁴

200 1266 353 1328 proconsulem
365 1279 386 1316 et
398 1267 458 1324 signa
470 1279 565 1325 possent.
578 1266 678 1323 Ciceroni
690 1280 763 1316 autem
774 1287 821 1317 rem
832 1269 986 1318 dubitatiorem

87 1343 89 1346 ⁴
161 1342 185 1388 15
201 1339 293 1387 iaciebat
307 1339 368 1396 quod
382 1359 453 1396 neque
463 1339 486 1385 in
497 1338 559 1396 Syria
570 1339 620 1386 satis
631 1340 732 1396 praesidii
743 1360 789 1389 esse
799 1341 883 1389 audiret
894 1360 935 1389 nec
945 1342 986 1389 sibi
1045 1362 1046 1365 ¹

199 1424 285 1461 tantum
299 1411 412 1470 copiarum
427 1430 474 1459 esse
488 1410 570 1459 videret
585 1412 646 1469 quod
660 1411 724 1460 simul
740 1424 761 1461 et
775 1413 909 1471 provinciam
924 1433 986 1463 suam

200 1486 255 1534 tueri
269 1497 290 1534 et
303 1503 368 1542 opem
380 1482 437 1532 ferre
449 1484 525 1532 vicinis
538 1498 618 1542 posset.
632 1484 736 1534 Bibulum
748 1487 813 1540 enim,
827 1487 862 1534 cui
876 1486 985 1544 designata
1046 1498 1047 1501 ’

201 1577 270 1617 nuper
286 1556 348 1616 Syria
363 1556 474 1615 provincia
489 1570 540 1611 erat,
556 1557 669 1615 advenisse
684 1558 803 1616 ignorabat.
819 1558 920 1607 Cassium
935 1579 985 1608 vero

201 1630 330 1680 successoris
347 1630 495 1688 expectatione
512 1649 564 1677 cum
581 1631 675 1678 exercitu
693 1651 739 1678 esse
756 1631 885 1679 Antiochiae
902 1630 985 1688 (civitas

158 1706 187 1753 20
202 1717 234 1752 est
248 1704 272 1751 in
286 1701 357 1759 Syria)
368 1701 476 1750 audiebat.
488 1701 567 1760 Neque
576 1722 628 1751 vero
639 1702 771 1760 populorum
781 1724 806 1751 ac
816 1723 892 1760 regum
902 1704 985 1751 animos

201 1776 252 1824 satis
269 1776 371 1832 integros,
389 1774 407 1820 si
424 1774 623 1832 appropinquarent
641 1774 720 1828 hostes,
738 1774 785 1823 iore
802 1775 908 1833 sperabat,
926 1775 987 1833 quod

200 1848 253 1896 alios
268 1846 360 1905 cupidos
375 1864 448 1894 rerum
464 1864 569 1895 novarum
584 1866 631 1895 esse
646 1867 686 1895 nec
701 1846 761 1895 aliud
776 1869 842 1906 quam
858 1847 986 1899 Parthorum

201 1921 320 1968 adventum
335 1932 447 1978 expectare
461 1932 553 1976 putaret,
568 1917 621 1967 alios
636 1919 773 1967 meticulosos
788 1940 834 1968 esse
848 1933 986 1978 cognosceret

203 2013 242 2040 nec
256 2011 346 2041 ausuros
359 2010 419 2039 arma
431 2010 517 2039 sumere
529 2011 553 2039 ac
566 1992 664 2039 resistere
677 1991 760 2039 Parthis
773 1992 863 2041 videret.
876 1992 931 2051 Spes
944 2013 987 2041 una

160 2067 188 2113 25
204 2065 245 2113 sibi
261 2064 362 2113 modoet
377 2066 479 2123 precipua
494 2077 551 2125 erat„
561 2065 621 2123 quod
635 2065 818 2124 appropinquaret
841 2066 917 2121 hiems,
932 2087 987 2125 quae

203 2151 224 2186 et
238 2138 346 2196 impetum
361 2137 457 2185 hostium
472 2137 588 2185 retardaret
603 2149 624 2185 et
639 2137 737 2196 spacium
751 2138 792 2185 sibi
807 2139 912 2187 exercitus
927 2159 987 2187 com·
1011 2188 1013 2193 ,

204 2209 293 2268 parandi
309 2210 376 2258 daret.
388 2210 437 2258 Hoc
447 2210 506 2257 enim
517 2230 560 2268 qua
570 2207 650 2264 aestate
661 2210 708 2257 iniit
719 2211 867 2268 magistratum
877 2211 926 2260 tuit.
937 2211 987 2259 Plu-

204 2284 284 2330 rimum
298 2284 363 2330 etiarn
377 2283 423 2340 spei
437 2282 555 2340 reponebat
569 2283 591 2328 in
606 2282 716 2336 Deiotaro,
731 2283 769 2340 qui
780 2282 889 2330 Gallaciae
899 2301 937 2330 rex
947 2282 988 2335 sibi

204 2368 225 2404 et
240 2355 384 2404 benivolentia
395 2356 477 2413 privata
488 2367 509 2403 et
520 2355 563 2403 fide
574 2354 660 2413 publica
672 2355 784 2404 devinctus
795 2367 847 2404 erat.
859 2354 924 2403 Hunc
935 2373 988 2403 nan¹

161 2432 190 2477 30
205 2450 248 2487 que
258 2430 325 2476 istum
335 2429 364 2475 ad
375 2447 448 2486 regem
458 2427 487 2475 ob
498 2427 611 2484 singularis
622 2428 732 2474 amiciciae
743 2428 836 2484 signum,
848 2447 903 2485 quos
915 2446 989 2474 secum

203 2503 321 2550 adduxerat
337 2518 423 2559 pueros,
440 2499 556 2548 Cicerones
572 2519 629 2555 suos,
647 2500 748 2548 Marcum
764 2498 834 2547 filium
849 2511 870 2547 et
881 2498 989 2555 Quintum

133 2575 134 2579 ¹
206 2588 314 2634 nepotem,
329 2594 380 2622 cum
395 2573 501 2632 Dyonisio
516 2572 634 2632 pedagogo,
649 2573 687 2631 qui
702 2593 737 2620 eos
752 2572 853 2626 erudiret,
869 2572 928 2620 misit
942 2591 989 2619 eos-

205 2648 299 2706 demque
310 2646 370 2704 apud
381 2666 498 2704 eum-pene
508 2646 563 2694 ,dum
574 2644 616 2692 tuit
627 2646 649 2692 in
661 2644 737 2692 Cilicia
747 2644 824 2692 tenuit.

204 2846 222 2888 7.
237 2844 267 2888 Ex
282 2840 405 2895 Capadociae
422 2858 472 2885 corr.
489 2840 531 2894 (sed
549 2838 675 2892 Cappadocia
689 2845 709 2883 in
723 2839 792 2887 indice,
805 2838 860 2882 nulla
873 2843 990 2882 correctione

164 2910 267 2963 adhibita).
325 2908 354 2950 12.
373 2908 478 2961 civipates)
497 2911 511 2950 ἱ.
526 2924 541 2949 r.
601 2904 633 2949 28.
647 2906 677 2949 Ex
697 2905 798 2959 Deyotaro
815 2922 864 2948 corr.
884 2905 952 2958 (etium
969 2908 988 2946 in

163 2977 242 3031 indice).
