2093 3253
152 174 178 217 30
448 188 543 218 sicconis
556 169 679 218 ‘roisnronr
706 214 708 217 .

194 321 228 349 eas
243 300 368 350 scribendas
381 322 394 349 e
407 302 498 359 vestigio
510 301 627 360 superioris
641 302 692 350 anni
706 302 781 350 decem
800 302 847 356 viri,
858 299 901 360 hp.
913 300 978 349 Clau*

193 374 242 423 dius
254 375 340 431 iterum,
353 374 387 425 Μ.
399 374 520 424 Cornellius
532 375 697 432 Maluginensis,
709 375 744 423 lvt
755 374 850 433 Sergius,
863 374 889 423 L.
902 374 978 423 Minu-

127 506 129 509 y
193 447 244 501 tius,
259 447 287 503 Q
303 448 383 496 Fabius
400 447 526 502 lubilianus,
541 447 570 504 Q
585 446 680 501 Petilius,
695 446 724 495 T.
738 447 846 495 Antonius
865 445 978 501 Merenda,
1037 440 1046 523 ξ

194 517 221 569 C.
236 518 335 575 Ebutius,
352 520 391 580 Sp.
407 519 493 579 Oppius
509 520 634 577 Corniceus,
651 520 685 570 M.
702 519 825 570 Rabuleius.
846 519 881 569 Ab
897 519 930 568 his
945 521 978 568 ius

168 593 180 640 5
196 612 260 640 omne
275 595 335 651 quod
349 594 421 641 deerat
434 594 558 642 absolutum
571 607 617 644 est..
628 594 660 642 lta
673 593 707 642 lex
720 593 765 642 Xll
785 592 907 641 tabularum
921 591 979 649 apud

194 665 303 713 Romanos
318 667 414 723 primum
431 678 484 720 orta,
502 677 558 723 quae
574 665 669 714 aliarumv
685 678 751 724 atque
767 664 857 713 aliarum
874 676 895 711 et
911 662 979 711 civilis

194 749 215 786 et
230 738 336 796 pontificii
349 739 401 788 iuris
415 738 493 787 deinde
506 738 579 799 legum
591 739 698 789 institutio
711 759 735 788 ac
748 738 916 791 {undamentum
929 734 978 786 luite
1040 729 1046 786 Ϊῖ

164 827 166 829 ’
194 811 254 859 Haec
268 812 408 870 impresentia
419 812 447 860 de
459 811 532 870 legum
544 813 626 871 origine
638 813 696 861 dicta
708 812 758 861 satis
770 811 843 860 velim.
856 809 907 859 Suis
919 810 978 858 enim
1042 831 1046 859 ,ὲ

195 883 277 941 legibus
291 886 379 942 suisque
392 885 489 932 moribus
502 885 596 943 populus
609 886 661 933 vivit
674 878 774 943 quisque,
787 884 854 942 quod,
868 883 908 932 etsi
921 900 979 930 mor·

155 955 180 1003 lO
195 957 237 1004 tale
253 957 368 1005 hominurn
381 977 448 1015 genus
461 957 491 1005 ita
504 958 532 1005 sit
544 958 591 1016 ipsa
603 978 616 1006 a
629 971 705 1006 natura
715 969 810 1005 creatum
821 969 846 1005 ut
856 957 889 1004 ius
896 971 925 1004 ‘ac
935 952 982 1003 iusss

194 1029 267 1078 ticiam
282 1030 378 1087 colamus
393 1051 476 1085 omnes,
487 1031 606 1079 condendis
616 1044 689 1080 tamen
700 1031 723 1079 in
732 1030 816 1090 legibus
832 1029 886 1078 adeo
904 1047 979 1077 sumus
1044 1027 1047 1066 ἴ

195 1103 334 1160 opinionibus
350 1104 401 1151 varii
418 1105 477 1161 quod
492 1104 551 1152 idem
566 1105 690 1161 paucissimi
705 1105 805 1157 sentiant,
821 1102 866 1150 sed-⁴
874 1121 930 1160 quae
945 1101 978 1148 lex
1044 1100 1046 1152 ἶ

195 1175 241 1223 aliis
256 1177 338 1233 placeat
356 1189 472 1233 sanctaque
489 1198 513 1224 ac
531 1177 644 1224 laudabilis
661 1178 765 1229 videatur,
783 1175 874 1222 eandem
892 1173 927 1220 alii
945 1173 978 1218 niu

195 1249 265 1297 mium
279 1260 316 1297 aut
331 1268 417 1306 gravem
431 1261 468 1297 aut
482 1248 552 1297 levem
566 1261 650 1308 putent.
668 1277 670 1281 v
961 1296 963 1298 ,
1045 1236 1046 1249 i

157 1321 181 1369 l5
244 1320 288 1369 S'ed
302 1335 443 1380 posteaquam
458 1323 624 1370 monstravimus
639 1332 688 1380 'quo
706 1333 801 1376 auctore,
820 1335 864 1377 quo
882 1329 981 1376 tempore

195 1406 246 1441 sunt
257 1394 363 1456 principia
374 1394 495 1441 liberalium
505 1395 585 1441 artium
596 1394 759 1451 medicinaeque
769 1413 794 1440 ac
804 1391 877 1448 legum
885 1391 979 1442 inventa,

195 1464 265 1521 placet
280 1465 321 1512 hoc
336 1466 390 1520 loco,
403 1486 431 1513 ne
443 1466 499 1513 desit
511 1458 630 1524 quicquam
642 1466 702 1524 quod
714 1466 820 1522 originem
832 1464 860 1511 ad
872 1462 980 1511 doctrina·

196 1555 244 1585 rum
259 1538 355 1593 attineat,
371 1557 490 1587 memorare
505 1539 554 1597 quis
569 1538 637 1586 fontis
657 1540 703 1587 eius
718 1539 817 1587 inventor
831 1536 874 1585 tuit
889 1556 933 1595 quo
948 1532 980 1582 el-

196 1609 267 1659 fluunt
282 1612 354 1659 omnia
370 1631 425 1669 quae
440 1611 622 1669 deprehendimus
636 1626 674 1660 aut
688 1612 791 1660 doctrinis
806 1625 828 1658 et
841 1608 979 1658 facultatibus

154 1683 183 1729 20
199 1685 322 1730 memoratis
333 1696 370 1731 aut
378 1703 401 1731 re
407 1683 451 1731 ulla
459 1704 514 1741 quae
521 1685 602 1743 percipi
611 1684 725 1733 hominum
732 1684 812 1738 studio,
820 1682 913 1740 ingenio,
922 1680 982 1737 cogi»

195 1757 276 1805 tatione
292 1758 368 1813 possit,
384 1756 456 1804 Huius
470 1767 544 1805 autem
562 1757 592 1806 rei
611 1769 689 1812 tantae,
708 1777 764 1816 quae
783 1755 882 1805 omnium
900 1752 980 1803 doctri·

196 1848 274 1877 narum
289 1831 431 1887 omniumque
441 1822 546 1879 virtutum
556 1843 588 1879 est
598 1831 701 1879 nutriret
711 1849 788 1889 parens
797 1850 822 1878 ac
832 1828 886 1877 solet
895 1826 980 1885 sapien

196 1902 226 1949 tia
241 1903 355 1957 nominari,
370 1903 465 1959 cognitio
479 1902 520 1950 alia
538 1903 646 1961 gentibus,
665 1903 705 1951 alia
721 1902 833 1955 Hebraeis,
849 1901 890 1949 alia
905 1897 980 1947 Chris·

196 1974 259 2022 tianis
274 1974 323 2022 fuit.
339 1974 384 2023 Sed
395 1975 443 2032 quis
455 1975 515 2033 apud
526 1988 599 2032 gentes
611 1976 707 2033 primum
723 1975 802 2023 habere
813 1973 897 2022 studuit
906 1969 981 2029 expli-

155 2047 183 2096 25
199 2067 280 2095 cemus.
296 2046 402 2114 Gentium
417 2061 503 2107 nanque
517 2048 640 2107 philosophi
651 2049 740 2108 quidam
750 2068 798 2096 eam
809 2046 892 2096 mundo
902 2064 982 2103 aequa·

197 2120 240 2169 lem
255 2141 301 2169 esse
316 2122 396 2179 opinati
413 2134 470 2171 sunt.
486 2122 560 2181 Aliqui
576 2141 627 2171 vero
642 2143 682 2171 nec
697 2142 774 2180 parum
790 2122 848 2169 docti
864 2120 902 2168 sed
918 2118 980 2177 periti

196 2214 221 2241 ac
236 2215 276 2241 suo
291 2195 314 2241 in
329 2214 406 2251 genere
417 2195 544 2243 excellentes
556 2196 595 2244 viri
608 2196 777 2252 haudquaquam
788 2194 825 2242 illo
837 2212 910 2241 rerum
921 2193 981 2250 prin·

197 2267 255 2326 cipio
269 2279 354 2316 tantum
369 2266 457 2317 luminis
472 2266 538 2317 luisse
553 2267 635 2323 dicunt,
651 2268 690 2317 sed
704 2268 808 2327 paulatim
823 2266 884 2325 quasi
899 2265 981 2314 oriente

197 2339 242 2387 sole
257 2340 312 2388 banc
329 2340 446 2398 sapientiae
463 2340 533 2389 lucem
550 2354 615 2399 atque
632 2341 770 2399 splendorem
788 2339 914 2388 mortalibus
931 2349 981 2395 post

155 2412 184 2457 3ss
199 2411 272 2467 longas
287 2412 420 2467 ignorantiae
433 2411 532 2458 tenebras
555 2412 657 2466 illuxisse,
681 2412 741 2469 quod
764 2409 920 2458 existimatione
943 2426 981 2453 sua

197 2482 261 2539 primi
276 2482 354 2530 saeculi
370 2481 468 2531 homines
481 2483 545 2531 rudes
553 2497 625 2532 essent
632 2483 758 2542 nullamque
769 2482 899 2531 industriam
910 2480 981 2528 inves·

197 2555 286 2613 figendi,
309 2555 392 2604 nullam
411 2556 529 2604 meditandi
554 2575 627 2605 curam
651 2556 762 2606 haberent.
784 2555 900 2623 Quosdam
922 2552 981 2600 enim

197 2640 262 2686 atque
276 2649 357 2686 paucos
370 2650 382 2676 e
395 2628 469 2677 multis
482 2628 580 2677 homines
593 2629 660 2677 tuisse
673 2629 749 2677 dicunt
767 2631 804 2687 qui
823 2646 895 2675 rerum
908 2627 982 2682 cogni¹

197 2700 256 2749 tione
270 2720 295 2749 ac
309 2701 399 2750 scientia
418 2700 517 2749 delectati
536 2702 689 2760 perspicerent,
709 2701 873 2754 admirarentur,
893 2698 981 2748 investi¹

153 2772 184 2820 35
199 2786 280 2831 gerent,
293 2786 400 2833 quantum
411 2793 451 2823 suo
463 2774 556 2832 ingenio,
569 2774 648 2830 studio,
661 2775 790 2833 cogitatione
801 2784 897 2833 possent,
909 2767 985 2820 reruni

196 2954 215 2997 7.
228 2953 295 3007 legum
308 2972 353 3000 isca
