<?xml version="1.0" encoding="UTF-8"?>
<!DOCTYPE html PUBLIC "-//W3C//DTD XHTML 1.0 Transitional//EN"
    "http://www.w3.org/TR/xhtml1/DTD/xhtml1-transitional.dtd">
<html xmlns="http://www.w3.org/1999/xhtml" xml:lang="en" lang="en">
 <head>
  <title>
</title>
<meta http-equiv="Content-Type" content="text/html;charset=utf-8" />
  <meta name='ocr-system' content='tesseract 3.04.00' />
  <meta name='ocr-capabilities' content='ocr_page ocr_carea ocr_par ocr_line ocrx_word'/>
</head>
<body>
  <div class='ocr_page' id='page_1' title='image "MN40033ucmf_2_0089.png"; bbox 0 0 2093 3253; ppageno 0'>
   <div class='ocr_carea' id='block_1_1' title="bbox 255 167 870 217">
    <p class='ocr_par' dir='ltr' id='par_1_1' title="bbox 255 167 870 217">
     <span class='ocr_line' id='line_1_1' title="bbox 255 167 870 217; baseline 0.003 -7"><span class='ocrx_word' id='word_1_1' title='bbox 255 179 525 211; x_wconf 79' lang='lat' dir='ltr'>scauronuuuuusrnrun</span> <span class='ocrx_word' id='word_1_2' title='bbox 540 190 555 198; x_wconf 94' lang='lat'><em>-</em></span> <span class='ocrx_word' id='word_1_3' title='bbox 571 180 629 211; x_wconf 78' lang='lat' dir='ltr'>risen</span> <span class='ocrx_word' id='word_1_4' title='bbox 643 181 656 211; x_wconf 89' lang='lat'>1.</span> <span class='ocrx_word' id='word_1_5' title='bbox 843 167 870 217; x_wconf 74' lang='grc' dir='ltr'>19Ι</span> 
     </span>
    </p>
   </div>
   <div class='ocr_carea' id='block_1_2' title="bbox 54 294 866 790">
    <p class='ocr_par' dir='ltr' id='par_1_2' title="bbox 54 294 866 790">
     <span class='ocr_line' id='line_1_2' title="bbox 82 294 864 355; baseline 0 -12"><span class='ocrx_word' id='word_1_6' title='bbox 82 297 148 345; x_wconf 89' lang='lat' dir='ltr'>istum</span> <span class='ocrx_word' id='word_1_7' title='bbox 162 296 269 355; x_wconf 81' lang='lat' dir='ltr'>longeque</span> <span class='ocrx_word' id='word_1_8' title='bbox 287 308 336 344; x_wconf 92' lang='lat' dir='ltr'>ante</span> <span class='ocrx_word' id='word_1_9' title='bbox 354 295 465 344; x_wconf 89' lang='lat' dir='ltr'>conditam</span> <span class='ocrx_word' id='word_1_10' title='bbox 483 295 562 345; x_wconf 90' lang='lat' dir='ltr'>urbem</span> <span class='ocrx_word' id='word_1_11' title='bbox 579 303 601 345; x_wconf 85' lang='lat' dir='ltr'>et</span> <span class='ocrx_word' id='word_1_12' title='bbox 619 295 647 344; x_wconf 89' lang='lat' dir='ltr'>ab</span> <span class='ocrx_word' id='word_1_13' title='bbox 657 294 766 344; x_wconf 75' lang='lat' dir='ltr'>:Evandro</span> <span class='ocrx_word' id='word_1_14' title='bbox 785 295 864 353; x_wconf 86' lang='lat' dir='ltr'>primas</span> 
     </span>
     <span class='ocr_line' id='line_1_3' title="bbox 80 367 866 420; baseline 0 -4"><span class='ocrx_word' id='word_1_15' title='bbox 80 371 137 418; x_wconf 41' lang='lat' dir='ltr'>inter&gt;</span> <span class='ocrx_word' id='word_1_16' title='bbox 147 368 228 418; x_wconf 83' lang='lat' dir='ltr'>litteras</span> <span class='ocrx_word' id='word_1_17' title='bbox 240 369 351 418; x_wconf 87' lang='lat' dir='ltr'>inventam</span> <span class='ocrx_word' id='word_1_18' title='bbox 363 382 384 417; x_wconf 88' lang='lat' dir='ltr'>et</span> <span class='ocrx_word' id='word_1_19' title='bbox 396 369 446 418; x_wconf 89' lang='lat' dir='ltr'>usui</span> <span class='ocrx_word' id='word_1_20' title='bbox 459 368 538 417; x_wconf 89' lang='lat' dir='ltr'>deinde</span> <span class='ocrx_word' id='word_1_21' title='bbox 551 367 654 420; x_wconf 88' lang='lat' dir='ltr'>Romanis</span> <span class='ocrx_word' id='word_1_22' title='bbox 666 389 691 417; x_wconf 89' lang='lat' dir='ltr'>ac</span> <span class='ocrx_word' id='word_1_23' title='bbox 705 367 788 416; x_wconf 84' lang='lat' dir='ltr'>Latinis</span> <span class='ocrx_word' id='word_1_24' title='bbox 801 368 866 416; x_wconf 86' lang='lat' dir='ltr'>etiarn</span> 
     </span>
     <span class='ocr_line' id='line_1_4' title="bbox 80 440 865 499; baseline -0.003 -10"><span class='ocrx_word' id='word_1_25' title='bbox 80 442 230 496; x_wconf 85' lang='lat' dir='ltr'>vetustissimis</span> <span class='ocrx_word' id='word_1_26' title='bbox 242 454 391 489; x_wconf 80' lang='lat' dir='ltr'>conservatam</span> <span class='ocrx_word' id='word_1_27' title='bbox 402 449 460 495; x_wconf 66' lang='lat' dir='ltr'>esse;⁴</span> <span class='ocrx_word' id='word_1_28' title='bbox 469 441 589 489; x_wconf 89' lang='lat' dir='ltr'>Romanam</span> <span class='ocrx_word' id='word_1_29' title='bbox 602 460 654 489; x_wconf 88' lang='lat' dir='ltr'>vero</span> <span class='ocrx_word' id='word_1_30' title='bbox 666 440 762 499; x_wconf 76' lang='lat' dir='ltr'>linguam</span> <span class='ocrx_word' id='word_1_31' title='bbox 775 442 804 488; x_wconf 89' lang='lat' dir='ltr'>ita</span> <span class='ocrx_word' id='word_1_32' title='bbox 817 460 865 487; x_wconf 82' lang='lat' dir='ltr'>mu·</span> 
     </span>
     <span class='ocr_line' id='line_1_5' title="bbox 79 512 865 573; baseline -0.003 -11"><span class='ocrx_word' id='word_1_33' title='bbox 79 528 135 563; x_wconf 87' lang='lat' dir='ltr'>tasse</span> <span class='ocrx_word' id='word_1_34' title='bbox 150 513 329 573; x_wconf 87' lang='lat' dir='ltr'>loquendiusum</span> <span class='ocrx_word' id='word_1_35' title='bbox 340 526 364 561; x_wconf 91' lang='lat' dir='ltr'>ut</span> <span class='ocrx_word' id='word_1_36' title='bbox 375 534 430 573; x_wconf 90' lang='lat' dir='ltr'>quos</span> <span class='ocrx_word' id='word_1_37' title='bbox 441 514 538 573; x_wconf 85' lang='lat' dir='ltr'>primum</span> <span class='ocrx_word' id='word_1_38' title='bbox 548 512 652 567; x_wconf 84' lang='lat' dir='ltr'>Valesius,</span> <span class='ocrx_word' id='word_1_39' title='bbox 664 513 682 561; x_wconf 88' lang='lat' dir='ltr'>F</span> <span class='ocrx_word' id='word_1_40' title='bbox 683 513 749 567; x_wconf 86' lang='lat' dir='ltr'>usius,</span> <span class='ocrx_word' id='word_1_41' title='bbox 761 512 865 571; x_wconf 77' lang='lat' dir='ltr'>Papisius,</span> 
     </span>
     <span class='ocr_line' id='line_1_6' title="bbox 54 584 866 646; baseline -0.005 -9"><span class='ocrx_word' id='word_1_42' title='bbox 54 588 66 637; x_wconf 87' lang='grc'><strong><em>5</em></strong></span> <span class='ocrx_word' id='word_1_43' title='bbox 82 585 173 636; x_wconf 85' lang='lat' dir='ltr'>Clausus</span> <span class='ocrx_word' id='word_1_44' title='bbox 181 584 308 646; x_wconf 89' lang='lat' dir='ltr'>appellasset</span> <span class='ocrx_word' id='word_1_45' title='bbox 319 585 458 644; x_wconf 72' lang='lat' dir='ltr'>(familiarum</span> <span class='ocrx_word' id='word_1_46' title='bbox 468 587 520 635; x_wconf 88' lang='lat' dir='ltr'>haec</span> <span class='ocrx_word' id='word_1_47' title='bbox 530 586 590 635; x_wconf 87' lang='lat' dir='ltr'>urbis</span> <span class='ocrx_word' id='word_1_48' title='bbox 601 587 689 635; x_wconf 86' lang='lat' dir='ltr'>nomina</span> <span class='ocrx_word' id='word_1_49' title='bbox 700 585 766 644; x_wconf 75' lang='lat' dir='ltr'>sunt),</span> <span class='ocrx_word' id='word_1_50' title='bbox 778 585 866 642; x_wconf 90' lang='lat' dir='ltr'>eosdem</span> 
     </span>
     <span class='ocr_line' id='line_1_7' title="bbox 80 658 866 717; baseline -0.001 -10"><span class='ocrx_word' id='word_1_51' title='bbox 80 673 154 717; x_wconf 86' lang='lat' dir='ltr'>postea</span> <span class='ocrx_word' id='word_1_52' title='bbox 164 672 265 708; x_wconf 84' lang='lat' dir='ltr'>mutatas</span> <span class='ocrx_word' id='word_1_53' title='bbox 276 659 346 708; x_wconf 87' lang='lat' dir='ltr'>littera</span> <span class='ocrx_word' id='word_1_54' title='bbox 355 658 458 713; x_wconf 85' lang='lat' dir='ltr'>Valerios,</span> <span class='ocrx_word' id='word_1_55' title='bbox 471 660 554 714; x_wconf 82' lang='lat' dir='ltr'>Furios,</span> <span class='ocrx_word' id='word_1_56' title='bbox 565 660 668 717; x_wconf 87' lang='lat' dir='ltr'>Papirios,</span> <span class='ocrx_word' id='word_1_57' title='bbox 680 659 784 708; x_wconf 89' lang='lat' dir='ltr'>Claudios</span> <span class='ocrx_word' id='word_1_58' title='bbox 795 660 866 707; x_wconf 56' lang='lat' dir='ltr'>nomi*</span> 
     </span>
     <span class='ocr_line' id='line_1_8' title="bbox 82 730 864 790; baseline -0.004 -10"><span class='ocrx_word' id='word_1_59' title='bbox 82 745 148 780; x_wconf 87' lang='lat' dir='ltr'>naret.</span> <span class='ocrx_word' id='word_1_60' title='bbox 163 731 260 781; x_wconf 88' lang='lat' dir='ltr'>Valerius</span> <span class='ocrx_word' id='word_1_61' title='bbox 277 745 350 780; x_wconf 89' lang='lat' dir='ltr'>autem</span> <span class='ocrx_word' id='word_1_62' title='bbox 366 731 473 780; x_wconf 88' lang='lat' dir='ltr'>Corvinus</span> <span class='ocrx_word' id='word_1_63' title='bbox 490 732 614 790; x_wconf 68' lang='lat' dir='ltr'>obvisum</span> <span class='ocrx_word' id='word_1_64' title='bbox 630 731 762 786; x_wconf 81' lang='lat' dir='ltr'>Messanam,</span> <span class='ocrx_word' id='word_1_65' title='bbox 779 730 864 781; x_wconf 84' lang='lat' dir='ltr'>Siciliae</span> 
     </span>
    </p>
   </div>
   <div class='ocr_carea' id='block_1_3' title="bbox 81 804 939 864">
    <p class='ocr_par' dir='ltr' id='par_1_3' title="bbox 81 804 939 864">
     <span class='ocr_line' id='line_1_9' title="bbox 81 804 939 864; baseline -0.003 -10"><span class='ocrx_word' id='word_1_66' title='bbox 81 805 201 860; x_wconf 70' lang='lat' dir='ltr'>civitatem</span> <span class='ocrx_word' id='word_1_67' title='bbox 212 806 307 864; x_wconf 90' lang='lat' dir='ltr'>primum</span> <span class='ocrx_word' id='word_1_68' title='bbox 330 805 417 854; x_wconf 86' lang='lat' dir='ltr'>honoris</span> <span class='ocrx_word' id='word_1_69' title='bbox 440 826 504 854; x_wconf 87' lang='lat' dir='ltr'>causa</span> <span class='ocrx_word' id='word_1_70' title='bbox 521 805 635 860; x_wconf 84' lang='lat' dir='ltr'>Messana,</span> <span class='ocrx_word' id='word_1_71' title='bbox 659 804 866 863; x_wconf 83' lang='lat' dir='ltr'>deindepaulatim</span> <span class='ocrx_word' id='word_1_72' title='bbox 936 832 939 864; x_wconf 17' lang='grc' dir='ltr'>ῆι</span> 
     </span>
    </p>
   </div>
   <div class='ocr_carea' id='block_1_4' title="bbox 0 877 934 2761">
    <p class='ocr_par' dir='ltr' id='par_1_4' title="bbox 42 877 880 1447">
     <span class='ocr_line' id='line_1_10' title="bbox 81 877 865 937; baseline -0.003 -11"><span class='ocrx_word' id='word_1_73' title='bbox 81 879 145 935; x_wconf 82' lang='lat' dir='ltr'>vulgo</span> <span class='ocrx_word' id='word_1_74' title='bbox 154 877 290 936; x_wconf 83' lang='lat' dir='ltr'>permutante</span> <span class='ocrx_word' id='word_1_75' title='bbox 299 878 378 926; x_wconf 84' lang='lat' dir='ltr'>litteras</span> <span class='ocrx_word' id='word_1_76' title='bbox 388 878 481 926; x_wconf 86' lang='lat' dir='ltr'>Messala</span> <span class='ocrx_word' id='word_1_77' title='bbox 490 879 561 926; x_wconf 89' lang='lat' dir='ltr'>dictus</span> <span class='ocrx_word' id='word_1_78' title='bbox 570 892 611 926; x_wconf 87' lang='lat' dir='ltr'>est.</span> <span class='ocrx_word' id='word_1_79' title='bbox 618 877 678 926; x_wconf 88' lang='lat' dir='ltr'>Bello</span> <span class='ocrx_word' id='word_1_80' title='bbox 687 898 775 937; x_wconf 91' lang='lat' dir='ltr'>quoque</span> <span class='ocrx_word' id='word_1_81' title='bbox 783 878 865 925; x_wconf 88' lang='lat' dir='ltr'>Punico</span> 
     </span>
     <span class='ocr_line' id='line_1_11' title="bbox 44 950 866 1016; baseline -0.002 -16"><span class='ocrx_word' id='word_1_82' title='bbox 44 953 69 1000; x_wconf 85' lang='lat' dir='ltr'>lll</span> <span class='ocrx_word' id='word_1_83' title='bbox 83 951 179 1000; x_wconf 85' lang='lat' dir='ltr'>secundo</span> <span class='ocrx_word' id='word_1_84' title='bbox 187 950 233 1000; x_wconf 88' lang='lat' dir='ltr'>ludi</span> <span class='ocrx_word' id='word_1_85' title='bbox 241 950 376 1010; x_wconf 80' lang='lat' dir='ltr'>Apollinares</span> <span class='ocrx_word' id='word_1_86' title='bbox 385 972 411 998; x_wconf 86' lang='lat' dir='ltr'>ex</span> <span class='ocrx_word' id='word_1_87' title='bbox 419 950 479 999; x_wconf 86' lang='lat' dir='ltr'>libris</span> <span class='ocrx_word' id='word_1_88' title='bbox 488 950 599 1010; x_wconf 85' lang='lat' dir='ltr'>Sibyllinis</span> <span class='ocrx_word' id='word_1_89' title='bbox 608 952 705 1009; x_wconf 89' lang='lat' dir='ltr'>primurn</span> <span class='ocrx_word' id='word_1_90' title='bbox 712 951 806 1000; x_wconf 77' lang='lat' dir='ltr'>instituti</span> <span class='ocrx_word' id='word_1_91' title='bbox 815 963 866 1016; x_wconf 87' lang='lat' dir='ltr'>sunt</span> 
     </span>
     <span class='ocr_line' id='line_1_12' title="bbox 82 1019 880 1082; baseline -0.001 -11"><span class='ocrx_word' id='word_1_92' title='bbox 82 1019 185 1072; x_wconf 88' lang='lat' dir='ltr'>suadente</span> <span class='ocrx_word' id='word_1_93' title='bbox 202 1023 311 1072; x_wconf 89' lang='lat' dir='ltr'>Cornellio</span> <span class='ocrx_word' id='word_1_94' title='bbox 328 1023 394 1072; x_wconf 79' lang='lat' dir='ltr'>Ruffo</span> <span class='ocrx_word' id='word_1_95' title='bbox 411 1024 540 1079; x_wconf 64' lang='lat' dir='ltr'>decemviro·</span> <span class='ocrx_word' id='word_1_96' title='bbox 558 1025 603 1082; x_wconf 82' lang='lat' dir='ltr'>qui</span> <span class='ocrx_word' id='word_1_97' title='bbox 615 1024 644 1072; x_wconf 89' lang='lat' dir='ltr'>ob</span> <span class='ocrx_word' id='word_1_98' title='bbox 661 1043 709 1072; x_wconf 86' lang='lat' dir='ltr'>eam</span> <span class='ocrx_word' id='word_1_99' title='bbox 723 1041 773 1072; x_wconf 69' lang='lat' dir='ltr'>‘rem</span> <span class='ocrx_word' id='word_1_100' title='bbox 790 1036 880 1081; x_wconf 87' lang='lat' dir='ltr'>postea·</span> 
     </span>
     <span class='ocr_line' id='line_1_13' title="bbox 50 1096 864 1156; baseline -0.004 -10"><span class='ocrx_word' id='word_1_101' title='bbox 50 1099 53 1103; x_wconf 47' lang='lat'><strong>¹</strong></span> <span class='ocrx_word' id='word_1_102' title='bbox 82 1096 163 1155; x_wconf 85' lang='lat' dir='ltr'>Sibylla</span> <span class='ocrx_word' id='word_1_103' title='bbox 172 1110 260 1147; x_wconf 83' lang='lat' dir='ltr'>vocatus</span> <span class='ocrx_word' id='word_1_104' title='bbox 270 1110 309 1153; x_wconf 88' lang='lat' dir='ltr'>est;</span> <span class='ocrx_word' id='word_1_105' title='bbox 320 1097 510 1156; x_wconf 85' lang='lat' dir='ltr'>deinde-corrupto</span> <span class='ocrx_word' id='word_1_106' title='bbox 520 1096 625 1147; x_wconf 86' lang='lat' dir='ltr'>vocabulo</span> <span class='ocrx_word' id='word_1_107' title='bbox 637 1096 695 1156; x_wconf 80' lang='lat' dir='ltr'>Sylla</span> <span class='ocrx_word' id='word_1_108' title='bbox 705 1097 776 1146; x_wconf 87' lang='lat' dir='ltr'>vocari</span> <span class='ocrx_word' id='word_1_109' title='bbox 786 1097 864 1155; x_wconf 90' lang='lat' dir='ltr'>coepit.</span> 
     </span>
     <span class='ocr_line' id='line_1_14' title="bbox 82 1169 865 1228; baseline -0.003 -11"><span class='ocrx_word' id='word_1_110' title='bbox 82 1170 147 1217; x_wconf 88' lang='lat' dir='ltr'>Unde</span> <span class='ocrx_word' id='word_1_111' title='bbox 155 1170 213 1227; x_wconf 89' lang='lat' dir='ltr'>Sylla</span> <span class='ocrx_word' id='word_1_112' title='bbox 221 1170 313 1218; x_wconf 86' lang='lat' dir='ltr'>dictator</span> <span class='ocrx_word' id='word_1_113' title='bbox 321 1183 395 1228; x_wconf 86' lang='lat' dir='ltr'>postea</span> <span class='ocrx_word' id='word_1_114' title='bbox 403 1170 633 1219; x_wconf 67' lang='lat' dir='ltr'>nescirenMemorari</span> <span class='ocrx_word' id='word_1_115' title='bbox 642 1170 683 1218; x_wconf 88' lang='lat' dir='ltr'>hoc</span> <span class='ocrx_word' id='word_1_116' title='bbox 691 1169 719 1218; x_wconf 88' lang='lat' dir='ltr'>ad</span> <span class='ocrx_word' id='word_1_117' title='bbox 727 1170 865 1228; x_wconf 85' lang='lat' dir='ltr'>propositum</span> 
     </span>
     <span class='ocr_line' id='line_1_15' title="bbox 77 1241 864 1308; baseline -0.001 -17"><span class='ocrx_word' id='word_1_118' title='bbox 77 1242 211 1292; x_wconf 69' lang='lat' dir='ltr'>familiarum</span> <span class='ocrx_word' id='word_1_119' title='bbox 222 1244 310 1291; x_wconf 91' lang='lat' dir='ltr'>nomina</span> <span class='ocrx_word' id='word_1_120' title='bbox 319 1243 534 1308; x_wconf 79' lang='lat' dir='ltr'>complurapossent</span> <span class='ocrx_word' id='word_1_121' title='bbox 547 1253 602 1302; x_wconf 89' lang='lat' dir='ltr'>quae</span> <span class='ocrx_word' id='word_1_122' title='bbox 614 1241 747 1302; x_wconf 85' lang='lat' dir='ltr'>aliterapud</span> <span class='ocrx_word' id='word_1_123' title='bbox 758 1241 864 1301; x_wconf 85' lang='lat' dir='ltr'>antiquis-</span> 
     </span>
     <span class='ocr_line' id='line_1_16' title="bbox 42 1315 865 1376; baseline -0.002 -12"><span class='ocrx_word' id='word_1_124' title='bbox 42 1317 66 1364; x_wconf 85' lang='lat' dir='ltr'>l5</span> <span class='ocrx_word' id='word_1_125' title='bbox 82 1316 155 1371; x_wconf 66' lang='lat' dir='ltr'>simos</span> <span class='ocrx_word' id='word_1_126' title='bbox 170 1316 231 1364; x_wconf 89' lang='lat' dir='ltr'>aliter</span> <span class='ocrx_word' id='word_1_127' title='bbox 245 1329 325 1374; x_wconf 87' lang='lat' dir='ltr'>postea,</span> <span class='ocrx_word' id='word_1_128' title='bbox 341 1337 385 1364; x_wconf 90' lang='lat' dir='ltr'>non</span> <span class='ocrx_word' id='word_1_129' title='bbox 400 1316 489 1376; x_wconf 84' lang='lat' dir='ltr'>quidem</span> <span class='ocrx_word' id='word_1_130' title='bbox 498 1316 627 1375; x_wconf 81' lang='lat' dir='ltr'>&#39;inventione</span> <span class='ocrx_word' id='word_1_131' title='bbox 642 1315 680 1364; x_wconf 90' lang='lat' dir='ltr'>sed</span> <span class='ocrx_word' id='word_1_132' title='bbox 695 1315 865 1368; x_wconf 81' lang='lat' dir='ltr'>commutatione</span> 
     </span>
     <span class='ocr_line' id='line_1_17' title="bbox 81 1387 517 1447; baseline 0.002 -12"><span class='ocrx_word' id='word_1_133' title='bbox 81 1387 169 1442; x_wconf 84' lang='lat' dir='ltr'>litterae,</span> <span class='ocrx_word' id='word_1_134' title='bbox 180 1389 212 1436; x_wconf 91' lang='lat' dir='ltr'>uti</span> <span class='ocrx_word' id='word_1_135' title='bbox 221 1387 286 1446; x_wconf 80' lang='lat' dir='ltr'>vulgo</span> <span class='ocrx_word' id='word_1_136' title='bbox 296 1387 328 1443; x_wconf 83' lang='lat' dir='ltr'>fit,</span> <span class='ocrx_word' id='word_1_137' title='bbox 339 1388 445 1447; x_wconf 88' lang='lat' dir='ltr'>appellata</span> <span class='ocrx_word' id='word_1_138' title='bbox 455 1401 517 1437; x_wconf 83' lang='lat' dir='ltr'>sunt.-</span> 
     </span>
    </p>

    <p class='ocr_par' dir='ltr' id='par_1_5' title="bbox 81 1460 864 1668">
     <span class='ocr_line' id='line_1_18' title="bbox 122 1460 864 1520; baseline -0.001 -11"><span class='ocrx_word' id='word_1_139' title='bbox 122 1460 167 1509; x_wconf 83' lang='lat' dir='ltr'>Sed</span> <span class='ocrx_word' id='word_1_140' title='bbox 181 1475 279 1510; x_wconf 88' lang='lat' dir='ltr'>nostrum</span> <span class='ocrx_word' id='word_1_141' title='bbox 288 1474 420 1511; x_wconf 82' lang='lat' dir='ltr'>revertamur</span> <span class='ocrx_word' id='word_1_142' title='bbox 428 1460 456 1511; x_wconf 89' lang='lat' dir='ltr'>ad</span> <span class='ocrx_word' id='word_1_143' title='bbox 465 1461 589 1510; x_wconf 83' lang='lat' dir='ltr'>institutum</span> <span class='ocrx_word' id='word_1_144' title='bbox 597 1473 663 1520; x_wconf 86' lang='lat' dir='ltr'>atque</span> <span class='ocrx_word' id='word_1_145' title='bbox 673 1480 683 1508; x_wconf 92' lang='lat' dir='ltr'>r</span> <span class='ocrx_word' id='word_1_146' title='bbox 692 1461 786 1509; x_wconf 85' lang='lat' dir='ltr'>litteram</span> <span class='ocrx_word' id='word_1_147' title='bbox 795 1460 864 1519; x_wconf 87' lang='lat' dir='ltr'>haud·</span> 
     </span>
     <span class='ocr_line' id='line_1_19' title="bbox 81 1533 863 1592; baseline 0 -11"><span class='ocrx_word' id='word_1_148' title='bbox 81 1552 190 1591; x_wconf 87' lang='lat' dir='ltr'>quaquam</span> <span class='ocrx_word' id='word_1_149' title='bbox 204 1554 216 1581; x_wconf 87' lang='lat' dir='ltr'>a</span> <span class='ocrx_word' id='word_1_150' title='bbox 231 1533 330 1588; x_wconf 83' lang='lat' dir='ltr'>Claudio,</span> <span class='ocrx_word' id='word_1_151' title='bbox 342 1547 367 1582; x_wconf 95' lang='lat' dir='ltr'>ut</span> <span class='ocrx_word' id='word_1_152' title='bbox 378 1535 444 1583; x_wconf 89' lang='lat' dir='ltr'>tradit</span> <span class='ocrx_word' id='word_1_153' title='bbox 454 1534 594 1592; x_wconf 87' lang='lat' dir='ltr'>Pomponius,</span> <span class='ocrx_word' id='word_1_154' title='bbox 606 1534 645 1582; x_wconf 90' lang='lat' dir='ltr'>sed</span> <span class='ocrx_word' id='word_1_155' title='bbox 656 1534 704 1592; x_wconf 88' lang='lat' dir='ltr'>ipso</span> <span class='ocrx_word' id='word_1_156' title='bbox 715 1534 744 1582; x_wconf 87' lang='lat' dir='ltr'>ab</span> <span class='ocrx_word' id='word_1_157' title='bbox 755 1533 863 1588; x_wconf 80' lang='lat' dir='ltr'>Evandro,</span> 
     </span>
     <span class='ocr_line' id='line_1_20' title="bbox 81 1601 863 1668; baseline -0.001 -10"><span class='ocrx_word' id='word_1_158' title='bbox 81 1622 105 1658; x_wconf 86' lang='lat' dir='ltr'>ut</span> <span class='ocrx_word' id='word_1_159' title='bbox 115 1608 189 1656; x_wconf 85' lang='lat' dir='ltr'>scribit</span> <span class='ocrx_word' id='word_1_160' title='bbox 200 1608 327 1663; x_wconf 87' lang='lat' dir='ltr'>Priscianus,</span> <span class='ocrx_word' id='word_1_161' title='bbox 334 1601 645 1668; x_wconf 86' lang='lat' dir='ltr'>inventam-conservatamque</span> <span class='ocrx_word' id='word_1_162' title='bbox 654 1607 760 1663; x_wconf 83' lang='lat' dir='ltr'>dicamus.</span> <span class='ocrx_word' id='word_1_163' title='bbox 769 1607 863 1668; x_wconf 87' lang='lat' dir='ltr'>Litterae</span> 
     </span>
    </p>

    <p class='ocr_par' dir='ltr' id='par_1_6' title="bbox 39 1681 887 1963">
     <span class='ocr_line' id='line_1_21' title="bbox 39 1681 868 1740; baseline 0.002 -12"><span class='ocrx_word' id='word_1_164' title='bbox 39 1682 67 1730; x_wconf 77' lang='lat'>20</span> <span class='ocrx_word' id='word_1_165' title='bbox 81 1695 154 1731; x_wconf 89' lang='lat' dir='ltr'>autem</span> <span class='ocrx_word' id='word_1_166' title='bbox 166 1681 325 1740; x_wconf 44' lang='lat' dir='ltr'>liguram&#39;quae</span> <span class='ocrx_word' id='word_1_167' title='bbox 338 1681 382 1729; x_wconf 87' lang='lat' dir='ltr'>vim</span> <span class='ocrx_word' id='word_1_168' title='bbox 394 1701 408 1729; x_wconf 94' lang='lat' dir='ltr'>v</span> <span class='ocrx_word' id='word_1_169' title='bbox 420 1682 557 1731; x_wconf 86' lang='lat' dir='ltr'>consonantis</span> <span class='ocrx_word' id='word_1_170' title='bbox 570 1682 659 1731; x_wconf 88' lang='lat' dir='ltr'>haberet</span> <span class='ocrx_word' id='word_1_171' title='bbox 671 1683 781 1732; x_wconf 88' lang='lat' dir='ltr'>inventam</span> <span class='ocrx_word' id='word_1_172' title='bbox 794 1691 868 1740; x_wconf 79' lang='lat' dir='ltr'>esse&#39;aj</span> 
     </span>
     <span class='ocr_line' id='line_1_22' title="bbox 83 1753 863 1813; baseline -0.001 -12"><span class='ocrx_word' id='word_1_173' title='bbox 83 1753 137 1802; x_wconf 90' lang='lat' dir='ltr'>lulio</span> <span class='ocrx_word' id='word_1_174' title='bbox 149 1753 247 1808; x_wconf 80' lang='lat' dir='ltr'>Caesare,</span> <span class='ocrx_word' id='word_1_175' title='bbox 259 1753 296 1813; x_wconf 88' lang='lat' dir='ltr'>qui</span> <span class='ocrx_word' id='word_1_176' title='bbox 308 1754 354 1801; x_wconf 89' lang='lat' dir='ltr'>eius</span> <span class='ocrx_word' id='word_1_177' title='bbox 365 1754 459 1800; x_wconf 89' lang='lat' dir='ltr'>nominis</span> <span class='ocrx_word' id='word_1_178' title='bbox 471 1754 557 1812; x_wconf 89' lang='lat' dir='ltr'>primus·</span> <span class='ocrx_word' id='word_1_179' title='bbox 565 1754 733 1813; x_wconf 85' lang='lat' dir='ltr'>rempublicam</span> <span class='ocrx_word' id='word_1_180' title='bbox 743 1755 863 1812; x_wconf 83' lang='lat' dir='ltr'>usurpavit,</span> 
     </span>
     <span class='ocr_line' id='line_1_23' title="bbox 80 1827 887 1892; baseline 0.001 -16"><span class='ocrx_word' id='word_1_181' title='bbox 80 1827 203 1888; x_wconf 84' lang='lat' dir='ltr'>testimonio</span> <span class='ocrx_word' id='word_1_182' title='bbox 216 1827 318 1876; x_wconf 85' lang='lat' dir='ltr'>Prisciani</span> <span class='ocrx_word' id='word_1_183' title='bbox 331 1839 421 1877; x_wconf 88' lang='lat' dir='ltr'>constat.</span> <span class='ocrx_word' id='word_1_184' title='bbox 435 1827 479 1876; x_wconf 85' lang='lat' dir='ltr'>Sed</span> <span class='ocrx_word' id='word_1_185' title='bbox 492 1847 557 1877; x_wconf 86' lang='lat' dir='ltr'>usum</span> <span class='ocrx_word' id='word_1_186' title='bbox 569 1828 615 1877; x_wconf 89' lang='lat' dir='ltr'>eius</span> <span class='ocrx_word' id='word_1_187' title='bbox 629 1827 703 1877; x_wconf 90' lang='lat' dir='ltr'>haberi</span> <span class='ocrx_word' id='word_1_188' title='bbox 716 1827 863 1892; x_wconf 8' lang='lat' dir='ltr'>vetuit-*Octa*</span> <span class='ocrx_word' id='word_1_189' title='bbox 885 1873 887 1877; x_wconf 74' lang='grc'>,</span> 
     </span>
     <span class='ocr_line' id='line_1_24' title="bbox 80 1900 863 1963; baseline 0.001 -16"><span class='ocrx_word' id='word_1_190' title='bbox 80 1900 161 1955; x_wconf 86' lang='lat' dir='ltr'>vianus,</span> <span class='ocrx_word' id='word_1_191' title='bbox 178 1900 238 1959; x_wconf 92' lang='lat' dir='ltr'>quod</span> <span class='ocrx_word' id='word_1_192' title='bbox 254 1900 384 1948; x_wconf 82' lang='lat' dir='ltr'>existimaret</span> <span class='ocrx_word' id='word_1_193' title='bbox 399 1900 466 1948; x_wconf 91' lang='lat' dir='ltr'>videri</span> <span class='ocrx_word' id='word_1_194' title='bbox 482 1913 546 1959; x_wconf 93' lang='lat' dir='ltr'>turpe</span> <span class='ocrx_word' id='word_1_195' title='bbox 561 1901 716 1963; x_wconf 85' lang='lat' dir='ltr'>obscurarique</span> <span class='ocrx_word' id='word_1_196' title='bbox 733 1900 863 1950; x_wconf 85' lang='lat' dir='ltr'>Caesareum</span> 
     </span>
    </p>

    <p class='ocr_par' dir='ltr' id='par_1_7' title="bbox 66 1973 863 2032">
     <span class='ocr_line' id='line_1_25' title="bbox 66 1973 863 2032; baseline 0.001 -12"><span class='ocrx_word' id='word_1_197' title='bbox 66 2001 68 2008; x_wconf 39' lang='grc' dir='ltr'><strong><em>ι</em></strong></span> <span class='ocrx_word' id='word_1_198' title='bbox 78 1973 166 2028; x_wconf 84' lang='lat' dir='ltr'>nomen,</span> <span class='ocrx_word' id='word_1_199' title='bbox 173 1974 190 2020; x_wconf 90' lang='lat' dir='ltr'>si</span> <span class='ocrx_word' id='word_1_200' title='bbox 199 1974 299 2031; x_wconf 84' lang='lat' dir='ltr'>princeps</span> <span class='ocrx_word' id='word_1_201' title='bbox 307 1974 345 2032; x_wconf 91' lang='lat' dir='ltr'>qui</span> <span class='ocrx_word' id='word_1_202' title='bbox 355 1973 431 2020; x_wconf 84' lang='lat' dir='ltr'>luisset</span> <span class='ocrx_word' id='word_1_203' title='bbox 439 1974 497 2020; x_wconf 88' lang='lat' dir='ltr'>orbis</span> <span class='ocrx_word' id='word_1_204' title='bbox 505 1974 559 2021; x_wconf 90' lang='lat' dir='ltr'>adeo</span> <span class='ocrx_word' id='word_1_205' title='bbox 567 1994 637 2032; x_wconf 89' lang='lat' dir='ltr'>usque</span> <span class='ocrx_word' id='word_1_206' title='bbox 644 1974 758 2022; x_wconf 89' lang='lat' dir='ltr'>abiecisset</span> <span class='ocrx_word' id='word_1_207' title='bbox 765 1975 863 2023; x_wconf 90' lang='lat' dir='ltr'>animum</span> 
     </span>
    </p>

    <p class='ocr_par' dir='ltr' id='par_1_8' title="bbox 40 2044 867 2106">
     <span class='ocr_line' id='line_1_26' title="bbox 40 2044 867 2106; baseline 0.004 -14"><span class='ocrx_word' id='word_1_208' title='bbox 40 2044 66 2093; x_wconf 75' lang='lat'>25</span> <span class='ocrx_word' id='word_1_209' title='bbox 81 2059 112 2101; x_wconf 91' lang='lat' dir='ltr'>ut,</span> <span class='ocrx_word' id='word_1_210' title='bbox 124 2046 189 2105; x_wconf 72' lang='lat' dir='ltr'>&#39;quasi</span> <span class='ocrx_word' id='word_1_211' title='bbox 203 2059 259 2095; x_wconf 85' lang='lat' dir='ltr'>esset</span> <span class='ocrx_word' id='word_1_212' title='bbox 273 2068 330 2095; x_wconf 90' lang='lat' dir='ltr'>unus</span> <span class='ocrx_word' id='word_1_213' title='bbox 344 2067 356 2093; x_wconf 89' lang='lat' dir='ltr'>e</span> <span class='ocrx_word' id='word_1_214' title='bbox 371 2046 477 2105; x_wconf 83' lang='lat' dir='ltr'>magistris</span> <span class='ocrx_word' id='word_1_215' title='bbox 491 2045 587 2094; x_wconf 85' lang='lat' dir='ltr'>litterarii</span> <span class='ocrx_word' id='word_1_216' title='bbox 601 2067 626 2094; x_wconf 86' lang='lat' dir='ltr'>ac</span> <span class='ocrx_word' id='word_1_217' title='bbox 641 2046 728 2106; x_wconf 90' lang='lat' dir='ltr'>puerilis</span> <span class='ocrx_word' id='word_1_218' title='bbox 743 2046 797 2104; x_wconf 85' lang='lat' dir='ltr'>ludi,</span> <span class='ocrx_word' id='word_1_219' title='bbox 811 2046 867 2104; x_wconf 87' lang='lat' dir='ltr'>haec</span> 
     </span>
    </p>

    <p class='ocr_par' dir='ltr' id='par_1_9' title="bbox 0 2119 863 2186">
     <span class='ocr_line' id='line_1_27' title="bbox 0 2119 863 2186; baseline 0.001 -19"><span class='ocrx_word' id='word_1_220' title='bbox 0 2173 3 2186; x_wconf 19' lang='grc' dir='ltr'>ἶ</span> <span class='ocrx_word' id='word_1_221' title='bbox 80 2119 163 2168; x_wconf 85' lang='lat' dir='ltr'>minuta</span> <span class='ocrx_word' id='word_1_222' title='bbox 176 2139 201 2167; x_wconf 91' lang='lat' dir='ltr'>ac</span> <span class='ocrx_word' id='word_1_223' title='bbox 215 2119 299 2178; x_wconf 90' lang='lat' dir='ltr'>plebeia</span> <span class='ocrx_word' id='word_1_224' title='bbox 313 2131 430 2168; x_wconf 85' lang='lat' dir='ltr'>tractasset.</span> <span class='ocrx_word' id='word_1_225' title='bbox 447 2119 472 2168; x_wconf 93' lang='lat' dir='ltr'>ld</span> <span class='ocrx_word' id='word_1_226' title='bbox 487 2140 574 2179; x_wconf 86' lang='lat' dir='ltr'>quoque</span> <span class='ocrx_word' id='word_1_227' title='bbox 589 2119 657 2178; x_wconf 85' lang='lat' dir='ltr'>liquet</span> <span class='ocrx_word' id='word_1_228' title='bbox 671 2120 722 2168; x_wconf 88' lang='lat' dir='ltr'>satis</span> <span class='ocrx_word' id='word_1_229' title='bbox 737 2119 863 2175; x_wconf 76' lang='lat' dir='ltr'>Claudium,</span> 
     </span>
    </p>

    <p class='ocr_par' dir='ltr' id='par_1_10' title="bbox 84 2191 862 2261">
     <span class='ocr_line' id='line_1_28' title="bbox 84 2191 862 2261; baseline 0.005 -23"><span class='ocrx_word' id='word_1_230' title='bbox 84 2191 253 2252; x_wconf 85' lang='lat' dir='ltr'>haudquaquam</span> <span class='ocrx_word' id='word_1_231' title='bbox 272 2192 451 2243; x_wconf 85' lang='lat' dir='ltr'>iurisconsultum</span> <span class='ocrx_word' id='word_1_232' title='bbox 471 2193 533 2242; x_wconf 89' lang='lat' dir='ltr'>illurn</span> <span class='ocrx_word' id='word_1_233' title='bbox 553 2213 620 2252; x_wconf 88' lang='lat' dir='ltr'>quem</span> <span class='ocrx_word' id='word_1_234' title='bbox 634 2195 753 2249; x_wconf 85' lang='lat' dir='ltr'>nominavi,</span> <span class='ocrx_word' id='word_1_235' title='bbox 770 2195 809 2261; x_wconf 89' lang='lat' dir='ltr'>sed</span> <span class='ocrx_word' id='word_1_236' title='bbox 823 2195 862 2255; x_wconf 89' lang='lat' dir='ltr'>qui</span> 
     </span>
    </p>

    <p class='ocr_par' dir='ltr' id='par_1_11' title="bbox 0 2264 863 2324">
     <span class='ocr_line' id='line_1_29' title="bbox 0 2264 863 2324; baseline -0.001 -8"><span class='ocrx_word' id='word_1_237' title='bbox 0 2314 2 2316; x_wconf 83' lang='grc'><em>,</em></span> <span class='ocrx_word' id='word_1_238' title='bbox 80 2265 155 2313; x_wconf 88' lang='lat' dir='ltr'>eadem</span> <span class='ocrx_word' id='word_1_239' title='bbox 166 2286 178 2312; x_wconf 92' lang='lat' dir='ltr'>e</span> <span class='ocrx_word' id='word_1_240' title='bbox 188 2264 268 2314; x_wconf 86' lang='lat' dir='ltr'>lamilia</span> <span class='ocrx_word' id='word_1_241' title='bbox 278 2279 328 2323; x_wconf 89' lang='lat' dir='ltr'>post</span> <span class='ocrx_word' id='word_1_242' title='bbox 340 2265 420 2314; x_wconf 90' lang='lat' dir='ltr'>lulium</span> <span class='ocrx_word' id='word_1_243' title='bbox 428 2264 543 2314; x_wconf 87' lang='lat' dir='ltr'>Caesarem</span> <span class='ocrx_word' id='word_1_244' title='bbox 550 2266 671 2324; x_wconf 83' lang='lat' dir='ltr'>imperavit,</span> <span class='ocrx_word' id='word_1_245' title='bbox 679 2266 800 2314; x_wconf 88' lang='lat' dir='ltr'>litterarum</span> <span class='ocrx_word' id='word_1_246' title='bbox 807 2265 863 2324; x_wconf 79' lang='lat' dir='ltr'>figu-</span> 
     </span>
    </p>

    <p class='ocr_par' dir='ltr' id='par_1_12' title="bbox 64 2337 862 2399">
     <span class='ocr_line' id='line_1_30' title="bbox 64 2337 862 2399; baseline 0.001 -14"><span class='ocrx_word' id='word_1_247' title='bbox 64 2356 113 2387; x_wconf 64' lang='lat' dir='ltr'>*ras</span> <span class='ocrx_word' id='word_1_248' title='bbox 127 2352 170 2388; x_wconf 90' lang='lat' dir='ltr'>tres</span> <span class='ocrx_word' id='word_1_249' title='bbox 185 2338 305 2394; x_wconf 54' lang='lat' dir='ltr'>invenisse</span> <span class='ocrx_word' id='word_1_250' title='bbox 314 2359 376 2398; x_wconf 89' lang='lat' dir='ltr'>quae,</span> <span class='ocrx_word' id='word_1_251' title='bbox 386 2337 456 2388; x_wconf 88' lang='lat' dir='ltr'>simul</span> <span class='ocrx_word' id='word_1_252' title='bbox 470 2352 495 2388; x_wconf 89' lang='lat' dir='ltr'>ut</span> <span class='ocrx_word' id='word_1_253' title='bbox 510 2352 542 2389; x_wconf 89' lang='lat' dir='ltr'>est</span> <span class='ocrx_word' id='word_1_254' title='bbox 556 2338 603 2399; x_wconf 90' lang='lat' dir='ltr'>ipse</span> <span class='ocrx_word' id='word_1_255' title='bbox 613 2339 657 2389; x_wconf 88' lang='lat' dir='ltr'>vita</span> <span class='ocrx_word' id='word_1_256' title='bbox 667 2337 790 2395; x_wconf 72' lang='lat' dir='ltr'>defunctus,</span> <span class='ocrx_word' id='word_1_257' title='bbox 801 2339 862 2399; x_wconf 90' lang='lat' dir='ltr'>quod</span> 
     </span>
    </p>

    <p class='ocr_par' dir='ltr' id='par_1_13' title="bbox 39 2408 877 2471">
     <span class='ocr_line' id='line_1_31' title="bbox 39 2408 877 2471; baseline 0.006 -16"><span class='ocrx_word' id='word_1_258' title='bbox 39 2408 68 2457; x_wconf 80' lang='lat'>30</span> <span class='ocrx_word' id='word_1_259' title='bbox 82 2412 203 2470; x_wconf 85' lang='lat' dir='ltr'>superfluae</span> <span class='ocrx_word' id='word_1_260' title='bbox 222 2411 353 2466; x_wconf 87' lang='lat' dir='ltr'>viderentur,</span> <span class='ocrx_word' id='word_1_261' title='bbox 376 2411 484 2471; x_wconf 82' lang='lat' dir='ltr'>neglectae</span> <span class='ocrx_word' id='word_1_262' title='bbox 506 2411 579 2461; x_wconf 87' lang='lat' dir='ltr'>subito</span> <span class='ocrx_word' id='word_1_263' title='bbox 602 2424 623 2461; x_wconf 88' lang='lat' dir='ltr'>et</span> <span class='ocrx_word' id='word_1_264' title='bbox 641 2432 746 2465; x_wconf 86' lang='lat' dir='ltr'>consensu</span> <span class='ocrx_word' id='word_1_265' title='bbox 765 2412 877 2461; x_wconf 59' lang='lat' dir='ltr'>omniurn&gt;</span> 
     </span>
    </p>

    <p class='ocr_par' dir='ltr' id='par_1_14' title="bbox 0 2478 872 2542">
     <span class='ocr_line' id='line_1_32' title="bbox 0 2478 872 2542; baseline 0.001 -11"><span class='ocrx_word' id='word_1_266' title='bbox 0 2492 3 2524; x_wconf 85' lang='grc' dir='ltr'><strong><em>Ῑ</em></strong></span> <span class='ocrx_word' id='word_1_267' title='bbox 79 2484 201 2542; x_wconf 88' lang='lat' dir='ltr'>antiquatae</span> <span class='ocrx_word' id='word_1_268' title='bbox 212 2497 269 2532; x_wconf 87' lang='lat' dir='ltr'>sunt.</span> <span class='ocrx_word' id='word_1_269' title='bbox 281 2484 320 2532; x_wconf 83' lang='lat' dir='ltr'>Rei</span> <span class='ocrx_word' id='word_1_270' title='bbox 330 2483 394 2532; x_wconf 88' lang='lat' dir='ltr'>huius</span> <span class='ocrx_word' id='word_1_271' title='bbox 405 2496 516 2532; x_wconf 87' lang='lat' dir='ltr'>auctorem</span> <span class='ocrx_word' id='word_1_272' title='bbox 525 2484 595 2532; x_wconf 90' lang='lat' dir='ltr'>habeo</span> <span class='ocrx_word' id='word_1_273' title='bbox 606 2478 741 2532; x_wconf 88' lang='lat' dir='ltr'>Cornellium</span> <span class='ocrx_word' id='word_1_274' title='bbox 751 2483 872 2534; x_wconf 56' lang='lat' dir='ltr'>Tacitum:</span> 
     </span>
    </p>

    <p class='ocr_par' dir='ltr' id='par_1_15' title="bbox 0 2555 862 2624">
     <span class='ocr_line' id='line_1_33' title="bbox 0 2555 862 2624; baseline 0.003 -20"><span class='ocrx_word' id='word_1_275' title='bbox 0 2563 1 2566; x_wconf 71' lang='grc'>’</span> <span class='ocrx_word' id='word_1_276' title='bbox 79 2555 107 2605; x_wconf 84' lang='lat' dir='ltr'>Se</span> <span class='ocrx_word' id='word_1_277' title='bbox 122 2557 211 2619; x_wconf 87' lang='lat' dir='ltr'>quidem</span> <span class='ocrx_word' id='word_1_278' title='bbox 225 2556 271 2606; x_wconf 89' lang='lat' dir='ltr'>illas</span> <span class='ocrx_word' id='word_1_279' title='bbox 285 2556 365 2605; x_wconf 89' lang='lat' dir='ltr'>vidisse</span> <span class='ocrx_word' id='word_1_280' title='bbox 377 2555 444 2605; x_wconf 76' lang='lat' dir='ltr'>refert</span> <span class='ocrx_word' id='word_1_281' title='bbox 456 2556 567 2616; x_wconf 88' lang='lat' dir='ltr'>sculptas</span> <span class='ocrx_word' id='word_1_282' title='bbox 561 2576 584 2605; x_wconf 91' lang='lat' dir='ltr'>m</span> <span class='ocrx_word' id='word_1_283' title='bbox 596 2575 645 2605; x_wconf 89' lang='lat' dir='ltr'>aere</span> <span class='ocrx_word' id='word_1_284' title='bbox 656 2577 681 2606; x_wconf 92' lang='lat' dir='ltr'>ac</span> <span class='ocrx_word' id='word_1_285' title='bbox 693 2556 811 2616; x_wconf 87' lang='lat' dir='ltr'>plebiscitis</span> <span class='ocrx_word' id='word_1_286' title='bbox 823 2578 862 2624; x_wconf 85' lang='lat' dir='ltr'>per</span> 
     </span>
    </p>

    <p class='ocr_par' dir='ltr' id='par_1_16' title="bbox 0 2623 934 2713">
     <span class='ocr_line' id='line_1_34' title="bbox 0 2623 934 2713; baseline 0.001 -37"><span class='ocrx_word' id='word_1_287' title='bbox 0 2660 2 2662; x_wconf 59' lang='lat'>&gt;</span> <span class='ocrx_word' id='word_1_288' title='bbox 68 2623 124 2679; x_wconf 80' lang='lat' dir='ltr'>fora</span> <span class='ocrx_word' id='word_1_289' title='bbox 139 2644 160 2679; x_wconf 86' lang='lat' dir='ltr'>et</span> <span class='ocrx_word' id='word_1_290' title='bbox 174 2630 254 2690; x_wconf 88' lang='lat' dir='ltr'>templa</span> <span class='ocrx_word' id='word_1_291' title='bbox 268 2630 324 2679; x_wconf 83' lang='lat' dir='ltr'>fixis.</span> <span class='ocrx_word' id='word_1_292' title='bbox 340 2630 385 2679; x_wconf 86' lang='lat' dir='ltr'>Sed</span> <span class='ocrx_word' id='word_1_293' title='bbox 401 2631 504 2679; x_wconf 88' lang='lat' dir='ltr'>hactenus</span> <span class='ocrx_word' id='word_1_294' title='bbox 517 2643 546 2686; x_wconf 90' lang='lat' dir='ltr'>et,</span> <span class='ocrx_word' id='word_1_295' title='bbox 556 2643 664 2690; x_wconf 86' lang='lat' dir='ltr'>quantum</span> <span class='ocrx_word' id='word_1_296' title='bbox 672 2630 810 2687; x_wconf 82' lang='lat' dir='ltr'>arbitramur</span> <span class='ocrx_word' id='word_1_297' title='bbox 818 2631 863 2713; x_wconf 81' lang='lat' dir='ltr'>hoc</span> <span class='ocrx_word' id='word_1_298' title='bbox 932 2674 934 2677; x_wconf 79' lang='grc'>,</span> 
     </span>
    </p>

    <p class='ocr_par' dir='ltr' id='par_1_17' title="bbox 0 2700 865 2761">
     <span class='ocr_line' id='line_1_35' title="bbox 0 2700 865 2761; baseline 0.002 -11"><span class='ocrx_word' id='word_1_299' title='bbox 0 2700 1 2725; x_wconf 63' lang='lat'>³</span> <span class='ocrx_word' id='word_1_300' title='bbox 78 2703 126 2752; x_wconf 89' lang='lat' dir='ltr'>ad</span> <span class='ocrx_word' id='word_1_301' title='bbox 120 2706 244 2753; x_wconf 84' lang='lat' dir='ltr'>institutum</span> <span class='ocrx_word' id='word_1_302' title='bbox 259 2704 309 2752; x_wconf 85' lang='lat' dir='ltr'>satis</span> <span class='ocrx_word' id='word_1_303' title='bbox 324 2704 351 2751; x_wconf 89' lang='lat' dir='ltr'>de</span> <span class='ocrx_word' id='word_1_304' title='bbox 366 2704 448 2761; x_wconf 81' lang='lat' dir='ltr'>origine</span> <span class='ocrx_word' id='word_1_305' title='bbox 462 2703 588 2760; x_wconf 87' lang='lat' dir='ltr'>litterarum</span> <span class='ocrx_word' id='word_1_306' title='bbox 864 2702 865 2706; x_wconf 27' lang='lat'>¹</span> 
     </span>
    </p>
   </div>
   <div class='ocr_carea' id='block_1_5' title="bbox 39 2853 181 2865">
    <p class='ocr_par' dir='ltr' id='par_1_18' title="bbox 39 2853 181 2865">
     <span class='ocr_line' id='line_1_36' title="bbox 39 2853 181 2865; baseline 0 -1"><span class='ocrx_word' id='word_1_307' title='bbox 39 2853 181 2865; x_wconf 51' lang='grc' dir='ltr'>Ἣ</span> 
     </span>
    </p>
   </div>
   <div class='ocr_carea' id='block_1_6' title="bbox 74 2964 706 3024">
    <p class='ocr_par' dir='ltr' id='par_1_19' title="bbox 74 2964 706 3024">
     <span class='ocr_line' id='line_1_37' title="bbox 74 2964 706 3024; baseline 0.011 -25"><span class='ocrx_word' id='word_1_308' title='bbox 74 2964 102 3002; x_wconf 86' lang='grc'>22,</span> <span class='ocrx_word' id='word_1_309' title='bbox 114 2966 164 3006; x_wconf 69' lang='lat' dir='ltr'>Prisc.</span> <span class='ocrx_word' id='word_1_310' title='bbox 176 2968 215 3006; x_wconf 81' lang='lat' dir='ltr'>lust.</span> <span class='ocrx_word' id='word_1_311' title='bbox 228 2967 240 3003; x_wconf 88' lang='lat'>1.</span> <span class='ocrx_word' id='word_1_312' title='bbox 254 2969 277 3004; x_wconf 86' lang='lat'>20</span> <span class='ocrx_word' id='word_1_313' title='bbox 289 2967 310 3012; x_wconf 81' lang='lat' dir='ltr'>(l.</span> <span class='ocrx_word' id='word_1_314' title='bbox 321 2983 338 3011; x_wconf 87' lang='lat' dir='ltr'>p.</span> <span class='ocrx_word' id='word_1_315' title='bbox 354 2967 380 3006; x_wconf 83' lang='grc'>15.</span> <span class='ocrx_word' id='word_1_316' title='bbox 394 2967 435 3013; x_wconf 59' lang='lat' dir='ltr'>§rr</span> <span class='ocrx_word' id='word_1_317' title='bbox 474 2968 514 3012; x_wconf 13' lang='lat'>⁸31.</span> <span class='ocrx_word' id='word_1_318' title='bbox 525 2966 567 3008; x_wconf 75' lang='lat' dir='ltr'>Tac.</span> <span class='ocrx_word' id='word_1_319' title='bbox 580 2969 622 3009; x_wconf 77' lang='lat' dir='ltr'>Anu.</span> <span class='ocrx_word' id='word_1_320' title='bbox 635 2969 664 3008; x_wconf 84' lang='lat' dir='ltr'>Xl.</span> <span class='ocrx_word' id='word_1_321' title='bbox 681 2970 706 3024; x_wconf 73' lang='lat' dir='ltr'>ll.</span> 
     </span>
    </p>
   </div>
   <div class='ocr_carea' id='block_1_7' title="bbox 0 0 1052 3253">
    <p class='ocr_par' dir='ltr' id='par_1_20' title="bbox 0 0 1052 3253">
     <span class='ocr_line' id='line_1_38' title="bbox 0 0 1052 3253; baseline 0 1"><span class='ocrx_word' id='word_1_322' title='bbox 0 0 1052 3253; x_wconf 95' lang='lat' dir='ltr'> </span> 
     </span>
    </p>
   </div>
  </div>
 </body>
</html>
