2093 3253
469 158 562 190 SICCONIS
576 158 691 189 POLENTONI

208 277 325 326 Enimvero
339 276 459 324 incredibili
473 275 595 334 frequentia
609 287 695 323 senatus
710 274 847 333 maximaque
861 274 935 333 populi
950 277 991 326 Ro

210 349 267 399 mani
283 348 430 409 expectatione
443 347 549 397 referente
563 348 586 396 P
602 338 695 396 Lentulo
709 346 797 395 consule
811 360 897 395 senatus
912 347 992 400 iudica
1045 409 1047 411 q

209 424 240 472 vit
255 422 327 472 Clodii
340 422 410 478 legem
422 414 505 488 nullam
518 429 565 469 esse
578 421 717 478 decrevitque
730 433 754 469 ut
766 433 855 469 vocatus
868 420 945 469 Cicero
957 444 992 472 ve·
1045 447 1047 482 j

210 497 272 544 niret
288 493 405 553 Dignitatis
426 493 485 543 enim
504 493 615 552 augendae
635 512 699 543 causa
719 492 801 541 senatui
823 492 894 541 dicere
914 492 992 551 placuit

184 572 196 619 5
212 570 272 628 quod
282 569 364 616 veniret
375 568 452 617 Cicero
460 581 556 630 vocatus,
567 588 600 622 ne,
611 587 628 615 sr
622 569 737 616 restituto
746 567 808 615 liceat
817 566 890 628 venire
899 567 991 625 dixisset
1046 562 1047 565 Ἴ

196 642 258 692 iure
271 640 347 706 pulsus
362 659 386 687 ac
398 641 478 690 noxius
490 626 607 706 videretur.

253 703 339 761 Deinde
354 733 405 761 cum
419 712 544 761 centuriatis
562 711 658 760 comiciis
677 712 701 760 P.
721 710 826 760 Lentulus
845 693 921 760 consul
939 730 992 764 esset

212 785 339 834 concionem
353 782 431 842 populi
442 785 534 833 Romani
548 785 667 848 habiturus,
681 798 705 833 ut
718 784 778 842 quod
790 797 876 832 senatus
889 784 992 835 decrevis

212 871 250 913 set,
266 856 290 905 id
303 856 365 915 plebs
379 857 448 912 sciret,
463 857 501 915 qui
515 868 575 905 erant
589 856 700 905 Ciceronis
713 856 795 905 inimici
808 856 896 904 turbare
909 859 992 906 concio-
1046 911 1047 914 Ἴ

132 957 134 959 ·
173 933 199 981 10
214 952 264 979 nem
278 930 427 988 impedireque
437 951 464 978 ne
473 931 496 978 id
505 930 565 978 fieret
574 931 645 978 conati
655 942 712 979 sunt.
721 930 801 980 ,Clodio
811 930 900 987 quidem
909 943 993 980 auctore

211 1024 236 1050 ac
250 1003 306 1050 duce
320 1014 345 1049 ut
359 1003 464 1058 rogationi
481 1003 610 1049 obsisterent
626 1003 702 1050 armati
719 1002 797 1049 milites
814 1020 852 1059 per
869 1013 955 1050 noctem
970 1024 992 1051 ac

212 1075 281 1124 multo
296 1073 381 1122 silentio
396 1086 446 1123 ante
461 1074 533 1122 lucem
548 1073 628 1128 lorum,
644 1075 767 1128 comicium
784 1074 897 1132 templum,
914 1075 993 1124 curiam

212 1148 375 1208 compleverunt
387 1149 538 1207 impetumque
550 1148 659 1197 collocatis
672 1149 755 1211 insidiis
768 1147 865 1197 iecerunt
878 1148 901 1195 in
913 1146 941 1205 Q.
955 1148 993 1197 Fa-

212 1223 312 1275 bricium,
328 1221 401 1279 quiet
417 1220 528 1270 Ciceronis
547 1222 629 1270 amicus
648 1222 789 1280 etprinceps
808 1219 924 1278 rogationis
944 1235 992 1269 erat.

165 1351 166 1355 Ἰ
174 1298 179 1345 l
187 1296 199 1344 5
214 1293 301 1352 Templi
311 1313 398 1351 nanque
407 1293 527 1355 occupandi
537 1314 600 1342 causa
609 1293 644 1341 hic
654 1293 681 1342 de
690 1294 796 1342 industria
805 1313 891 1341 summo
901 1292 994 1341 diluculo

213 1368 251 1416 sed
265 1366 347 1415 tardius
362 1385 428 1424 quam
443 1361 551 1425 oporteret
565 1387 590 1415 ac
605 1367 677 1415 minus
692 1378 791 1424 potenter
803 1366 828 1427 in
842 1364 915 1413 lorum
930 1367 993 1415 venit.

255 1439 315 1487 Tum
329 1439 419 1497 quidem
434 1459 467 1487 res
483 1461 527 1487 non
542 1440 625 1498 legibus
640 1460 679 1487 nec
693 1440 768 1498 populi
784 1440 875 1499 Romani
890 1440 993 1498 suffragiis

213 1513 252 1559 sed
266 1511 344 1569 pugnis
356 1523 377 1558 et
389 1512 464 1579 gladiis
476 1524 526 1559 ante
537 1512 608 1559 lucem
620 1524 685 1573 gesta.
698 1512 841 1563 Ciceronum,
854 1511 914 1568 quod
925 1525 993 1559 essent

213 1583 276 1643 pauci
290 1604 315 1632 ac
330 1582 415 1635 sublato
426 1603 464 1643 per
475 1584 563 1632 insidias
575 1583 667 1632 clamore
679 1583 781 1638 deterriti,
793 1582 856 1631 facile
867 1584 960 1641 superati
971 1605 994 1631 ac

172 1658 200 1705 20
215 1656 276 1705 eiecti
292 1668 349 1704 sunt.
364 1654 424 1705 Tum
447 1656 548 1716 permulti
559 1669 588 1711 et,
601 1656 638 1715 qui
650 1669 695 1705 erat
706 1657 806 1705 tribunus
819 1655 895 1714 plebis,
907 1655 931 1705 P.
943 1656 994 1705 Ser¹

213 1730 256 1778 tius
270 1727 383 1784 vulnerati,
392 1730 457 1778 occisi
470 1729 535 1779 etiam
548 1728 654 1778 nonnulli.
663 1729 812 1791 Quaerebatur
822 1740 871 1777 ante
882 1749 956 1778 omnes
968 1730 995 1781 ad

214 1823 289 1851 necem
304 1802 415 1850 Ciceronis
429 1802 494 1851 frater
511 1803 539 1859 Q.
555 1803 639 1850 Cicero.
656 1802 756 1851 Redierat
772 1802 831 1849 enim
846 1822 872 1861 ex
887 1802 938 1851 Asia
953 1803 994 1850 Ro-

171 1933 173 1938 ·
214 1898 272 1931 mam
287 1874 345 1924 lraud
359 1874 439 1925 multos
454 1891 504 1926 ante
514 1875 559 1942 dies
570 1891 591 1925 et
601 1875 667 1937 simul
676 1898 726 1926 cum
736 1875 782 1924 aliis
791 1896 832 1937 pro
850 1874 918 1924 salute
927 1874 995 1924 fratris

214 1943 279 2002 arma,
295 1969 323 1996 ne
337 1948 459 1998 turbaretur
476 1949 566 2008 rogatio,
584 1963 712 2007 sumpserat.
731 1949 778 1999 Nec
794 1962 855 1998 tanto
872 1970 884 1997 e
901 1948 994 2008 periculo

173 2022 221 2095 25
216 2042 288 2080 ipsum
298 2021 357 2069 aliud
368 2021 485 2080 quicquam
500 2022 578 2079 eripuit
592 2041 614 2069 m
608 2022 706 2080 quod
701 2043 771 2071 iacens
785 2023 841 2070 inter
851 2021 953 2078 cadavera
964 2021 994 2069 uti

216 2106 313 2143 mortuus
328 2113 367 2152 per
381 2094 451 2143 noctis
469 2093 623 2142 obscuritatem
640 2115 749 2154 nusquam
767 2095 867 2148 inventus
885 2106 924 2142 est.
943 2093 995 2142 Pau

215 2167 261 2214 lum
275 2185 326 2215 vero
330 2167 419 2214 sedatis
434 2168 498 2215 rebus
511 2187 563 2214 cum
575 2167 667 2215 victores
680 2168 774 2216 abissent
787 2169 914 2226 priusquam
927 2166 995 2214 eluce
1003 2178 1006 2181 “

215 2252 247 2287 ret
262 2251 283 2286 et
297 2239 397 2297 cognosci
414 2252 486 2298 posset
502 2238 568 2287 servis
585 2238 711 2298 libertisque
727 2240 771 2288 suis
787 2240 898 2287 immixtus
915 2237 994 2296 effugit.

216 2312 263 2359 Hac
277 2331 350 2369 pugna
361 2313 458 2369 superior
469 2310 559 2359 Clodius
571 2312 651 2359 amicos
663 2312 773 2360 Ciceronis
792 2312 846 2373 adeo
864 2311 928 2369 lregit
939 2309 996 2368 quod

173 2385 202 2434 30
217 2385 281 2433 rebus
297 2384 413 2444 desperatis
425 2404 484 2433 arma
495 2384 602 2445 fugientes
613 2384 737 2434 abiicerent.
749 2385 865 2444 Pompeius
876 2395 949 2433 autem
960 2380 996 2431 ubi

140 2464 142 2467 ’
216 2477 262 2507 rem
276 2458 331 2506 male
347 2469 429 2517 gestam
444 2459 533 2513 audivit,
550 2478 646 2518 pugnam
662 2459 770 2518 extemplo
786 2458 886 2507 restituit.
903 2458 996 2507 Suorum

216 2552 302 2589 nanque
317 2552 382 2580 manu
396 2533 485 2581 collecta
497 2547 519 2581 et
531 2533 631 2590 undiquev
641 2530 722 2581 uocatis
734 2533 808 2581 amicis
821 2533 849 2588 Q.
862 2532 994 2581 Ciceronem,

217 2597 256 2663 qui
269 2604 328 2652 domi
341 2624 364 2652 se
375 2604 465 2653 timidus
477 2605 608 2660 continebat,
621 2605 723 2664 produxit
736 2605 758 2652 in
770 2603 843 2667 lorum
855 2617 876 2652 et
888 2602 953 2651 caesis
965 2599 993 2648 ibi

216 2677 325 2727 nonnullis
340 2698 364 2726 ac
379 2678 453 2728 multis
471 2679 548 2727 sauciis
567 2699 593 2727 ex
610 2678 703 2727 inimicis
721 2691 879 2738 repugnantem
897 2674 997 2725 Clodium

172 2752 202 2820 35
218 2752 326 2810 superavit
340 2750 431 2810 loroque
444 2752 527 2801 victum
539 2753 612 2810 ipsum
624 2773 649 2800 ac
662 2752 761 2810 iugatum
774 2752 842 2800 eiecit.

215 2938 248 2982 35.
263 2938 329 2990 ipsum
343 2955 387 2981 secr.
