2093 3253
168 166 208 212 228
471 180 563 210 srccorvrs
576 180 692 210 eonnurour

209 316 318 356 nusquam
338 296 360 344 in
376 295 428 343 orbe
440 294 543 344 ⁴homines
561 294 618 364 docti
641 295 679 356 qui
696 295 770 344 virtuti
787 296 848 344 daret
865 296 956 349 honores
973 319 993 354 et
1043 320 1047 323 ‘¹

210 370 293 430 premia
307 369 436 420 invenirent.
452 369 531 429 Neque
542 388 593 418 vero
606 371 679 430 ipsum
691 389 739 428 spes
752 369 836 419 lelellit.
855 369 992 435 Magistratus
1044 372 1047 391 ⁵

213 444 302 504 quidem
318 456 339 492 et
355 441 435 491 multos
451 454 472 491 et
485 462 574 500 magnos
587 463 637 492 cum
649 444 729 492 virtute
746 463 784 492 sua
801 456 849 492 tum
863 443 993 503 benignitate
1043 448 1045 450 ¹

212 517 315 576 principis
327 516 491 574 amicorumque
503 514 576 563 lavore
588 536 613 577 ac
625 516 770 565 benivolentia
782 516 844 564 obiit.
857 515 908 565 Erat
920 532 993 572 natura
1044 564 1046 568 ,

182 593 195 639 5
212 590 307 648 prudens
322 603 388 647 atque
394 588 512 643 modestus,
524 590 547 636 in
554 589 629 638 litteris
636 609 694 644 vero,
701 591 843 648 presertimin
852 589 992 651 philosophia,
1045 645 1046 648 Ἴ

211 664 233 710 in
248 661 330 710 artibus
339 661 410 715 bonis,
420 661 443 708 in
452 662 498 719 ipsa
509 661 604 720 denique
613 663 712 710 omnium
726 662 874 710 doctrinarum
884 667 993 724 amatrice,

210 734 340 794 eloquentia,
358 732 457 782 omnium
468 733 505 793 qui
517 747 588 782 essent
598 735 621 783 in
631 734 685 784 urbe
696 734 841 783 doctissimus.

232 796 234 808 Ι
253 806 396 868 Equestribus
411 819 484 855 autem
498 806 625 857 muneribus
639 806 727 857 iunctus
741 821 773 856 est
786 808 888 867 primum,
903 809 994 862 urbanos
1045 804 1047 806 Ι

211 882 290 930 deinde
303 880 440 939 magistratus
453 880 545 938 adeptus
558 881 647 930 tandem
660 881 688 929 ad
701 881 838 930 consulatum
851 882 954 933 ascendit.
970 886 992 935 ln
1043 890 1047 895 ”

170 958 197 1004 10
212 955 327 1013 provinciis
343 973 431 1012 quoque
439 954 601 1011 procurationes
611 953 795 1013 splendidissimas
804 954 935 1014 easdemque
944 977 992 1006 con1
1044 961 1046 963 ’

209 1028 281 1076 tinuas
296 1027 379 1076 habuit.
396 1026 485 1085 Ubique
500 1039 559 1074 tanta
575 1040 607 1075 est
622 1027 759 1082 abstinentia,
774 1028 865 1081 iusticia,
881 1029 993 1085 prudentia

210 1121 262 1164 usus
278 1101 338 1158 quod
350 1111 449 1148 veterum
462 1120 518 1156 pene
531 1100 665 1156 antiquatam
683 1119 771 1148 omnem
789 1101 915 1148 memoriam
933 1120 993 1150 reno-

210 1185 276 1221 varet.
292 1171 436 1230 Vespasianus
446 1190 497 1220 vero
506 1183 534 1225 et,
545 1171 583 1229 qui
593 1190 643 1220 eum
653 1184 739 1219 secutus
749 1184 781 1220 est
790 1172 813 1220 in
822 1171 921 1229 imperio,
931 1172 992 1223 Titus

211 1247 267 1294 inter
281 1247 362 1294 amicos
377 1257 504 1303 amatusque
518 1245 592 1303 ipsum
606 1264 672 1303 quam
687 1244 779 1293 maxime
794 1244 916 1294 habuerunt
930 1259 993 1306 atque
1041 1257 1046 1306 ⁴}

171 1319 197 1367 15
213 1316 302 1365 consilio
317 1319 370 1371 eius,
385 1316 444 1375 quod
457 1316 520 1364 fidele
533 1330 554 1363 et
567 1317 717 1374 gravissimum
730 1337 776 1364 esse
789 1317 931 1376 perciperent,
945 1334 992 1367 sunt
1043 1357 1046 1359 -

208 1409 310 1448 persaepe
319 1389 353 1438 vel
363 1389 461 1437 maximis
471 1390 493 1437 in
503 1389 567 1436 rebus
577 1389 618 1437 usi.

252 1463 324 1521 Quam
335 1463 363 1512 ob
374 1481 420 1511 rem
430 1461 485 1512 illud
497 1461 594 1511 mirabile
607 1463 648 1511 hoc
660 1463 683 1511 in
696 1463 784 1511 homine
796 1463 864 1512 videri
876 1483 901 1511 ac
914 1484 993 1513 memo·
1044 1456 1047 1499 s

210 1538 251 1585 rari
266 1536 327 1592 solet,
343 1536 403 1595 quod
413 1536 445 1584 vir
454 1536 529 1584 aulicis
539 1536 596 1583 curis
606 1537 669 1584 datus
679 1535 797 1595 multisque
806 1556 831 1584 ac
841 1538 925 1594 magnis
934 1556 993 1596 prae·
1044 1583 1046 1585 ,

210 1609 298 1658 lecturis
311 1623 332 1658 et
345 1608 449 1658 faciendis
462 1622 483 1656 et
495 1609 518 1656 in
531 1609 585 1656 urbe
598 1622 619 1656 et
631 1609 654 1656 in
667 1609 783 1666 provinciis
796 1610 914 1666 impeditus
927 1610 993 1667 (taceo
1017 1618 1018 1621 ’

168 1684 198 1731 20
213 1701 259 1729 rem
271 1680 408 1745 familiarem)
421 1693 480 1728 tanta
493 1681 578 1738 scripsit
591 1681 651 1739 quod
663 1680 730 1729 luisse
742 1681 810 1729 libero
824 1693 844 1729 et
857 1683 961 1730 continuo
972 1684 993 1729 in

211 1755 258 1802 ocio
273 1754 401 1813 solutusque
414 1754 471 1802 curis
484 1774 508 1801 ac
521 1773 602 1801 vacuus
615 1773 703 1813 prorsus
717 1755 776 1802 omni
789 1754 879 1812 negocio
891 1755 993 1803 videatur.
1019 1781 1020 1784 ¹
1040 1757 1047 1810 si

211 1827 293 1876 Verum
308 1847 373 1876 omne
385 1827 504 1883 ingenium,
517 1846 582 1874 omne
593 1838 687 1884 tempus,
701 1844 766 1875 omne
777 1827 874 1875 studium
886 1828 909 1875 in
921 1828 993 1876 litteris

212 1899 331 1949 collocavit.
346 1898 397 1948 Erat
420 1899 510 1957 quidem
531 1898 564 1947 vir
587 1897 732 1947 florentissimi
755 1899 842 1958 ingenii,
865 1898 993 1948 incredibilis
1038 1900 1046 1957 {²

211 1973 284 2027 studii,
308 1991 405 2022 summae
423 1971 551 2030 vigilantiae,
571 1971 613 2020 cibi
631 1983 705 2021 autem
723 1985 744 2020 et
762 1973 833 2021 somni
851 1973 993 2035 parcissimus,
1040 1981 1045 2037 T:

167 2047 196 2095 25
212 2046 272 2104 quod
286 2046 374 2095 haberet
385 2046 497 2102 cognitum
507 2044 554 2093 illos
565 2058 586 2093 et
597 2045 684 2103 ingenio
694 2045 782 2094 hebetes
793 2060 814 2094 et
825 2065 915 2104 corpore
925 2045 994 2095 tardos
1040 2064 1047 2099 ἢ

211 2138 258 2166 esse
269 2118 306 2176 qui
317 2117 437 2177 plurimum
450 2117 499 2165 cibo
511 2137 536 2165 ac
548 2137 626 2166 somno
638 2130 720 2172 vacant,
730 2130 804 2166 contra
816 2136 867 2166 vero
880 2119 918 2176 qui
931 2117 994 2174 sobrii

212 2211 237 2239 ac
252 2189 326 2248 vigiles
335 2202 385 2238 sunt
394 2210 483 2238 omnem
490 2190 518 2238 ad
526 2189 629 2238 virtutem
637 2190 792 2248 capescendam
800 2190 994 2249 perficiendamque
1042 2209 1046 2254 j

158 2283 159 2288 ¹
215 2284 266 2311 cum
280 2263 367 2322 ingenio
381 2274 430 2310 turn
441 2280 537 2321 corpore,
550 2263 611 2321 quasi
623 2261 681 2310 nulla
693 2263 775 2311 sarcina
785 2263 908 2322 impeditos,
920 2262 994 2312 valere.
1043 2263 1046 2290 ’-

211 2335 304 2383 Proinde
319 2336 374 2383 hanc
388 2335 517 2382 sententiam
531 2335 641 2392 repetebat
655 2355 725 2392 saepe,
741 2335 794 2382 nihil
805 2355 851 2382 esse
861 2336 936 2383 virtuti
947 2335 994 2382 hos·
1039 2336 1047 2396 ᾗ

168 2410 197 2458 30
211 2408 270 2457 tilius
289 2408 390 2468 ingluvie,
410 2406 527 2467 voluptate,
542 2427 626 2456 somno.
641 2408 736 2456 Naturae
755 2409 820 2467 igitur
838 2408 874 2457 vix
892 2419 994 2468 quantum

213 2494 268 2530 esset
283 2481 404 2531 necessitati
424 2481 523 2529 debitum
540 2480 657 2529 tribuebat.
676 2480 775 2540 Tempus
793 2494 866 2530 autem
885 2480 994 2540 colligebat

212 2556 310 2613 undique
320 2557 387 2612 idque
397 2567 456 2602 tanta
467 2555 577 2611 diligentia
587 2555 700 2611 colligebat
711 2557 771 2612 quod
781 2555 866 2603 nullum
876 2555 955 2604 lrustra
964 2550 994 2601 vel

213 2641 349 2676 momentum
364 2625 443 2675 elluere
458 2639 573 2685 pateretur.
589 2625 700 2686 Expeditis
716 2626 805 2685 quidem
820 2626 923 2676 faciendis
943 2643 995 2686 quae
1038 2625 1046 2686 ,ss

213 2700 326 2768 publicum
342 2701 477 2759 privatumve
493 2700 521 2748 ad
540 2701 654 2757 negocium
672 2700 811 2759 pertinerent,
831 2701 936 2759 quicquid
954 2709 995 2747 erat
1038 2698 1047 2763 ᾗ,

229 2965 254 3000 17.
267 2964 309 3001 Plin.
322 2966 352 3009 Ep.
365 2963 387 3000 lll
409 2964 422 2999 5.
