2093 3253
237 163 367 194 scnrnronun
381 163 506 194 rrtusrnrun
519 176 533 181 -
546 164 604 195 tram
618 165 670 194 vnn.
826 151 866 208 247

82 266 174 337 Templa
191 291 251 327 erant
267 291 347 338 aperta,
365 279 412 328 viae
429 279 510 336 passim
526 278 616 328 floribus
633 280 738 338 sertisque
755 279 867 329 odoriferis

80 374 104 400 ac
117 351 219 399 suavibus
232 350 305 398 herbis
318 350 401 408 plenae.
415 349 465 398 Ubi
473 369 524 398 vero
537 350 681 405 illucescebat,
695 352 749 399 ordo
761 352 867 410 pedestris

81 425 125 474 suis
137 424 179 474 sub
190 424 257 483 signis
268 444 293 472 ac
305 423 398 473 ducibus
410 423 512 479 anteibat,
525 423 672 484 sequebantur
689 424 781 474 deorum
799 425 867 475 simu-

84 500 139 548 lacra
147 517 200 547 auro
209 511 343 558 argentoque
351 496 415 551 lacta,
424 495 549 547 ferebantur
558 511 608 558 post
617 497 670 547 haec
684 497 780 547 hostium
793 498 868 558 spolia,

57 577 68 626 5
84 574 100 620 si
119 592 162 631 qua
179 593 206 619 ex
223 570 322 620 hostibus
339 585 402 630 capta
420 584 487 625 erant,
505 571 636 630 sequebatur
653 572 756 621 tubarum
773 571 868 633 clangor.

84 644 169 693 Deinde
181 645 318 703 captivorum
330 642 431 692 nobilitas
445 644 516 691 omnis
529 644 592 693 vultu
604 657 626 693 et
638 645 719 694 amictu
737 645 811 700 tristis,
830 647 869 694 sed

82 718 120 778 qui
133 717 229 767 hostiurn
242 716 287 766 dux
298 715 382 773 luisset,
396 716 414 765 si
426 728 502 775 captus
515 717 595 774 aderat,
609 716 627 765 is
645 718 742 777 captivus
762 718 869 777 posterior
917 783 918 786 Ἰ

84 791 184 840 omnibus
195 791 302 840 veniebat.
314 790 387 839 Curru
397 790 487 839 tandem
497 804 585 839 aureato
595 791 714 841 vehebatur
724 793 869 855 triumphans.

84 864 167 911 Laurea
177 863 212 910 hic
222 875 337 910 coronatus
347 875 400 916 erat;
410 880 496 929 ramum
506 883 594 920 quoque
604 861 658 909 lauri
668 863 764 920 gestabat
775 863 870 913 dextera.

48 941 72 989 10
86 935 187 986 Vestibus
203 948 277 985 autem
292 933 404 993 triumpho
421 933 491 992 dignis
508 948 596 984 ornatus
612 933 655 983 alto
671 955 696 984 ac
712 935 815 985 eminenti
831 938 876 1001 tri-¹

84 1009 164 1063 bunali,
181 1022 206 1057 ut
222 1008 318 1066 conspici
334 1021 414 1068 posset,
431 1007 526 1056 eburnea
542 1007 593 1056 sella
609 1009 632 1056 in
648 1009 759 1058 maiestate
774 1009 870 1060 sedebat.

85 1083 222 1140 Purpureum
235 1081 328 1138 desuper
340 1092 477 1137 tegmentum
490 1092 542 1134 erat,
551 1080 617 1128 ’cuius
630 1080 735 1135 fimbriae,
749 1101 804 1148 quae
817 1082 871 1140 pen-

85 1156 160 1204 derent
175 1154 280 1213 undique.
296 1152 353 1212 picta
368 1154 428 1212 signa
444 1164 464 1202 et
480 1152 555 1212 populi
571 1152 662 1202 Romani
678 1166 699 1202 et
718 1155 871 1218 ttiumphantis

86 1228 201 1276 habebant.
223 1226 249 1275 Id
268 1224 551 1289 nostratesBaldacbinum
569 1225 686 1284 appellant.
706 1227 802 1276 Currum
821 1230 872 1288 equi

50 1305 72 1351 15
88 1300 227 1359 pulcherrimi
240 1319 265 1347 ac
279 1298 361 1348 lalerati
375 1298 496 1348 trahebant.
511 1298 632 1347 Veniebant
642 1300 725 1353 ¹deinde
739 1301 814 1360 populi
828 1302 872 1349 Ro-

87 1373 144 1420 mani
160 1372 227 1429 signa.
243 1370 358 1429 Equitatus
374 1370 504 1430 sequebatur
525 1371 603 1420 omnis.
620 1371 685 1437 Laqri
706 1391 791 1421 ramum
802 1394 872 1423 >manu

87 1444 182 1504 gestabat
195 1445 289 1504 quisque
301 1457 323 1493 et
335 1443 431 1493 carmina
443 1442 479 1492 alii
492 1443 521 1493 ad
533 1443 627 1499 laudem,
641 1443 676 1493 alii
689 1445 718 1494 ad
730 1445 873 1505 opprobrium

88 1518 222 1577 imperatoris
237 1537 275 1566 sua
289 1536 330 1576 pro
344 1517 430 1568 licentia
444 1530 465 1566 et
480 1517 591 1567 voluntate
606 1518 718 1568 canebant.
734 1518 817 1568 Ordine
832 1521 873 1569 hoc

88 1591 210 1640 venientem
223 1603 309 1638 senatus
322 1611 347 1638 ac
359 1589 435 1649 populi
448 1590 541 1638 Romani
554 1589 615 1639 lavor
627 1590 655 1639 ad
667 1591 727 1639 urbis
739 1605 825 1650 portam
837 1613 873 1641 ex-

50 1667 76 1716 20
90 1663 190 1724 cipiebat.
206 1663 262 1713 Vota
278 1662 319 1712 diis
335 1662 431 1714 solvebat
447 1662 477 1712 ibi
493 1663 636 1723 triumphans.
653 1663 702 1713 Hoc
718 1665 753 1714 die
769 1665 884 1726 quicquid

89 1752 134 1787 erat
148 1738 172 1786 in
186 1738 240 1787 urbe
255 1750 277 1785 et
292 1737 413 1786 ornamenti
428 1750 450 1785 et
465 1736 540 1796 populi
555 1736 677 1793 videbatur;
692 1738 802 1797 publicam
816 1740 874 1800 enirn

89 1811 117 1858 ad
131 1810 225 1859 leticiam
243 1830 299 1869 quae
318 1810 411 1858 habebat
430 1810 523 1869 quisque
542 1809 615 1858 omnia
633 1811 761 1869 exponebat.
780 1811 875 1872 Pompae

90 1884 139 1931 finis
153 1896 198 1931 erat
213 1882 270 1931 lovis
285 1882 402 1940 Capitolini
415 1882 530 1940 templum.
547 1882 580 1930 lbi
594 1883 632 1940 qui
646 1883 741 1945 hostium
755 1903 792 1932 rex
805 1886 875 1935 duxve

90 1955 166 2003 luisset
178 1957 222 2004 'aut
241 1955 319 2002 carceri
339 1955 482 2002 damnabatur
500 1967 607 2012 perpetuo
625 1967 664 2008 aut¹
681 1957 754 2013 pueris
773 1956 875 2017 plebique

52 2027 77 2076 25
86 2028 210 2076 ‘trahendus
221 2026 274 2076 lune
284 2027 460 2085 occidendusque
472 2027 570 2076 dabatur.
579 2026 668 2075 Hostiae
676 2028 717 2076 diis
729 2029 775 2077 sine
786 2049 876 2079 numero

91 2100 170 2148 deinde
182 2119 262 2148 caesae.
278 2099 311 2147 Ibi
324 2098 467 2158 triumphanti
480 2097 675 2158 congratulationes
689 2113 709 2148 et
722 2100 796 2149 laudes
809 2115 876 2151 actae.

95 2172 236 2232 ld-templum
245 2172 328 2222 Romae
336 2173 432 2232 primum
437 2172 544 2222 omniurn
550 2171 646 2222 Palatino
655 2173 678 2222 in
688 2188 761 2223 monte
771 2173 877 2225 Romulus

92 2268 153 2295 caeso
162 2266 212 2305 rege
221 2246 318 2294 hostium
327 2246 453 2305 designavit,
463 2259 488 2294 ut
498 2245 596 2305 exemplo
606 2247 652 2295 eius
662 2248 700 2306 qui
709 2248 775 2297 duces
785 2248 877 2298 Romani

92 2318 149 2367 bello
163 2319 242 2367 deinde
256 2318 366 2367 vincerent
380 2318 460 2373 hostes,
475 2318 497 2366 hi
512 2318 580 2377 spolia
600 2318 672 2376 opima
691 2318 731 2377 (sic
750 2319 808 2368 enim
822 2341 878 2379 quae

53 2391 80 2440 30
94 2392 138 2442 dux
147 2393 197 2442 duci
206 2410 266 2442 arma
275 2392 395 2442 detraheret
404 2392 550 2451 appellabant)
562 2393 607 2442 Iovi
617 2393 658 2442 hoc
667 2394 727 2443 istud
734 2393 763 2443 ad
770 2394 879 2453 templum

92 2465 202 2514 offerrent.
215 2466 309 2514 Peractis
322 2466 388 2524 igitur
402 2486 457 2524 quae
470 2466 498 2514 ad
511 2465 593 2520 laudes,
608 2486 663 2524 quae
676 2467 704 2515 ad
717 2485 776 2516 sacra
790 2480 811 2515 et
824 2459 891 2517 ceri-¹

95 2539 177 2586 monias
189 2537 333 2598 pertinebant,
346 2538 397 2586 inde
410 2538 570 2596 proficiscentes
582 2538 737 2596 triumphantis
749 2538 777 2586 ad
789 2539 880 2588 domum

93 2610 160 2659 ibant.

121 2722 123 2725 -
135 2683 237 2743 Denique
248 2684 361 2752 consulatu
373 2697 447 2734 exacto
457 2705 481 2733 se
492 2683 547 2733 Cato
563 2684 653 2733 minime
663 2685 711 2733 ocio
722 2684 782 2734 dedit
792 2686 831 2735 sed
841 2703 881 2735 cu*

55 2805 196 2814 Ἢ-

99 2869 128 2916 17.
142 2870 239 2929 (laudem)
252 2870 285 2916 alii
299 2878 312 2916 ἰ,
327 2891 342 2916 r.
396 2853 430 2916 20.
444 2871 496 2917 Vota
510 2878 522 2916 ι’.
538 2891 553 2916 r.
609 2872 641 2917 25.
655 2870 686 2918 Ex
700 2869 819 2917 trahendum
833 2892 882 2928 corr.

58 2932 89 2980 28.
102 2954 179 2984 caeso...
194 2936 300 2992 hostium)
314 2944 327 2983 i.
342 2957 357 2982 r.
413 2938 445 2983 30.
459 2953 513 2982 arma
525 2957 571 2983 sscr.
