2093 3253
411 198 413 200 ·
451 192 543 223 sicconis
557 191 674 223 aotsnronr
955 178 980 221 16

1025 276 1030 292 i

190 306 241 356 belli
250 305 340 355 Troiani
350 305 478 363 scriptorem
486 325 511 354 ac
519 317 604 360 testem,
611 306 634 354 in
641 306 745 356 Latinum
753 318 846 360 vertens,
856 305 886 355 ita
894 304 979 365 praela·

190 393 226 428 tus
239 393 270 428 est
283 392 308 428 ut
320 379 377 428 dicat
389 377 456 426 libros
469 378 535 432 Ditis,
548 379 586 437 qui
599 400 625 427 eo
638 380 665 428 de
677 379 735 428 hello
747 391 796 435 tum
808 398 878 436 nuper
895 379 978 428 inventi

190 465 269 505 essent,
278 452 354 499 litteris
363 471 409 498 esse
417 451 532 498 Phoenicis
540 451 579 498 sed
587 452 658 500 verbis
667 451 757 500 Graecis
765 451 865 518 scriptos,
874 450 935 509 quod
943 470 978 499 eas

191 536 244 573 tunc
254 524 335 573 litteras
347 522 431 572 Cadmo
442 536 463 571 et
473 523 574 583 Agenore
583 523 709 574 auctoribus
720 522 978 583 Graecialrequentaret.
1029 517 1043 521 ¹

165 599 177 647 5
194 597 289 646 Graecas
303 617 355 646 vero
371 597 456 653 litteras²
469 617 524 655 quae
541 599 617 654 priscis
634 599 683 650 usui
700 598 797 656 primum
812 610 885 645 essent
901 617 938 645 sex
954 616 979 645 ac
1042 592 1044 594 i

192 669 269 719 decem
279 669 346 718 modo
356 667 426 718 luisse
435 669 564 724 Priscianus,
576 670 728 728 grammaticae
740 669 830 717 Latinae
841 670 943 726 magister
954 688 979 716 ac
1044 702 1046 728 3

192 755 260 800 pater,
276 742 348 790 refert.
361 742 460 789 *Plinium
475 762 563 800 quoque
578 741 683 789 habemus
699 754 777 789 testem
792 740 873 789 litteras
889 740 979 789 Graecis
1032 739 1047 784 ³³2

192 815 301 863 institutas
310 815 406 873 primum
414 834 426 861 a
434 814 519 862 Cadmo
526 814 579 862 XVI
586 834 640 869 esse,
648 814 690 862 illis
698 833 749 863 vero
757 814 836 863 deinde
842 813 980 862 Palamedem
1038 824 1043 878 ζ

195 900 305 946 quattuor,
317 900 392 945 postea
400 886 543 944 Symonidem
552 887 628 935 alteras
637 888 740 945 quattuor
748 887 859 935 adiecisse.
868 886 979 934 Aristoteli
1044 916 1047 941 g

154 961 181 1007 l0
195 972 268 1007 autem
280 959 361 1007 litteras
375 959 464 1006 Graecis
478 960 574 1017 primum
587 971 636 1006 octo
648 978 673 1007 ac
686 959 762 1006 decem
774 958 849 1012 luisse,
863 959 916 1006 duas
929 976 980 1006 vero

193 1032 327 1090 supplevisse
344 1030 514 1090 haudquaquam
530 1030 675 1087 Palamedem,
692 1044 716 1080 ut
732 1044 811 1091 putant
827 1032 924 1091 quidam,
942 1030 981 1080 sed
1041 1022 1045 1066 l

193 1104 328 1164 Epidaurum
344 1105 421 1164 placet.
442 1105 538 1153 lsidorus
556 1124 607 1153 vero
626 1105 736 1153 Cadmum
754 1105 835 1153 litteras
854 1118 938 1163 septem
956 1125 981 1153 ac

195 1177 270 1226 decem
285 1177 366 1226 Grecas
381 1178 476 1235 primum
490 1178 617 1231 instituisse,
632 1177 689 1225 bello
703 1190 776 1224 autem
791 1177 870 1225 deinde
884 1176 981 1225 Troiano

193 1249 330 1298 Palamedem
345 1263 395 1303 tres,
406 1249 550 1308 Symonidem
558 1269 647 1308 quoque
655 1261 707 1304 tres,
716 1262 828 1308 postremo
837 1248 981 1307 Pythagoram

155 1324 181 1375 15
196 1342 270 1378 unam,
281 1343 324 1382 qua
337 1324 404 1372 vitam
416 1322 534 1371 humanam
547 1322 665 1381 effingeret,
673 1323 788 1377 invenisse,
798 1337 822 1372 ut
835 1324 878 1372 sint
891 1322 981 1371 Graecis

194 1396 277 1445 litterae
292 1409 396 1455 quattuor
407 1408 428 1444 et
439 1396 522 1454 viginti,
534 1395 607 1445 tradit.
822 1395 823 1398 ¹
838 1445 839 1449 ,
1045 1388 1046 1391 ¹

237 1469 273 1516 Ad
280 1510 281 1513 ,
289 1469 354 1530 ltalos
363 1487 421 1521 vero,
431 1468 491 1526 apud
500 1488 555 1525 quos
564 1469 653 1516 tandem
662 1469 701 1515 sed
710 1488 754 1525 quo
763 1468 853 1521 tardius,
863 1488 889 1515 eo
898 1468 981 1515 diutius

194 1562 219 1590 ac
230 1541 314 1590 firmius
332 1540 430 1590 studium
447 1561 512 1589 omne
529 1541 649 1590 litterarum
667 1554 688 1590 et
705 1541 823 1600 sapientiae
838 1537 918 1598 floruit,
936 1541 982 1600 pri·

195 1636 256 1663 mum
270 1636 282 1662 e
298 1614 389 1663 Graecia
398 1614 479 1662 litteras
489 1635 535 1662 esse
545 1615 625 1663 delatas
635 1615 734 1663 omnium
743 1614 880 1663 confessione
889 1628 981 1663 constat.

154 1689 183 1735 20
197 1687 286 1745 Quippe
297 1689 350 1736 mari
362 1687 531 1745 haudquaquam
542 1706 621 1744 magno
633 1687 720 1735 distant.
734 1686 818 1735 ltaliam
829 1708 918 1747 quoque
929 1686 982 1735 olim

196 1780 297 1818 magnam
312 1758 426 1808 Graeciam
437 1758 574 1818 appellarunt
584 1760 657 1819 prisci.
668 1759 747 1819 Neque
758 1778 809 1809 vero
820 1759 879 1808 hunc
889 1761 912 1808 in
923 1760 982 1809 diem

196 1833 262 1880 verba
276 1854 345 1891 pauca
356 1845 415 1881 tenet
430 1832 491 1881 ltalia
503 1834 624 1890 quaeipsis
637 1853 649 1880 a
662 1832 852 1890 Graecissumpta
864 1853 910 1880 esse
923 1833 982 1880 docti

196 1925 271 1954 omnes
281 1905 402 1953 assentiunt
411 1917 433 1952 et
447 1903 543 1953 latentur
553 1905 624 1962 plane.
635 1905 750 1963 Siquidem
762 1906 846 1953 ltaliam
856 1906 883 1953 de
893 1907 982 1953 nomine
1011 1903 1013 1908 ,

196 1977 257 2024 ducis
270 1976 316 2024 Itali
326 1975 464 2034 appellatam,
473 1975 609 2035 eandemque
618 1989 698 2024 terram
708 1977 821 2035 antiquam
831 1977 921 2025 uberem
931 1995 983 2034 agro

154 2049 182 2099 25
197 2068 222 2099 ac
237 2061 349 2108 potentem
363 2049 428 2097 armis
442 2047 509 2096 luisse
521 2062 543 2097 et
557 2049 628 2104 Maro,
639 2069 738 2098 summus
749 2048 821 2108 poeta,
832 2049 890 2098 canit
900 2062 922 2107 et
932 2052 984 2099 auc·

196 2136 253 2172 tores
269 2123 348 2182 egregii
363 2122 471 2171 affirmant
486 2122 556 2173 multi.
573 2122 677 2171 Timaeus
692 2136 773 2177 autem,
794 2122 832 2182 qui
853 2143 879 2172 ex
900 2123 988 2177 Locris,

196 2195 264 2243 nobili
286 2195 398 2252 quondam
421 2194 494 2242 ltaliae
509 2196 602 2247 civitate,
624 2194 730 2242 oriundus
751 2207 773 2242 et
794 2194 866 2254 magni
888 2194 983 2244 Platonis

197 2260 284 2314 auditor
298 2265 347 2321 tuit,
363 2286 414 2315 cum
430 2266 513 2315 Graeca
528 2268 625 2315 oratione
640 2268 731 2325 scriptas
747 2267 846 2315 historias
862 2266 938 2323 edidit,
954 2278 983 2321 et,

198 2341 235 2398 qui
252 2339 552 2388 Romanorum‘doctissimus
565 2338 614 2394 luit,
628 2340 662 2388 M.
671 2338 789 2388 Terentius
797 2340 866 2388 Varro
878 2353 899 2388 et
912 2341 940 2388 de
952 2342 984 2389 Re

155 2413 185 2460 30
199 2412 288 2469 Agraria
302 2425 323 2459 et
337 2412 364 2460 de
371 2412 545 2469 Antiquitatibus
559 2412 656 2459 scribens
667 2412 751 2460 ltaliam
760 2411 833 2459 Greco
846 2412 874 2459 de
887 2412 983 2465 nomine,

198 2484 259 2542 quod
273 2483 340 2532 boves
350 2482 434 2532 Graeca
443 2495 541 2531 veterum
551 2483 624 2541 lingua
633 2483 697 2532 italae
706 2496 842 2539 vocarentur,
848 2484 983 2533 nominatam

198 2556 304 2605 scribunt.
321 2555 372 2605 Erat
389 2556 479 2612 quidem
497 2556 565 2609 ltalia,
582 2556 600 2603 si
617 2556 708 2604 Varroni
725 2569 747 2604 et
763 2555 855 2604 Timaeo
871 2557 984 2612 assentior,

198 2628 311 2687 quondam
325 2628 389 2687 plena
404 2628 483 2684 bohus;
501 2628 577 2686 populi
595 2643 669 2676 autem
687 2629 751 2676 rudes
771 2650 815 2676 non
833 2629 922 2682 litteras,
940 2649 986 2678 non

176 2763 178 2768 ι
198 2702 307 2750 doctrinas
319 2701 358 2750 sed
369 2720 438 2760 pecua
449 2713 470 2749 et
482 2713 579 2750 armenta
591 2701 702 2749 curabant.

194 2844 210 2882 6.
223 2841 273 2879 Prisc.
281 2842 320 2880 lnsl.
335 2841 349 2878 l.
360 2841 378 2879 15
387 2840 409 2884 (l,
418 2857 434 2885 p.
445 2841 469 2878 l2.
480 2841 529 2885 17Κ).
573 2844 590 2880 7.
601 2842 643 2879 Plin.
650 2843 675 2880 Ν.
683 2844 707 2881 Η.
718 2842 757 2879 Vll.
771 2843 806 2879 192,
856 2844 873 2881 9.
886 2843 936 2880 Arist.
942 2842 987 2887 apud

137 2903 279 2943 'Plin.,loc.cit.
331 2903 359 2938 12.
374 2901 539 2947 tsid.Etym.I.3.6.
588 2903 616 2942 25,
629 2902 844 2949 Verg.Aen,·1.53t-533.
900 2902 987 2941 26.Tim,

156 2963 203 3008 apud
211 2962 257 3000 Varr.
265 2965 286 3000 R.
294 2963 315 3000 R.
326 2963 347 3000 ll,
356 2963 372 2999 5.
381 2963 396 2999 3.
446 2962 474 3001 29.
487 2961 533 2999 Varr.
541 2964 562 3001 R·
571 2965 591 3001 R.
603 2963 625 2999 ll.
633 2963 649 2999 5.
658 2964 674 2999 3.
