2093 3253
122 118 158 163 152
418 131 511 163 srccours
526 131 642 162 Potamou]

161 246 183 294 ni
199 247 305 304 presentia
326 245 411 303 losephi
430 245 536 303 populum
554 245 634 294 bonam
652 245 680 292 ad
698 264 759 301 spem
778 242 899 302 fortemque
916 268 942 295 ac

139 365 141 368 .
161 332 296 368 constantem
310 319 338 368 ad
352 319 450 368 animum
464 318 571 373 erexisset,
587 317 647 376 quod
661 338 713 376 gens
728 316 896 376 haudquaquam
910 321 941 368 vi·

161 392 216 451 giliis
226 407 247 441 et
257 389 399 442 defendendis
410 394 500 441 moeniis
511 393 549 441 sed
557 392 654 441 'colendis
664 391 719 448 agris
730 402 751 439 et
761 390 877 440 tractandis
888 412 943 441 mer·
1005 404 1009 420 ³

162 466 260 514 cimoniis
275 479 359 515 assueta
370 480 418 514 'non
433 464 517 513 tulisset
532 465 668 514 obsidionem
683 465 720 513 diu
736 457 778 513 sed,
790 465 868 521 quietis
882 468 943 516 avida

133 539 146 588 5
163 559 238 597 pacem
251 558 381 597 quacunque
394 537 473 587 hahere
487 539 592 597 potuisset
606 539 732 587 condicione
746 538 807 586 tacite
821 540 944 596 accepisset.

162 610 249 669 Quippe
263 611 341 660 urbem
357 610 462 669 Iosephus
476 611 599 670 complures
613 611 641 660 ad
655 612 701 660 dies
716 631 780 670 supra
795 632 891 661 mensem
906 634 943 663 sua

162 684 271 742 patientia,
279 684 377 738 consilio,
385 683 535 733 adhortatione
546 683 650 733 defendit.
662 684 706 733 Sed
716 703 749 732 res
760 685 849 733 tandem
865 706 891 734 eo
907 687 945 736 de·

162 757 220 804 venit
228 770 253 804 ut
262 757 299 814 qui
308 769 353 804 arte
362 756 412 804 belli
421 757 509 813 gerendi
518 777 543 804 ac
552 757 690 815 multitudine
699 757 845 814 praevalerent
854 758 944 807 Romani

162 826 276 877 conlractis
286 828 353 877 muris
362 827 439 876 urbem
449 828 469 876 vi
479 841 500 876 et
509 829 673 886 ingrederentur
682 841 703 877 et
711 842 820 887 caperent.

124 901 149 950 I0
208 900 311 960 Iosephus
324 914 397 950 autem
407 901 446 950 ubi
456 902 548 960 amplius
559 898 613 951 nihil
623 903 714 956 consilii,
724 903 778 951 nihil
789 903 861 951 auxilii
872 923 947 962 super»

164 996 210 1023 esse
222 977 333 1034 cognovit,
350 975 404 1024 dum
413 975 509 1024 tumultu
520 990 541 1025 et
551 976 643 1024 clamore
654 977 726 1024 omnia
737 990 867 1031 resonarent,
878 978 944 1025 veloci
1010 1016 1017 1043 5

164 1067 229 1097 cursu
242 1048 326 1107 elapsus
340 1049 362 1095 in
376 1061 467 1107 puteum
480 1069 526 1096 sese
539 1049 633 1098 demisit.
649 1050 706 1098 lstuc
719 1069 807 1108 quoque
820 1050 859 1098 viri
875 1050 946 1098 lotha-

166 1135 227 1180 patae
240 1121 267 1170 ad
280 1121 322 1169 XL
335 1120 475 1178 confugerant
488 1134 509 1169 et
522 1142 577 1180 quae
590 1122 670 1170 multos
682 1123 710 1170 ad
723 1123 776 1170 dies
782 1122 904 1170 sufficerent
916 1123 946 1170 ci·

165 1194 223 1241 baria
236 1207 308 1252 parata
322 1194 380 1241 hunc
393 1194 459 1242 istum
471 1207 592 1242 extremum
604 1195 633 1242 ad
644 1214 719 1242 casum
732 1194 846 1248 habehant,
859 1207 884 1243 ut
897 1214 947 1242 cum

126 1267 151 1315 I5
168 1266 345 1314 hostes'abissent
356 1266 508 1323 egrederentur
519 1266 561 1324 ipsi
573 1278 594 1314 et
606 1286 661 1324 quae
672 1279 761 1324 possent
771 1267 799 1314 ad
811 1266 857 1315 loca
868 1287 891 1314 se
902 1279 947 1316 tuta
1027 1300 1029 1302 -

138 1365 140 1367 ’
165 1338 294 1389 conferrent.
309 1339 370 1388 Nihil
379 1352 424 1387 erat
433 1339 474 1388 hoc
483 1341 505 1387 in
515 1352 581 1398 puteo
589 1361 665 1397 aquae,
675 1339 735 1398 quod
745 1353 860 1388 montuoso
869 1340 892 1388 in
898 1340 948 1388 Ioco

165 1414 279 1463 humorem
297 1434 385 1464 omnem
403 1414 488 1463 aestatis
508 1413 591 1462 siccitas
610 1414 749 1462 ohsorhisset.
770 1412 839 1473 Capta
858 1414 948 1473 quidem

167 1487 277 1535 Kallendis
291 1488 350 1535 Iuliis
364 1487 476 1545 Iothapata
487 1500 527 1534 est.
541 1487 628 1544 Imperii
640 1487 734 1534 Neronis
745 1500 798 1535 tunc
809 1507 879 1535 annus
890 1486 947 1534 XIII

167 1559 319 1618 erar'Captivi
336 1572 409 1608 autem
427 1572 478 1608 sunt
495 1580 539 1608 non
556 1559 629 1618 plures
647 1558 714 1608 MCC
731 1559 858 1609 conservati.
877 1558 949 1608 Occisi

126 1635 154 1682 ΖΟ
169 1653 219 1681 vero
233 1633 275 1681 XL
290 1635 348 1682 milia
357 1647 500 1682 excesserunt.
509 1634 538 1682 ht
548 1634 585 1691 qui
595 1647 655 1682 erant
665 1634 687 1682 in
696 1646 763 1691 puteo
772 1634 830 1682 taciti
841 1646 862 1682 et
871 1654 949 1691 magno

167 1727 217 1754 cum
229 1708 306 1754 timore
318 1706 419 1754 latebant.
435 1706 507 1754 Tutus
519 1719 564 1753 erat
576 1706 642 1759 locus,
655 1719 703 1753 tum
715 1707 775 1764 quod
787 1706 846 1764 putei
859 1706 949 1754 latitudo
1016 1711 1025 1730 I

168 1779 190 1825 in
204 1777 273 1825 fundo
287 1779 379 1837 amplior
390 1798 457 1838 quam
467 1779 490 1826 in
501 1798 588 1826 summo
599 1791 661 1833 esset,
673 1790 721 1827 tum
732 1778 792 1836 quod
803 1779 879 1836 ingens
891 1778 950 1826 lateri
1030 1820 1032 1822 .

168 1852 247 1899 inesset
261 1873 345 1910 specus,
358 1864 383 1899 ut
396 1852 433 1910 qui
447 1865 517 1899 essent
530 1852 553 1899 in
566 1872 591 1899 eo
604 1871 675 1908 neque
688 1851 743 1899 laedi
756 1851 801 1899 ullo
813 1852 841 1899 ab
854 1853 951 1899 intuente

169 1944 209 1972 nec
223 1924 291 1972 videri
307 1937 402 1983 possent.

128 1998 155 2046 25
213 1996 344 2054 Vespasiano
359 2009 432 2045 autem
448 2016 499 2045 cura
517 1997 602 2054 Iosephi
619 1996 712 2045 habendi
729 2016 806 2053 magna
822 2009 875 2050 orta
892 1996 951 2053 quod

170 2068 232 2117 multi
247 2068 371 2118 laciendum
385 2064 435 2118 esse
445 2082 530 2129 putaret
543 2070 653 2129 captivum
666 2069 759 2128 regionis
774 2069 852 2118 ducem
866 2069 951 2123 hahere,

169 2155 217 2191 tum
232 2143 292 2200 quod
307 2145 380 2201 ipsum
395 2143 534 2200 magnificum
549 2163 595 2190 esse
610 2143 681 2191 virum
696 2143 797 2202 belloque
811 2163 836 2191 ac
851 2163 904 2201 pace
919 2164 951 2191 sa·

116 2231 118 2233 ’
170 2217 266 2273 pientem
273 2217 364 2268 audiret,
373 2228 420 2262 tum
431 2229 455 2263 ut
466 2216 558 2262 Romam
569 2216 596 2262 ad
607 2215 718 2263 Neronem
728 2235 768 2273 pro
779 2216 879 2263 victoriae
890 2216 952 2263 nobi·

171 2288 229 2336 litate
239 2307 263 2336 ac
274 2288 399 2336 testimonio
410 2288 533 2336 destinaret.
548 2287 600 2335 Eius
614 2288 679 2346 igitur
690 2288 813 2347 inveniendi
824 2308 887 2337 causa
901 2287 953 2337 iussi

129 2363 158 2411 30
174 2361 251 2410 milites
261 2361 296 2410 alii
307 2361 371 2410 latere
381 2362 453 2419 ipsum
464 2362 503 2409 rati
514 2362 560 2409 loca
569 2362 650 2415 abdita,
661 2362 773 2419 speluncas
783 2382 808 2410 ac
818 2375 953 2410 mortuorum

171 2434 285 2492 sepulchra
292 2435 428 2493 perquirunt;
436 2434 471 2481 alii
479 2435 497 2481 si
505 2447 561 2481 esset
568 2434 624 2482 lorte
632 2436 679 2492 ipso
687 2434 783 2482 tumultu
791 2435 874 2482 occisus
882 2435 954 2482 ruinas

163 2506 232 2555 urbis
246 2519 387 2566 mortuosque
401 2507 493 2556 iacentes
507 2527 531 2556 ac
545 2506 664 2566 insepultos
678 2507 787 2562 evolvunt;
801 2506 836 2556 alii
850 2527 878 2556 ne
891 2507 954 2556 lateat

172 2601 265 2638 usquam
278 2581 345 2629 uivus
363 2593 429 2638 atque
447 2580 569 2638 incognitus
587 2580 655 2638 fugiat
674 2582 749 2629 itinera
768 2581 848 2639 passim
867 2580 912 2629 dies
930 2599 955 2627 ac

175 2769 204 2814 10.
218 2769 267 2814 nihil
281 2768 366 2822 amplius
379 2775 447 2813 statim
461 2787 484 2813 ex
498 2767 591 2822 a(mplius
606 2768 677 2823 nihils)
693 2787 748 2819 corr„
762 2778 830 2821 posteo
846 2775 904 2822 signis
918 2770 932 2813 b
945 2785 957 2810 a

131 2844 151 2882 in
168 2835 252 2890 amplius
269 2835 318 2881 nihil
334 2853 383 2881 corr.
441 2834 470 2880 11.
493 2833 556 2880 veloci
578 2854 601 2882 ex
618 2834 679 2881 veluti
695 2854 743 2880 corr.
801 2835 831 2881 IZ.
845 2834 876 2882 Ex
892 2834 957 2880 lotha·

131 2915 177 2958 pate
190 2922 240 2948 corr.
297 2904 327 2949 15.
340 2913 383 2947 tuta
397 2921 442 2947 sscr.
482 2947 484 2949 ,
500 2904 530 2947 17.
544 2901 574 2949 Ex
589 2903 654 2946 estatis
668 2921 717 2947 corr.
