<?xml version="1.0" encoding="UTF-8"?>
<!DOCTYPE html PUBLIC "-//W3C//DTD XHTML 1.0 Transitional//EN"
    "http://www.w3.org/TR/xhtml1/DTD/xhtml1-transitional.dtd">
<html xmlns="http://www.w3.org/1999/xhtml" xml:lang="en" lang="en">
 <head>
  <title>
</title>
<meta http-equiv="Content-Type" content="text/html;charset=utf-8" />
  <meta name='ocr-system' content='tesseract 3.04.00' />
  <meta name='ocr-capabilities' content='ocr_page ocr_carea ocr_par ocr_line ocrx_word'/>
</head>
<body>
  <div class='ocr_page' id='page_1' title='image "MN40033ucmf_2_0146.png"; bbox 0 0 2093 3253; ppageno 0'>
   <div class='ocr_carea' id='block_1_1' title="bbox 132 191 660 236">
    <p class='ocr_par' dir='ltr' id='par_1_1' title="bbox 132 191 660 236">
     <span class='ocr_line' id='line_1_1' title="bbox 132 191 660 236; baseline -0.004 0"><span class='ocrx_word' id='word_1_1' title='bbox 132 191 158 236; x_wconf 81' lang='lat'>76</span> <span class='ocrx_word' id='word_1_2' title='bbox 430 203 525 236; x_wconf 82' lang='lat' dir='ltr'>sicconis</span> <span class='ocrx_word' id='word_1_3' title='bbox 538 204 660 236; x_wconf 77' lang='lat' dir='ltr'>aoraurom</span> 
     </span>
    </p>
   </div>
   <div class='ocr_carea' id='block_1_2' title="bbox 177 317 961 377">
    <p class='ocr_par' dir='ltr' id='par_1_2' title="bbox 177 310 1040 386">
     <span class='ocr_line' id='line_1_2' title="bbox 177 317 961 377; baseline -0.001 -10"><span class='ocrx_word' id='word_1_4' title='bbox 177 317 294 377; x_wconf 87' lang='lat' dir='ltr'>populeam</span> <span class='ocrx_word' id='word_1_5' title='bbox 304 319 393 377; x_wconf 82' lang='lat' dir='ltr'>virgam,</span> <span class='ocrx_word' id='word_1_6' title='bbox 404 319 462 367; x_wconf 87' lang='lat' dir='ltr'>utin</span> <span class='ocrx_word' id='word_1_7' title='bbox 473 318 592 376; x_wconf 87' lang='lat' dir='ltr'>puerperiis</span> <span class='ocrx_word' id='word_1_8' title='bbox 603 318 701 375; x_wconf 87' lang='lat' dir='ltr'>gentium</span> <span class='ocrx_word' id='word_1_9' title='bbox 709 319 763 367; x_wconf 88' lang='lat' dir='ltr'>ritus</span> <span class='ocrx_word' id='word_1_10' title='bbox 774 318 874 376; x_wconf 80' lang='lat' dir='ltr'>exigeret,</span> <span class='ocrx_word' id='word_1_11' title='bbox 883 339 928 377; x_wconf 89' lang='lat' dir='ltr'>quo</span> <span class='ocrx_word' id='word_1_12' title='bbox 938 319 961 366; x_wconf 89' lang='lat' dir='ltr'>in</span> 
     </span>
    </p>
   </div>
   <div class='ocr_carea' id='block_1_3' title="bbox 174 389 960 451">
    <p class='ocr_par' dir='ltr' id='par_1_3' title="bbox 174 388 1038 452">
     <span class='ocr_line' id='line_1_3' title="bbox 174 389 960 451; baseline 0.002 -14"><span class='ocrx_word' id='word_1_13' title='bbox 174 390 222 437; x_wconf 90' lang='lat' dir='ltr'>loco</span> <span class='ocrx_word' id='word_1_14' title='bbox 237 403 282 438; x_wconf 91' lang='lat' dir='ltr'>erat</span> <span class='ocrx_word' id='word_1_15' title='bbox 294 403 363 438; x_wconf 85' lang='lat' dir='ltr'>natus·</span> <span class='ocrx_word' id='word_1_16' title='bbox 376 407 437 449; x_wconf 86' lang='lat' dir='ltr'>puer,</span> <span class='ocrx_word' id='word_1_17' title='bbox 450 390 511 439; x_wconf 88' lang='lat' dir='ltr'>sevit.</span> <span class='ocrx_word' id='word_1_18' title='bbox 526 389 547 438; x_wconf 89' lang='lat' dir='ltr'>ls</span> <span class='ocrx_word' id='word_1_19' title='bbox 559 408 632 439; x_wconf 87' lang='lat' dir='ltr'>ramus</span> <span class='ocrx_word' id='word_1_20' title='bbox 644 390 725 439; x_wconf 91' lang='lat' dir='ltr'>mirum</span> <span class='ocrx_word' id='word_1_21' title='bbox 736 391 759 438; x_wconf 88' lang='lat' dir='ltr'>in</span> <span class='ocrx_word' id='word_1_22' title='bbox 771 389 863 438; x_wconf 89' lang='lat' dir='ltr'>modurn</span> <span class='ocrx_word' id='word_1_23' title='bbox 873 410 899 438; x_wconf 92' lang='lat' dir='ltr'>ac</span> <span class='ocrx_word' id='word_1_24' title='bbox 910 409 960 451; x_wconf 89' lang='lat' dir='ltr'>pro·</span> 
     </span>
    </p>
   </div>
   <div class='ocr_carea' id='block_1_4' title="bbox 174 462 1043 530">
    <p class='ocr_par' dir='ltr' id='par_1_4' title="bbox 174 457 1043 530">
     <span class='ocr_line' id='line_1_4' title="bbox 174 462 1043 530; baseline 0.001 -19"><span class='ocrx_word' id='word_1_25' title='bbox 174 484 202 521; x_wconf 90' lang='lat' dir='ltr'>pe</span> <span class='ocrx_word' id='word_1_26' title='bbox 216 462 289 512; x_wconf 85' lang='lat' dir='ltr'>subito</span> <span class='ocrx_word' id='word_1_27' title='bbox 305 483 403 511; x_wconf 82' lang='lat' dir='ltr'>crescens</span> <span class='ocrx_word' id='word_1_28' title='bbox 420 463 443 511; x_wconf 92' lang='lat' dir='ltr'>in</span> <span class='ocrx_word' id='word_1_29' title='bbox 459 462 559 511; x_wconf 81' lang='lat' dir='ltr'>arborem</span> <span class='ocrx_word' id='word_1_30' title='bbox 575 482 598 511; x_wconf 93' lang='lat' dir='ltr'>se</span> <span class='ocrx_word' id='word_1_31' title='bbox 614 463 723 512; x_wconf 89' lang='lat' dir='ltr'>veteribus</span> <span class='ocrx_word' id='word_1_32' title='bbox 739 464 804 530; x_wconf 86' lang='lat' dir='ltr'>etiam</span> <span class='ocrx_word' id='word_1_33' title='bbox 820 482 845 511; x_wconf 92' lang='lat' dir='ltr'>ac</span> <span class='ocrx_word' id='word_1_34' title='bbox 862 463 961 512; x_wconf 86' lang='lat' dir='ltr'>maximis</span> <span class='ocrx_word' id='word_1_35' title='bbox 1034 462 1043 526; x_wconf 53' lang='grc' dir='ltr'><strong>ῗῇ</strong></span> 
     </span>
    </p>
   </div>
   <div class='ocr_carea' id='block_1_5' title="bbox 138 535 1047 1697">
    <p class='ocr_par' dir='ltr' id='par_1_5' title="bbox 138 534 1047 1697">
     <span class='ocr_line' id='line_1_5' title="bbox 174 535 961 595; baseline 0.001 -11"><span class='ocrx_word' id='word_1_36' title='bbox 174 536 309 595; x_wconf 88' lang='lat' dir='ltr'>adaequavit.</span> <span class='ocrx_word' id='word_1_37' title='bbox 320 535 351 585; x_wconf 75' lang='lat' dir='ltr'>Ea</span> <span class='ocrx_word' id='word_1_38' title='bbox 362 555 395 584; x_wconf 89' lang='lat' dir='ltr'>res</span> <span class='ocrx_word' id='word_1_39' title='bbox 406 536 429 585; x_wconf 86' lang='lat' dir='ltr'>in</span> <span class='ocrx_word' id='word_1_40' title='bbox 440 535 606 585; x_wconf 81' lang='lat' dir='ltr'>admirationem</span> <span class='ocrx_word' id='word_1_41' title='bbox 616 549 682 594; x_wconf 89' lang='lat' dir='ltr'>atque</span> <span class='ocrx_word' id='word_1_42' title='bbox 693 537 820 594; x_wconf 81' lang='lat' dir='ltr'>religionem</span> <span class='ocrx_word' id='word_1_43' title='bbox 830 536 884 584; x_wconf 91' lang='lat' dir='ltr'>adeo</span> <span class='ocrx_word' id='word_1_44' title='bbox 896 537 961 585; x_wconf 87' lang='lat' dir='ltr'>ducta</span> 
     </span>
     <span class='ocr_line' id='line_1_6' title="bbox 148 607 1047 671; baseline 0.001 -13"><span class='ocrx_word' id='word_1_45' title='bbox 148 609 160 658; x_wconf 88' lang='grc'>5</span> <span class='ocrx_word' id='word_1_46' title='bbox 176 621 209 657; x_wconf 86' lang='lat' dir='ltr'>est</span> <span class='ocrx_word' id='word_1_47' title='bbox 223 621 248 657; x_wconf 85' lang='lat' dir='ltr'>ut</span> <span class='ocrx_word' id='word_1_48' title='bbox 260 629 308 657; x_wconf 90' lang='lat' dir='ltr'>eam</span> <span class='ocrx_word' id='word_1_49' title='bbox 320 607 410 666; x_wconf 77' lang='lat' dir='ltr'>Virgilio</span> <span class='ocrx_word' id='word_1_50' title='bbox 422 622 572 657; x_wconf 87' lang='lat' dir='ltr'>consecrarent</span> <span class='ocrx_word' id='word_1_51' title='bbox 585 621 606 657; x_wconf 86' lang='lat' dir='ltr'>et</span> <span class='ocrx_word' id='word_1_52' title='bbox 618 629 674 668; x_wconf 88' lang='lat' dir='ltr'>quae</span> <span class='ocrx_word' id='word_1_53' title='bbox 686 621 815 669; x_wconf 84' lang='lat' dir='ltr'>pregnantes</span> <span class='ocrx_word' id='word_1_54' title='bbox 828 610 962 668; x_wconf 85' lang='lat' dir='ltr'>peperissent</span> <span class='ocrx_word' id='word_1_55' title='bbox 1023 624 1047 671; x_wconf 70' lang='lat' dir='ltr'>:sl</span> 
     </span>
     <span class='ocr_line' id='line_1_7' title="bbox 177 681 962 746; baseline 0.003 -15"><span class='ocrx_word' id='word_1_56' title='bbox 177 682 204 731; x_wconf 84' lang='lat' dir='ltr'>ad</span> <span class='ocrx_word' id='word_1_57' title='bbox 219 702 266 731; x_wconf 90' lang='lat' dir='ltr'>eam</span> <span class='ocrx_word' id='word_1_58' title='bbox 282 681 395 732; x_wconf 86' lang='lat' dir='ltr'>colendam</span> <span class='ocrx_word' id='word_1_59' title='bbox 411 683 472 746; x_wconf 87' lang='lat' dir='ltr'>quasi</span> <span class='ocrx_word' id='word_1_60' title='bbox 488 682 588 732; x_wconf 90' lang='lat' dir='ltr'>divinum</span> <span class='ocrx_word' id='word_1_61' title='bbox 603 681 635 737; x_wconf 86' lang='lat' dir='ltr'>ad</span> <span class='ocrx_word' id='word_1_62' title='bbox 646 704 728 733; x_wconf 93' lang='lat' dir='ltr'>numen</span> <span class='ocrx_word' id='word_1_63' title='bbox 743 696 857 742; x_wconf 83' lang='lat' dir='ltr'>pergerent</span> <span class='ocrx_word' id='word_1_64' title='bbox 872 703 897 732; x_wconf 90' lang='lat' dir='ltr'>ac</span> <span class='ocrx_word' id='word_1_65' title='bbox 912 695 962 733; x_wconf 93' lang='lat' dir='ltr'>vota</span> 
     </span>
     <span class='ocr_line' id='line_1_8' title="bbox 177 756 963 814; baseline -0.002 -10"><span class='ocrx_word' id='word_1_66' title='bbox 177 757 260 805; x_wconf 82' lang='lat' dir='ltr'>darent.</span> <span class='ocrx_word' id='word_1_67' title='bbox 275 756 338 805; x_wconf 91' lang='lat' dir='ltr'>Maro</span> <span class='ocrx_word' id='word_1_68' title='bbox 352 769 425 804; x_wconf 89' lang='lat' dir='ltr'>autem</span> <span class='ocrx_word' id='word_1_69' title='bbox 439 756 498 814; x_wconf 91' lang='lat' dir='ltr'>apud</span> <span class='ocrx_word' id='word_1_70' title='bbox 511 769 610 814; x_wconf 88' lang='lat' dir='ltr'>parentes</span> <span class='ocrx_word' id='word_1_71' title='bbox 624 757 647 804; x_wconf 92' lang='lat' dir='ltr'>in</span> <span class='ocrx_word' id='word_1_72' title='bbox 660 757 710 805; x_wconf 87' lang='lat' dir='ltr'>villa</span> <span class='ocrx_word' id='word_1_73' title='bbox 724 770 777 805; x_wconf 86' lang='lat' dir='ltr'>tunc</span> <span class='ocrx_word' id='word_1_74' title='bbox 789 756 873 810; x_wconf 77' lang='lat' dir='ltr'>Andos,</span> <span class='ocrx_word' id='word_1_75' title='bbox 888 769 963 814; x_wconf 86' lang='lat' dir='ltr'>postea</span> 
     </span>
     <span class='ocr_line' id='line_1_9' title="bbox 177 827 1046 895; baseline 0.001 -19"><span class='ocrx_word' id='word_1_76' title='bbox 177 828 271 877; x_wconf 90' lang='lat' dir='ltr'>Pletulae</span> <span class='ocrx_word' id='word_1_77' title='bbox 285 827 392 888; x_wconf 88' lang='lat' dir='ltr'>appellata</span> <span class='ocrx_word' id='word_1_78' title='bbox 401 828 505 877; x_wconf 89' lang='lat' dir='ltr'>educatur</span> <span class='ocrx_word' id='word_1_79' title='bbox 514 847 575 887; x_wconf 89' lang='lat' dir='ltr'>puer.</span> <span class='ocrx_word' id='word_1_80' title='bbox 586 828 631 877; x_wconf 92' lang='lat' dir='ltr'>Rus</span> <span class='ocrx_word' id='word_1_81' title='bbox 641 841 673 877; x_wconf 92' lang='lat' dir='ltr'>est</span> <span class='ocrx_word' id='word_1_82' title='bbox 682 827 737 877; x_wconf 89' lang='lat' dir='ltr'>illud</span> <span class='ocrx_word' id='word_1_83' title='bbox 747 827 870 877; x_wconf 82' lang='lat' dir='ltr'>Mantuano</span> <span class='ocrx_word' id='word_1_84' title='bbox 879 828 902 876; x_wconf 90' lang='lat' dir='ltr'>in</span> <span class='ocrx_word' id='word_1_85' title='bbox 911 847 963 887; x_wconf 87' lang='lat' dir='ltr'>agro</span> <span class='ocrx_word' id='word_1_86' title='bbox 1031 834 1046 895; x_wconf 61' lang='lat' dir='ltr'>{ff</span> 
     </span>
     <span class='ocr_line' id='line_1_10' title="bbox 177 901 963 961; baseline 0 -12"><span class='ocrx_word' id='word_1_87' title='bbox 177 915 198 950; x_wconf 92' lang='lat' dir='ltr'>et</span> <span class='ocrx_word' id='word_1_88' title='bbox 213 901 319 951; x_wconf 83' lang='lat' dir='ltr'>Mantuae</span> <span class='ocrx_word' id='word_1_89' title='bbox 333 902 414 951; x_wconf 85' lang='lat' dir='ltr'>civitati</span> <span class='ocrx_word' id='word_1_90' title='bbox 427 902 584 961; x_wconf 82' lang='lat' dir='ltr'>propinquum.</span> <span class='ocrx_word' id='word_1_91' title='bbox 598 901 714 951; x_wconf 84' lang='lat' dir='ltr'>Mantuam</span> <span class='ocrx_word' id='word_1_92' title='bbox 727 921 778 950; x_wconf 92' lang='lat' dir='ltr'>vero</span> <span class='ocrx_word' id='word_1_93' title='bbox 791 902 903 960; x_wconf 88' lang='lat' dir='ltr'>antiquam</span> <span class='ocrx_word' id='word_1_94' title='bbox 916 921 963 950; x_wconf 90' lang='lat' dir='ltr'>esse</span> 
     </span>
     <span class='ocr_line' id='line_1_11' title="bbox 138 973 964 1034; baseline 0 -12"><span class='ocrx_word' id='word_1_95' title='bbox 138 975 165 1023; x_wconf 85' lang='grc'>11]</span> <span class='ocrx_word' id='word_1_96' title='bbox 179 975 202 1022; x_wconf 86' lang='lat' dir='ltr'>in</span> <span class='ocrx_word' id='word_1_97' title='bbox 216 987 272 1023; x_wconf 89' lang='lat' dir='ltr'>terra</span> <span class='ocrx_word' id='word_1_98' title='bbox 287 974 347 1023; x_wconf 86' lang='lat' dir='ltr'>ltalia</span> <span class='ocrx_word' id='word_1_99' title='bbox 359 974 468 1023; x_wconf 87' lang='lat' dir='ltr'>civitatem</span> <span class='ocrx_word' id='word_1_100' title='bbox 480 987 501 1023; x_wconf 92' lang='lat' dir='ltr'>et</span> <span class='ocrx_word' id='word_1_101' title='bbox 514 973 598 1022; x_wconf 87' lang='lat' dir='ltr'>flumini</span> <span class='ocrx_word' id='word_1_102' title='bbox 611 974 670 1023; x_wconf 90' lang='lat' dir='ltr'>Pado</span> <span class='ocrx_word' id='word_1_103' title='bbox 682 974 775 1023; x_wconf 89' lang='lat' dir='ltr'>vicinam</span> <span class='ocrx_word' id='word_1_104' title='bbox 788 974 923 1034; x_wconf 86' lang='lat' dir='ltr'>eandemque</span> <span class='ocrx_word' id='word_1_105' title='bbox 934 973 964 1023; x_wconf 88' lang='lat' dir='ltr'>ab</span> 
     </span>
     <span class='ocr_line' id='line_1_12' title="bbox 177 1045 963 1102; baseline 0 -7"><span class='ocrx_word' id='word_1_106' title='bbox 177 1046 247 1102; x_wconf 85' lang='lat' dir='ltr'>Oeno,</span> <span class='ocrx_word' id='word_1_107' title='bbox 256 1046 323 1095; x_wconf 88' lang='lat' dir='ltr'>Tusci</span> <span class='ocrx_word' id='word_1_108' title='bbox 331 1047 401 1096; x_wconf 88' lang='lat' dir='ltr'>amnis</span> <span class='ocrx_word' id='word_1_109' title='bbox 409 1059 431 1096; x_wconf 92' lang='lat' dir='ltr'>et</span> <span class='ocrx_word' id='word_1_110' title='bbox 439 1046 539 1095; x_wconf 76' lang='lat' dir='ltr'>fatidicae</span> <span class='ocrx_word' id='word_1_111' title='bbox 546 1046 634 1095; x_wconf 87' lang='lat' dir='ltr'>Mantos</span> <span class='ocrx_word' id='word_1_112' title='bbox 640 1046 691 1102; x_wconf 84' lang='lat' dir='ltr'>filio,</span> <span class='ocrx_word' id='word_1_113' title='bbox 698 1047 809 1096; x_wconf 85' lang='lat' dir='ltr'>conditam</span> <span class='ocrx_word' id='word_1_114' title='bbox 814 1065 838 1095; x_wconf 89' lang='lat' dir='ltr'>ac</span> <span class='ocrx_word' id='word_1_115' title='bbox 847 1045 963 1095; x_wconf 87' lang='lat' dir='ltr'>Mantuam</span> 
     </span>
     <span class='ocr_line' id='line_1_13' title="bbox 178 1118 963 1179; baseline 0 -11"><span class='ocrx_word' id='word_1_116' title='bbox 178 1140 189 1168; x_wconf 86' lang='lat' dir='ltr'>e</span> <span class='ocrx_word' id='word_1_117' title='bbox 204 1120 277 1169; x_wconf 88' lang='lat' dir='ltr'>matris</span> <span class='ocrx_word' id='word_1_118' title='bbox 293 1121 381 1169; x_wconf 91' lang='lat' dir='ltr'>nornine</span> <span class='ocrx_word' id='word_1_119' title='bbox 396 1118 526 1179; x_wconf 81' lang='lat' dir='ltr'>appellatam</span> <span class='ocrx_word' id='word_1_120' title='bbox 541 1120 647 1169; x_wconf 83' lang='lat' dir='ltr'>sententia</span> <span class='ocrx_word' id='word_1_121' title='bbox 662 1119 781 1170; x_wconf 92' lang='lat' dir='ltr'>multorum</span> <span class='ocrx_word' id='word_1_122' title='bbox 796 1132 836 1168; x_wconf 89' lang='lat' dir='ltr'>est.</span> <span class='ocrx_word' id='word_1_123' title='bbox 852 1120 896 1176; x_wconf 89' lang='lat' dir='ltr'>Qui</span> <span class='ocrx_word' id='word_1_124' title='bbox 911 1138 963 1168; x_wconf 88' lang='lat' dir='ltr'>vero</span> 
     </span>
     <span class='ocr_line' id='line_1_14' title="bbox 178 1190 964 1252; baseline 0 -11"><span class='ocrx_word' id='word_1_125' title='bbox 178 1192 230 1241; x_wconf 89' lang='lat' dir='ltr'>haec</span> <span class='ocrx_word' id='word_1_126' title='bbox 245 1192 369 1252; x_wconf 79' lang='lat' dir='ltr'>diligentius</span> <span class='ocrx_word' id='word_1_127' title='bbox 382 1192 512 1252; x_wconf 87' lang='lat' dir='ltr'>investigant</span> <span class='ocrx_word' id='word_1_128' title='bbox 524 1192 613 1242; x_wconf 90' lang='lat' dir='ltr'>Oenum</span> <span class='ocrx_word' id='word_1_129' title='bbox 626 1192 732 1242; x_wconf 88' lang='lat' dir='ltr'>Mantuae</span> <span class='ocrx_word' id='word_1_130' title='bbox 744 1192 880 1242; x_wconf 88' lang='lat' dir='ltr'>conditorem</span> <span class='ocrx_word' id='word_1_131' title='bbox 893 1190 964 1241; x_wconf 83' lang='lat' dir='ltr'>laten·</span> 
     </span>
     <span class='ocr_line' id='line_1_15' title="bbox 177 1265 964 1325; baseline 0 -10"><span class='ocrx_word' id='word_1_132' title='bbox 177 1280 220 1322; x_wconf 83' lang='lat' dir='ltr'>tur,</span> <span class='ocrx_word' id='word_1_133' title='bbox 236 1266 305 1315; x_wconf 89' lang='lat' dir='ltr'>lilium</span> <span class='ocrx_word' id='word_1_134' title='bbox 319 1279 393 1316; x_wconf 84' lang='lat' dir='ltr'>autem</span> <span class='ocrx_word' id='word_1_135' title='bbox 407 1265 475 1315; x_wconf 88' lang='lat' dir='ltr'>Tusci</span> <span class='ocrx_word' id='word_1_136' title='bbox 490 1267 561 1315; x_wconf 88' lang='lat' dir='ltr'>amnis</span> <span class='ocrx_word' id='word_1_137' title='bbox 577 1279 598 1315; x_wconf 89' lang='lat' dir='ltr'>et</span> <span class='ocrx_word' id='word_1_138' title='bbox 613 1265 713 1315; x_wconf 88' lang='lat' dir='ltr'>latidicae</span> <span class='ocrx_word' id='word_1_139' title='bbox 728 1266 817 1315; x_wconf 85' lang='lat' dir='ltr'>Mantos</span> <span class='ocrx_word' id='word_1_140' title='bbox 832 1280 919 1325; x_wconf 84' lang='lat' dir='ltr'>negant.</span> <span class='ocrx_word' id='word_1_141' title='bbox 934 1266 964 1315; x_wconf 70' lang='lat' dir='ltr'>At</span> 
     </span>
     <span class='ocr_line' id='line_1_16' title="bbox 139 1336 1046 1397; baseline 0 -9"><span class='ocrx_word' id='word_1_142' title='bbox 139 1339 164 1388; x_wconf 96' lang='grc'>15</span> <span class='ocrx_word' id='word_1_143' title='bbox 179 1357 230 1387; x_wconf 89' lang='lat' dir='ltr'>vero</span> <span class='ocrx_word' id='word_1_144' title='bbox 239 1338 268 1387; x_wconf 92' lang='lat' dir='ltr'>ob</span> <span class='ocrx_word' id='word_1_145' title='bbox 277 1358 325 1388; x_wconf 89' lang='lat' dir='ltr'>eam</span> <span class='ocrx_word' id='word_1_146' title='bbox 334 1357 380 1388; x_wconf 87' lang='lat' dir='ltr'>rem</span> <span class='ocrx_word' id='word_1_147' title='bbox 388 1358 401 1387; x_wconf 91' lang='lat' dir='ltr'>a</span> <span class='ocrx_word' id='word_1_148' title='bbox 410 1349 473 1397; x_wconf 88' lang='lat' dir='ltr'>poeta</span> <span class='ocrx_word' id='word_1_149' title='bbox 482 1336 572 1397; x_wconf 83' lang='lat' dir='ltr'>Virgilio</span> <span class='ocrx_word' id='word_1_150' title='bbox 580 1337 680 1387; x_wconf 71' lang='lat' dir='ltr'>fatidicae</span> <span class='ocrx_word' id='word_1_151' title='bbox 689 1337 778 1387; x_wconf 84' lang='lat' dir='ltr'>Mantos</span> <span class='ocrx_word' id='word_1_152' title='bbox 788 1352 809 1388; x_wconf 92' lang='lat' dir='ltr'>et</span> <span class='ocrx_word' id='word_1_153' title='bbox 817 1338 885 1388; x_wconf 89' lang='lat' dir='ltr'>Tusci</span> <span class='ocrx_word' id='word_1_154' title='bbox 894 1339 964 1388; x_wconf 91' lang='lat' dir='ltr'>amnis</span> <span class='ocrx_word' id='word_1_155' title='bbox 1042 1354 1046 1397; x_wconf 61' lang='grc' dir='ltr'>ἶ</span> 
     </span>
     <span class='ocr_line' id='line_1_17' title="bbox 178 1411 964 1471; baseline -0.005 -10"><span class='ocrx_word' id='word_1_156' title='bbox 178 1412 248 1462; x_wconf 87' lang='lat' dir='ltr'>lilium</span> <span class='ocrx_word' id='word_1_157' title='bbox 261 1412 393 1471; x_wconf 88' lang='lat' dir='ltr'>appellatum</span> <span class='ocrx_word' id='word_1_158' title='bbox 407 1411 490 1467; x_wconf 89' lang='lat' dir='ltr'>dicunt,</span> <span class='ocrx_word' id='word_1_159' title='bbox 505 1411 565 1471; x_wconf 89' lang='lat' dir='ltr'>quod</span> <span class='ocrx_word' id='word_1_160' title='bbox 579 1424 642 1471; x_wconf 86' lang='lat' dir='ltr'>gente</span> <span class='ocrx_word' id='word_1_161' title='bbox 655 1411 742 1461; x_wconf 86' lang='lat' dir='ltr'>Tuscus</span> <span class='ocrx_word' id='word_1_162' title='bbox 756 1412 902 1463; x_wconf 80' lang='lat' dir='ltr'>esset-Ocnus</span> <span class='ocrx_word' id='word_1_163' title='bbox 916 1411 964 1471; x_wconf 87' lang='lat' dir='ltr'>pol·</span> 
     </span>
     <span class='ocr_line' id='line_1_18' title="bbox 178 1485 964 1549; baseline 0 -16"><span class='ocrx_word' id='word_1_164' title='bbox 178 1485 274 1545; x_wconf 89' lang='lat' dir='ltr'>leretque</span> <span class='ocrx_word' id='word_1_165' title='bbox 288 1485 400 1544; x_wconf 83' lang='lat' dir='ltr'>divinandi</span> <span class='ocrx_word' id='word_1_166' title='bbox 413 1498 458 1534; x_wconf 85' lang='lat' dir='ltr'>arte</span> <span class='ocrx_word' id='word_1_167' title='bbox 472 1506 539 1549; x_wconf 89' lang='lat' dir='ltr'>quam</span> <span class='ocrx_word' id='word_1_168' title='bbox 552 1485 631 1534; x_wconf 89' lang='lat' dir='ltr'>Graeci</span> <span class='ocrx_word' id='word_1_169' title='bbox 640 1487 744 1535; x_wconf 89' lang='lat' dir='ltr'>mantiam</span> <span class='ocrx_word' id='word_1_170' title='bbox 753 1486 893 1545; x_wconf 68' lang='lat' dir='ltr'>appellarent</span> <span class='ocrx_word' id='word_1_171' title='bbox 904 1485 964 1534; x_wconf 89' lang='lat' dir='ltr'>Nos·</span> 
     </span>
     <span class='ocr_line' id='line_1_19' title="bbox 179 1555 1046 1622; baseline 0.001 -17"><span class='ocrx_word' id='word_1_172' title='bbox 179 1555 235 1607; x_wconf 84' lang='lat' dir='ltr'>tram</span> <span class='ocrx_word' id='word_1_173' title='bbox 255 1578 306 1608; x_wconf 81' lang='lat' dir='ltr'>vero</span> <span class='ocrx_word' id='word_1_174' title='bbox 328 1560 356 1608; x_wconf 91' lang='lat' dir='ltr'>ad</span> <span class='ocrx_word' id='word_1_175' title='bbox 372 1576 418 1607; x_wconf 91' lang='lat' dir='ltr'>rem</span> <span class='ocrx_word' id='word_1_176' title='bbox 434 1558 489 1608; x_wconf 91' lang='lat' dir='ltr'>illud</span> <span class='ocrx_word' id='word_1_177' title='bbox 505 1571 596 1614; x_wconf 90' lang='lat' dir='ltr'>constat,</span> <span class='ocrx_word' id='word_1_178' title='bbox 614 1558 730 1622; x_wconf 85' lang='lat' dir='ltr'>Mantuam</span> <span class='ocrx_word' id='word_1_179' title='bbox 745 1558 901 1607; x_wconf 71' lang='lat' dir='ltr'>Aetruscorum</span> <span class='ocrx_word' id='word_1_180' title='bbox 917 1579 964 1606; x_wconf 89' lang='lat' dir='ltr'>esse</span> <span class='ocrx_word' id='word_1_181' title='bbox 1042 1556 1046 1595; x_wconf 57' lang='lat'>3</span> 
     </span>
     <span class='ocr_line' id='line_1_20' title="bbox 178 1630 1046 1697; baseline 0.003 -18"><span class='ocrx_word' id='word_1_182' title='bbox 178 1631 285 1680; x_wconf 87' lang='lat' dir='ltr'>coloniam</span> <span class='ocrx_word' id='word_1_183' title='bbox 299 1632 435 1691; x_wconf 86' lang='lat' dir='ltr'>eandemque</span> <span class='ocrx_word' id='word_1_184' title='bbox 448 1630 476 1680; x_wconf 85' lang='lat' dir='ltr'>ab</span> <span class='ocrx_word' id='word_1_185' title='bbox 490 1630 554 1681; x_wconf 90' lang='lat' dir='ltr'>Oeno</span> <span class='ocrx_word' id='word_1_186' title='bbox 567 1630 674 1680; x_wconf 78' lang='lat' dir='ltr'>Aetiusco</span> <span class='ocrx_word' id='word_1_187' title='bbox 688 1631 804 1681; x_wconf 88' lang='lat' dir='ltr'>deductam</span> <span class='ocrx_word' id='word_1_188' title='bbox 817 1644 867 1681; x_wconf 90' lang='lat' dir='ltr'>ante</span> <span class='ocrx_word' id='word_1_189' title='bbox 881 1632 964 1680; x_wconf 89' lang='lat' dir='ltr'>bellum</span> <span class='ocrx_word' id='word_1_190' title='bbox 1042 1643 1046 1697; x_wconf 40' lang='grc' dir='ltr'>,ᾗ</span> 
     </span>
    </p>
   </div>
   <div class='ocr_carea' id='block_1_6' title="bbox 137 1704 369 1754">
    <p class='ocr_par' dir='ltr' id='par_1_6' title="bbox 137 1704 369 1754">
     <span class='ocr_line' id='line_1_21' title="bbox 137 1704 369 1754; baseline 0 0"><span class='ocrx_word' id='word_1_191' title='bbox 137 1705 166 1754; x_wconf 83' lang='lat'>20</span> <span class='ocrx_word' id='word_1_192' title='bbox 181 1704 301 1754; x_wconf 88' lang='lat' dir='ltr'>Troianum</span> <span class='ocrx_word' id='word_1_193' title='bbox 316 1725 369 1754; x_wconf 87' lang='lat' dir='ltr'>esse.</span> 
     </span>
    </p>
   </div>
   <div class='ocr_carea' id='block_1_7' title="bbox 221 1777 1046 1836">
    <p class='ocr_par' dir='ltr' id='par_1_7' title="bbox 221 1777 1046 1836">
     <span class='ocr_line' id='line_1_22' title="bbox 221 1777 1046 1836; baseline -0.001 -9"><span class='ocrx_word' id='word_1_194' title='bbox 221 1778 269 1834; x_wconf 90' lang='lat' dir='ltr'>Qua</span> <span class='ocrx_word' id='word_1_195' title='bbox 284 1797 335 1827; x_wconf 89' lang='lat' dir='ltr'>vero</span> <span class='ocrx_word' id='word_1_196' title='bbox 349 1780 372 1826; x_wconf 91' lang='lat' dir='ltr'>in</span> <span class='ocrx_word' id='word_1_197' title='bbox 387 1777 497 1836; x_wconf 88' lang='lat' dir='ltr'>provincia</span> <span class='ocrx_word' id='word_1_198' title='bbox 510 1791 549 1833; x_wconf 88' lang='lat' dir='ltr'>est,</span> <span class='ocrx_word' id='word_1_199' title='bbox 563 1798 611 1826; x_wconf 89' lang='lat' dir='ltr'>earn</span> <span class='ocrx_word' id='word_1_200' title='bbox 623 1798 682 1827; x_wconf 90' lang='lat' dir='ltr'>nunc</span> <span class='ocrx_word' id='word_1_201' title='bbox 696 1777 851 1827; x_wconf 86' lang='lat' dir='ltr'>Lombardiam</span> <span class='ocrx_word' id='word_1_202' title='bbox 863 1778 902 1827; x_wconf 86' lang='lat' dir='ltr'>sed</span> <span class='ocrx_word' id='word_1_203' title='bbox 911 1791 965 1827; x_wconf 90' lang='lat' dir='ltr'>tunc</span> <span class='ocrx_word' id='word_1_204' title='bbox 1044 1780 1046 1782; x_wconf 65' lang='grc'><strong>’</strong></span> 
     </span>
    </p>
   </div>
   <div class='ocr_carea' id='block_1_8' title="bbox 103 1850 967 2567">
    <p class='ocr_par' dir='ltr' id='par_1_8' title="bbox 103 1850 965 2064">
     <span class='ocr_line' id='line_1_23' title="bbox 103 1850 965 1909; baseline 0 -11"><span class='ocrx_word' id='word_1_205' title='bbox 103 1871 105 1875; x_wconf 72' lang='grc'>’</span> <span class='ocrx_word' id='word_1_206' title='bbox 179 1850 292 1899; x_wconf 88' lang='lat' dir='ltr'>Venetiam</span> <span class='ocrx_word' id='word_1_207' title='bbox 304 1850 448 1909; x_wconf 85' lang='lat' dir='ltr'>appellabant.</span> <span class='ocrx_word' id='word_1_208' title='bbox 463 1850 495 1898; x_wconf 89' lang='lat' dir='ltr'>Ita</span> <span class='ocrx_word' id='word_1_209' title='bbox 508 1851 566 1898; x_wconf 88' lang='lat' dir='ltr'>enim</span> <span class='ocrx_word' id='word_1_210' title='bbox 579 1863 624 1898; x_wconf 85' lang='lat' dir='ltr'>erat</span> <span class='ocrx_word' id='word_1_211' title='bbox 635 1850 695 1908; x_wconf 89' lang='lat' dir='ltr'>apud</span> <span class='ocrx_word' id='word_1_212' title='bbox 707 1864 788 1898; x_wconf 88' lang='lat' dir='ltr'>veteres</span> <span class='ocrx_word' id='word_1_213' title='bbox 804 1851 864 1899; x_wconf 87' lang='lat' dir='ltr'>ltalia</span> <span class='ocrx_word' id='word_1_214' title='bbox 876 1850 965 1909; x_wconf 55' lang='lat' dir='ltr'>provin*</span> 
     </span>
     <span class='ocr_line' id='line_1_24' title="bbox 179 1921 965 1983; baseline 0.001 -12"><span class='ocrx_word' id='word_1_215' title='bbox 179 1923 218 1971; x_wconf 90' lang='lat' dir='ltr'>ciis</span> <span class='ocrx_word' id='word_1_216' title='bbox 233 1922 348 1973; x_wconf 88' lang='lat' dir='ltr'>distributa</span> <span class='ocrx_word' id='word_1_217' title='bbox 362 1935 387 1972; x_wconf 83' lang='lat' dir='ltr'>ut</span> <span class='ocrx_word' id='word_1_218' title='bbox 398 1942 454 1982; x_wconf 91' lang='lat' dir='ltr'>quae</span> <span class='ocrx_word' id='word_1_219' title='bbox 467 1922 509 1971; x_wconf 90' lang='lat' dir='ltr'>hoc</span> <span class='ocrx_word' id='word_1_220' title='bbox 519 1923 542 1971; x_wconf 91' lang='lat' dir='ltr'>in</span> <span class='ocrx_word' id='word_1_221' title='bbox 553 1922 633 1982; x_wconf 87' lang='lat' dir='ltr'>angulo</span> <span class='ocrx_word' id='word_1_222' title='bbox 643 1935 677 1973; x_wconf 88' lang='lat' dir='ltr'>est</span> <span class='ocrx_word' id='word_1_223' title='bbox 687 1922 805 1983; x_wconf 79' lang='lat' dir='ltr'>provincia,</span> <span class='ocrx_word' id='word_1_224' title='bbox 817 1944 841 1972; x_wconf 89' lang='lat' dir='ltr'>ea</span> <span class='ocrx_word' id='word_1_225' title='bbox 853 1921 965 1983; x_wconf 87' lang='lat' dir='ltr'>quondam</span> 
     </span>
     <span class='ocr_line' id='line_1_25' title="bbox 179 1990 965 2064; baseline -0.001 -20"><span class='ocrx_word' id='word_1_226' title='bbox 179 1996 270 2044; x_wconf 86' lang='lat' dir='ltr'>Venetia</span> <span class='ocrx_word' id='word_1_227' title='bbox 283 2009 402 2064; x_wconf 84' lang='lat' dir='ltr'>vocaretur,</span> <span class='ocrx_word' id='word_1_228' title='bbox 416 1996 477 2055; x_wconf 87' lang='lat' dir='ltr'>quod</span> <span class='ocrx_word' id='word_1_229' title='bbox 489 1996 623 2044; x_wconf 76' lang='lat' dir='ltr'>Antenorem</span> <span class='ocrx_word' id='word_1_230' title='bbox 637 1990 716 2044; x_wconf 89' lang='lat' dir='ltr'>ducem</span> <span class='ocrx_word' id='word_1_231' title='bbox 730 2016 803 2045; x_wconf 90' lang='lat' dir='ltr'>eversa</span> <span class='ocrx_word' id='word_1_232' title='bbox 816 1995 883 2044; x_wconf 90' lang='lat' dir='ltr'>Troia</span> <span class='ocrx_word' id='word_1_233' title='bbox 896 1995 965 2045; x_wconf 88' lang='lat' dir='ltr'>secuti</span> 
     </span>
    </p>

    <p class='ocr_par' dir='ltr' id='par_1_9' title="bbox 138 2067 967 2421">
     <span class='ocr_line' id='line_1_26' title="bbox 138 2067 966 2128; baseline -0.004 -8"><span class='ocrx_word' id='word_1_234' title='bbox 138 2069 166 2120; x_wconf 85' lang='grc'>25</span> <span class='ocrx_word' id='word_1_235' title='bbox 182 2069 220 2128; x_wconf 89' lang='lat' dir='ltr'>qui</span> <span class='ocrx_word' id='word_1_236' title='bbox 233 2089 245 2117; x_wconf 94' lang='lat' dir='ltr'>e</span> <span class='ocrx_word' id='word_1_237' title='bbox 255 2068 377 2128; x_wconf 88' lang='lat' dir='ltr'>Pallagonia</span> <span class='ocrx_word' id='word_1_238' title='bbox 386 2080 489 2117; x_wconf 89' lang='lat' dir='ltr'>venerant</span> <span class='ocrx_word' id='word_1_239' title='bbox 499 2067 562 2117; x_wconf 86' lang='lat' dir='ltr'>Eneti</span> <span class='ocrx_word' id='word_1_240' title='bbox 572 2069 675 2127; x_wconf 84' lang='lat' dir='ltr'>primurn,</span> <span class='ocrx_word' id='word_1_241' title='bbox 686 2068 766 2117; x_wconf 86' lang='lat' dir='ltr'>deinde</span> <span class='ocrx_word' id='word_1_242' title='bbox 775 2069 852 2118; x_wconf 87' lang='lat' dir='ltr'>Veneti</span> <span class='ocrx_word' id='word_1_243' title='bbox 863 2087 966 2118; x_wconf 83' lang='lat' dir='ltr'>vocaren-</span> 
     </span>
     <span class='ocr_line' id='line_1_27' title="bbox 179 2140 965 2201; baseline 0.003 -12"><span class='ocrx_word' id='word_1_244' title='bbox 179 2154 223 2191; x_wconf 88' lang='lat' dir='ltr'>tur.</span> <span class='ocrx_word' id='word_1_245' title='bbox 232 2140 329 2190; x_wconf 84' lang='lat' dir='ltr'>Nomine</span> <span class='ocrx_word' id='word_1_246' title='bbox 338 2161 389 2201; x_wconf 86' lang='lat' dir='ltr'>gens</span> <span class='ocrx_word' id='word_1_247' title='bbox 399 2141 468 2201; x_wconf 89' lang='lat' dir='ltr'>prisca</span> <span class='ocrx_word' id='word_1_248' title='bbox 477 2161 532 2200; x_wconf 85' lang='lat' dir='ltr'>quae</span> <span class='ocrx_word' id='word_1_249' title='bbox 538 2142 581 2190; x_wconf 88' lang='lat' dir='ltr'>ista</span> <span class='ocrx_word' id='word_1_250' title='bbox 590 2153 688 2191; x_wconf 87' lang='lat' dir='ltr'>tenerent</span> <span class='ocrx_word' id='word_1_251' title='bbox 697 2141 743 2190; x_wconf 87' lang='lat' dir='ltr'>loca</span> <span class='ocrx_word' id='word_1_252' title='bbox 752 2141 847 2201; x_wconf 83' lang='lat' dir='ltr'>Euganei</span> <span class='ocrx_word' id='word_1_253' title='bbox 856 2141 965 2201; x_wconf 88' lang='lat' dir='ltr'>appellati.</span> 
     </span>
     <span class='ocr_line' id='line_1_28' title="bbox 181 2213 965 2274; baseline 0.001 -11"><span class='ocrx_word' id='word_1_254' title='bbox 181 2214 286 2264; x_wconf 89' lang='lat' dir='ltr'>Histriam</span> <span class='ocrx_word' id='word_1_255' title='bbox 301 2215 390 2274; x_wconf 89' lang='lat' dir='ltr'>quidem</span> <span class='ocrx_word' id='word_1_256' title='bbox 404 2223 425 2263; x_wconf 84' lang='lat' dir='ltr'>et</span> <span class='ocrx_word' id='word_1_257' title='bbox 438 2214 544 2274; x_wconf 87' lang='lat' dir='ltr'>quicquid</span> <span class='ocrx_word' id='word_1_258' title='bbox 556 2227 589 2263; x_wconf 87' lang='lat' dir='ltr'>est</span> <span class='ocrx_word' id='word_1_259' title='bbox 601 2215 646 2274; x_wconf 85' lang='lat' dir='ltr'>agri</span> <span class='ocrx_word' id='word_1_260' title='bbox 660 2227 682 2263; x_wconf 89' lang='lat' dir='ltr'>et</span> <span class='ocrx_word' id='word_1_261' title='bbox 692 2213 782 2267; x_wconf 85' lang='lat' dir='ltr'>urbium</span> <span class='ocrx_word' id='word_1_262' title='bbox 792 2214 927 2263; x_wconf 74' lang='lat' dir='ltr'>Adriaticum</span> <span class='ocrx_word' id='word_1_263' title='bbox 937 2215 965 2264; x_wconf 89' lang='lat' dir='ltr'>ad</span> 
     </span>
     <span class='ocr_line' id='line_1_29' title="bbox 180 2287 965 2346; baseline -0.001 -10"><span class='ocrx_word' id='word_1_264' title='bbox 180 2308 239 2336; x_wconf 86' lang='lat' dir='ltr'>mare</span> <span class='ocrx_word' id='word_1_265' title='bbox 252 2301 318 2346; x_wconf 85' lang='lat' dir='ltr'>atque</span> <span class='ocrx_word' id='word_1_266' title='bbox 335 2288 414 2336; x_wconf 89' lang='lat' dir='ltr'>deinde</span> <span class='ocrx_word' id='word_1_267' title='bbox 431 2288 453 2336; x_wconf 93' lang='lat' dir='ltr'>in</span> <span class='ocrx_word' id='word_1_268' title='bbox 470 2287 558 2336; x_wconf 76' lang='lat' dir='ltr'>Aduam</span> <span class='ocrx_word' id='word_1_269' title='bbox 574 2309 644 2346; x_wconf 91' lang='lat' dir='ltr'>usque</span> <span class='ocrx_word' id='word_1_270' title='bbox 661 2288 743 2336; x_wconf 85' lang='lat' dir='ltr'>flumen</span> <span class='ocrx_word' id='word_1_271' title='bbox 760 2288 883 2345; x_wconf 86' lang='lat' dir='ltr'>provinciae</span> <span class='ocrx_word' id='word_1_272' title='bbox 900 2288 965 2336; x_wconf 87' lang='lat' dir='ltr'>huius</span> 
     </span>
     <span class='ocr_line' id='line_1_30' title="bbox 179 2359 967 2421; baseline -0.001 -11"><span class='ocrx_word' id='word_1_273' title='bbox 179 2360 293 2421; x_wconf 82' lang='lat' dir='ltr'>longitudo</span> <span class='ocrx_word' id='word_1_274' title='bbox 312 2360 417 2421; x_wconf 81' lang='lat' dir='ltr'>capiebat.</span> <span class='ocrx_word' id='word_1_275' title='bbox 438 2359 541 2410; x_wconf 81' lang='lat' dir='ltr'>latitudo</span> <span class='ocrx_word' id='word_1_276' title='bbox 560 2379 611 2410; x_wconf 89' lang='lat' dir='ltr'>vero</span> <span class='ocrx_word' id='word_1_277' title='bbox 630 2360 712 2410; x_wconf 87' lang='lat' dir='ltr'>flumen</span> <span class='ocrx_word' id='word_1_278' title='bbox 732 2360 815 2420; x_wconf 87' lang='lat' dir='ltr'>Padum</span> <span class='ocrx_word' id='word_1_279' title='bbox 834 2360 967 2419; x_wconf 82' lang='lat' dir='ltr'>amplectens</span> 
     </span>
    </p>

    <p class='ocr_par' dir='ltr' id='par_1_10' title="bbox 138 2432 967 2567">
     <span class='ocr_line' id='line_1_31' title="bbox 138 2432 966 2494; baseline -0.001 -10"><span class='ocrx_word' id='word_1_280' title='bbox 138 2435 167 2485; x_wconf 82' lang='lat'>30</span> <span class='ocrx_word' id='word_1_281' title='bbox 182 2454 205 2483; x_wconf 92' lang='lat' dir='ltr'>se</span> <span class='ocrx_word' id='word_1_282' title='bbox 215 2434 243 2483; x_wconf 91' lang='lat' dir='ltr'>ad</span> <span class='ocrx_word' id='word_1_283' title='bbox 254 2446 339 2483; x_wconf 87' lang='lat' dir='ltr'>montes</span> <span class='ocrx_word' id='word_1_284' title='bbox 349 2453 419 2493; x_wconf 86' lang='lat' dir='ltr'>usque</span> <span class='ocrx_word' id='word_1_285' title='bbox 430 2434 467 2494; x_wconf 87' lang='lat' dir='ltr'>qui</span> <span class='ocrx_word' id='word_1_286' title='bbox 478 2433 594 2483; x_wconf 74' lang='lat' dir='ltr'>Alemanos</span> <span class='ocrx_word' id='word_1_287' title='bbox 605 2434 632 2483; x_wconf 91' lang='lat' dir='ltr'>ab</span> <span class='ocrx_word' id='word_1_288' title='bbox 645 2433 703 2483; x_wconf 90' lang='lat' dir='ltr'>ltalis</span> <span class='ocrx_word' id='word_1_289' title='bbox 714 2433 819 2483; x_wconf 88' lang='lat' dir='ltr'>dirimunt</span> <span class='ocrx_word' id='word_1_290' title='bbox 830 2432 966 2485; x_wconf 71' lang='lat' dir='ltr'>extendebat</span> 
     </span>
     <span class='ocr_line' id='line_1_32' title="bbox 181 2506 967 2567; baseline -0.003 -10"><span class='ocrx_word' id='word_1_291' title='bbox 181 2507 297 2558; x_wconf 89' lang='lat' dir='ltr'>Mantuam</span> <span class='ocrx_word' id='word_1_292' title='bbox 309 2528 360 2557; x_wconf 87' lang='lat' dir='ltr'>vero</span> <span class='ocrx_word' id='word_1_293' title='bbox 372 2506 439 2556; x_wconf 86' lang='lat' dir='ltr'>luisse</span> <span class='ocrx_word' id='word_1_294' title='bbox 451 2508 574 2567; x_wconf 87' lang='lat' dir='ltr'>provinciae</span> <span class='ocrx_word' id='word_1_295' title='bbox 586 2507 688 2562; x_wconf 81' lang='lat' dir='ltr'>Venetae,</span> <span class='ocrx_word' id='word_1_296' title='bbox 700 2521 724 2556; x_wconf 92' lang='lat' dir='ltr'>ut</span> <span class='ocrx_word' id='word_1_297' title='bbox 736 2508 831 2566; x_wconf 81' lang='lat' dir='ltr'>reliquos</span> <span class='ocrx_word' id='word_1_298' title='bbox 843 2519 933 2562; x_wconf 86' lang='lat' dir='ltr'>taceam,</span> <span class='ocrx_word' id='word_1_299' title='bbox 945 2520 967 2556; x_wconf 87' lang='lat' dir='ltr'>et</span> 
     </span>
    </p>
   </div>
   <div class='ocr_carea' id='block_1_9' title="bbox 139 2689 966 2789">
    <p class='ocr_par' dir='ltr' id='par_1_11' title="bbox 139 2689 966 2789">
     <span class='ocr_line' id='line_1_33' title="bbox 176 2689 966 2735; baseline 0.004 -9"><span class='ocrx_word' id='word_1_300' title='bbox 176 2689 202 2726; x_wconf 89' lang='grc'>15.</span> <span class='ocrx_word' id='word_1_301' title='bbox 215 2690 316 2734; x_wconf 54' lang='lat' dir='ltr'>vergitur.</span> <span class='ocrx_word' id='word_1_302' title='bbox 330 2690 351 2729; x_wconf 86' lang='lat' dir='ltr'>X.</span> <span class='ocrx_word' id='word_1_303' title='bbox 368 2689 406 2728; x_wconf 81' lang='grc'>199,</span> <span class='ocrx_word' id='word_1_304' title='bbox 455 2690 484 2726; x_wconf 85' lang='grc'>21.</span> <span class='ocrx_word' id='word_1_305' title='bbox 497 2689 524 2728; x_wconf 81' lang='lat' dir='ltr'>Cl.</span> <span class='ocrx_word' id='word_1_306' title='bbox 538 2690 611 2728; x_wconf 87' lang='lat' dir='ltr'>Sicconis</span> <span class='ocrx_word' id='word_1_307' title='bbox 623 2690 674 2734; x_wconf 77' lang='lat' dir='ltr'>Epist.</span> <span class='ocrx_word' id='word_1_308' title='bbox 687 2689 729 2729; x_wconf 87' lang='lat' dir='ltr'>XlX</span> <span class='ocrx_word' id='word_1_309' title='bbox 741 2690 841 2735; x_wconf 72' lang='lat' dir='ltr'>(seguini).</span> <span class='ocrx_word' id='word_1_310' title='bbox 891 2689 920 2728; x_wconf 86' lang='lat'>26.</span> <span class='ocrx_word' id='word_1_311' title='bbox 929 2689 966 2729; x_wconf 83' lang='lat' dir='ltr'>Liv.</span> 
     </span>
     <span class='ocr_line' id='line_1_34' title="bbox 139 2750 232 2789; baseline 0 0"><span class='ocrx_word' id='word_1_312' title='bbox 139 2750 152 2789; x_wconf 91' lang='lat' dir='ltr'>l.</span> <span class='ocrx_word' id='word_1_313' title='bbox 168 2752 182 2788; x_wconf 91' lang='lat' dir='ltr'>l.</span> <span class='ocrx_word' id='word_1_314' title='bbox 195 2752 232 2789; x_wconf 79' lang='lat'>2-3.</span> 
     </span>
    </p>
   </div>
   <div class='ocr_carea' id='block_1_10' title="bbox 138 2858 282 2866">
    <p class='ocr_par' dir='ltr' id='par_1_12' title="bbox 138 2858 282 2866">
     <span class='ocr_line' id='line_1_35' title="bbox 138 2858 282 2866; baseline -0.014 0"><span class='ocrx_word' id='word_1_315' title='bbox 138 2858 282 2866; x_wconf 77' lang='lat'><em>--———-——</em></span> 
     </span>
    </p>
   </div>
   <div class='ocr_carea' id='block_1_11' title="bbox 142 2912 968 3037">
    <p class='ocr_par' dir='ltr' id='par_1_13' title="bbox 142 2912 968 3037">
     <span class='ocr_line' id='line_1_36' title="bbox 178 2912 967 2962; baseline -0.003 0"><span class='ocrx_word' id='word_1_316' title='bbox 178 2912 286 2962; x_wconf 59' lang='lat' dir='ltr'>landos</span> <span class='ocrx_word' id='word_1_317' title='bbox 306 2921 366 2961; x_wconf 69' lang='lat' dir='ltr'>aarum</span> <span class='ocrx_word' id='word_1_318' title='bbox 387 2920 407 2959; x_wconf 81' lang='lat' dir='ltr'>in</span> <span class='ocrx_word' id='word_1_319' title='bbox 429 2913 496 2959; x_wconf 79' lang='lat' dir='ltr'>indice.</span> <span class='ocrx_word' id='word_1_320' title='bbox 554 2913 583 2959; x_wconf 93' lang='grc'>11.</span> <span class='ocrx_word' id='word_1_321' title='bbox 604 2913 663 2959; x_wconf 87' lang='lat' dir='ltr'>Oeno</span> <span class='ocrx_word' id='word_1_322' title='bbox 688 2914 752 2959; x_wconf 89' lang='lat' dir='ltr'>Tusci</span> <span class='ocrx_word' id='word_1_323' title='bbox 777 2915 841 2960; x_wconf 88' lang='lat' dir='ltr'>amnis</span> <span class='ocrx_word' id='word_1_324' title='bbox 867 2926 886 2961; x_wconf 90' lang='lat' dir='ltr'>et</span> <span class='ocrx_word' id='word_1_325' title='bbox 914 2921 929 2962; x_wconf 83' lang='grc' dir='ltr'>ι’.</span> <span class='ocrx_word' id='word_1_326' title='bbox 951 2934 967 2960; x_wconf 89' lang='lat' dir='ltr'>r.</span> 
     </span>
     <span class='ocr_line' id='line_1_37' title="bbox 142 2979 968 3037; baseline 0 -9"><span class='ocrx_word' id='word_1_327' title='bbox 142 2981 170 3029; x_wconf 78' lang='grc'>12.</span> <span class='ocrx_word' id='word_1_328' title='bbox 185 2982 281 3028; x_wconf 84' lang='lat' dir='ltr'>sententia</span> <span class='ocrx_word' id='word_1_329' title='bbox 295 2989 308 3028; x_wconf 79' lang='grc' dir='ltr'>ι’,</span> <span class='ocrx_word' id='word_1_330' title='bbox 325 3002 341 3028; x_wconf 84' lang='lat' dir='ltr'>r.</span> <span class='ocrx_word' id='word_1_331' title='bbox 352 2984 403 3037; x_wconf 82' lang='lat' dir='ltr'>(erar</span> <span class='ocrx_word' id='word_1_332' title='bbox 413 2983 505 3037; x_wconf 81' lang='lat' dir='ltr'>constat);</span> <span class='ocrx_word' id='word_1_333' title='bbox 516 2979 644 3026; x_wconf 89' lang='lat' dir='ltr'>multorum...</span> <span class='ocrx_word' id='word_1_334' title='bbox 653 2981 764 3027; x_wconf 91' lang='lat' dir='ltr'>Troianum</span> <span class='ocrx_word' id='word_1_335' title='bbox 773 3000 816 3026; x_wconf 86' lang='lat' dir='ltr'>esse</span> <span class='ocrx_word' id='word_1_336' title='bbox 822 2989 836 3027; x_wconf 87' lang='grc' dir='ltr'>ι’.</span> <span class='ocrx_word' id='word_1_337' title='bbox 843 3002 868 3028; x_wconf 84' lang='lat' dir='ltr'>m.</span> <span class='ocrx_word' id='word_1_338' title='bbox 876 2982 912 3036; x_wconf 73' lang='lat' dir='ltr'>ins.</span> <span class='ocrx_word' id='word_1_339' title='bbox 921 2982 968 3028; x_wconf 71' lang='lat' dir='ltr'>aad.</span> 
     </span>
    </p>
   </div>
   <div class='ocr_carea' id='block_1_12' title="bbox 0 0 1060 3253">
    <p class='ocr_par' dir='ltr' id='par_1_14' title="bbox 0 0 1060 3253">
     <span class='ocr_line' id='line_1_38' title="bbox 0 0 1060 3253; baseline 0 0"><span class='ocrx_word' id='word_1_340' title='bbox 0 0 1060 3253; x_wconf 95' lang='lat' dir='ltr'> </span> 
     </span>
    </p>
   </div>
  </div>
 </body>
</html>
