2093 3253
249 178 379 209 SCRIPTORUM
394 174 522 209 rttusrarum
534 189 549 195 ··
563 178 621 209 LIBER
635 179 659 210 ll.
725 188 727 190 ·
835 160 870 212 69

37 334 38 337 ¹
84 294 148 343 scribi
167 293 218 341 talia
240 292 274 341 lex
295 292 420 356 prohiberet
442 293 508 342 nulla.
531 291 609 352 Neque
631 312 683 341 vero
705 305 776 352 preter
796 294 870 352 ipsum

84 368 198 416 damnatus
212 365 276 432 exilio
290 378 328 414 aut
342 386 412 425 poena
421 366 465 414 ulla
475 365 591 414 mulctatus
601 378 633 414 est
643 366 761 425 quisquam
771 367 870 415 omnium

83 441 121 499 qui
137 439 201 487 huius
216 439 276 486 modi
290 439 426 493 cecinissent,
436 459 487 487 cum
496 438 588 487 luissent
597 458 622 487 ac
632 451 703 487 essent
713 438 776 487 multi
786 440 869 497 magnis

83 513 149 562 etiam
163 532 188 560 ac
202 511 258 561 bene
273 512 361 561 moratis
374 512 397 560 in
411 512 533 561 civitatibus
547 525 568 561 et
582 512 605 560 in
619 510 711 560 Graecia
724 525 746 560 et
759 512 781 561 in
809 512 870 561 ltalia

58 588 70 637 5
85 598 150 643 atque
161 585 211 653 ipsa
225 585 248 633 in
262 584 317 633 urbe
326 584 480 642 Romapoetae
490 584 612 633 excellentis
622 585 716 633 nominis
726 597 791 642 atque
800 583 870 634 lamae

84 652 122 715 qui
133 650 246 710 amatoria,
263 656 301 714 qui
317 655 402 709 lasciva,
419 656 457 713 qui
473 656 593 703 meretricia
609 668 647 703 s'ua
663 674 703 713 pro
720 655 869 710 delectatione,

84 726 193 782 exercitio,
201 726 275 775 studio
283 747 327 776 non
335 727 426 786 impune
434 727 500 775 modo
507 727 547 775 sed
555 727 622 775 libere
630 747 655 775 ac
664 726 731 776 multa
739 747 790 775 cum
799 726 870 782 laude,

86 801 174 855 honore,
190 800 257 859 gratia
265 812 287 849 et
296 800 424 849 cecinissent
432 812 454 850 et
462 813 570 850 canerent.
585 800 633 849 Nec
642 800 746 849 dissimile
754 800 778 849 id
786 800 872 850 videtur

86 892 144 929 vero,
159 873 220 933 quod
232 886 278 922 tam
291 873 329 922 diu
343 893 387 922 non
401 886 533 932 expectasset
546 873 665 932 Augustus,
679 875 697 922 si
711 874 763 922 baec
776 874 871 922 Nasonis

48 949 74 997 10
88 947 167 1005 scripta
181 966 206 994 ac
220 946 285 1004 vulgo
299 947 401 995 omnibus
421 948 506 1005 cognita
525 947 566 995 sibi
585 958 697 1005 tantopere
722 947 872 1010 displicebant.

87 1020 145 1079 Lege
160 1019 250 1079 quidem
264 1019 329 1068 scribi
342 1018 392 1068 talia
405 1020 508 1069 vetuisset
520 1033 585 1080 atque
598 1020 677 1079 scripta
686 1034 779 1083 'venerea'
792 1019 872 1077 omnia,

86 1093 118 1142 uti
133 1092 232 1142 fatidicos
246 1093 320 1149 libros,
334 1093 457 1152 quiessent
471 1093 546 1142 litteris
560 1114 611 1142 cum
625 1088 714 1143 Graeltis
727 1106 775 1142 tum
789 1094 872 1142 Latinis

87 1166 168 1222 scripti,
183 1184 249 1223 supra
265 1166 286 1213 II
302 1166 369 1219 milia,
388 1166 492 1223 quoniam
510 1166 656 1222 supersticiosi
675 1185 722 1213 esse
740 1166 872 1219 viderentur,

86 1256 131 1286 uno
145 1237 247 1287 incendio
261 1237 399 1297 perdidisset.
414 1237 516 1296 Denique
538 1238 612 1286 omnia
633 1237 712 1287 docent
727 1237 794 1296 'ouod
815 1238 872 1287 exilii

49 1311 73 1361 15
88 1331 175 1360 causam
194 1311 253 1360 illam
272 1311 326 1360 lalso
346 1311 479 1360 insimulavit
504 1311 623 1369 Augustus.
643 1311 704 1369 Quae
725 1324 798 1361 autem
823 1331 873 1361 vera

88 1397 144 1432 esset
158 1404 221 1433 causa
236 1384 338 1443 patefecit
353 1384 446 1433 Ovidius
465 1404 517 1433 cum
536 1385 564 1434 de
583 1384 693 1433 Tristibus
708 1386 811 1434 scriberet
824 1404 872 1434 ver-

88 1456 148 1505 sibus
162 1456 216 1505 istis:
232 1474 241 1497 t(
249 1456 295 1505 Cur
306 1456 389 1516 aliquid
400 1456 461 1505 vidi>
477 1456 523 1505 Cur
535 1457 598 1504 noxia
610 1456 693 1504 lumina
705 1455 762 1505 teci?
774 1456 820 1506 Cur
831 1457 873 1505 im-

88 1529 190 1588 prudenti
205 1529 290 1589 cognita
307 1529 371 1589 culpa
389 1529 458 1578 mihil
475 1529 557 1578 Inscius
575 1529 662 1578 Atheon
680 1529 734 1578 vidit
751 1530 797 1578 sine
814 1542 873 1579 veste

89 1603 191 1659 Dianam;
206 1603 285 1663 praeda
301 1602 343 1653 luit
358 1603 448 1652 canibus
464 1620 509 1652 non
525 1603 649 1652 minusille
665 1599 736 1653 suis.»
751 1598 799 1653 Hac
814 1604 873 1653 enim

48 1677 77 1724 20
91 1676 240 1730 similitudine,
258 1696 314 1734 quae
325 1676 440 1724 artificiosa
454 1688 486 1723 est
500 1688 566 1734 atque
578 1676 730 1733 pulcherrima,
741 1688 805 1734 poeta
813 1697 873 1731 usus,

89 1767 140 1795 cum
154 1760 228 1806 aperte
239 1768 311 1806 neque
322 1747 412 1796 inficiari
424 1767 479 1807 quae
490 1747 585 1796 obiceret
596 1748 698 1806 princeps
709 1768 780 1807 neque
791 1748 874 1807 aperire

89 1841 144 1879 quae
158 1820 248 1870 vidisset
262 1821 357 1876 auderet,
372 1820 420 1869 loco
433 1841 456 1870 se
469 1821 549 1870 idoneo
562 1822 659 1880 increpat
672 1842 697 1870 ac
710 1815 803 1880 poenam
816 1820 874 1870 exilii
935 1842 936 1847 ¹

89 1913 112 1942 se
126 1894 171 1952 pati
186 1892 258 1949 relert,
273 1894 340 1952 quod,
356 1894 388 1942 uti
405 1893 500 1942 Dianam
519 1894 616 1943 vestibus
636 1894 719 1943 nudam
730 1893 828 1950 Atheon,
845 1894 874 1943 ita

89 1966 211 2024 principem
225 1966 314 2014 vidisset
323 1967 377 2024 ipse,
387 1985 438 2014 cum
447 1985 471 2014 se
480 1966 548 2014 videri
557 1986 570 2014 a
580 1967 667 2014 nemine
676 1966 786 2014 voluisset.
801 1965 874 2023 Quae·

48 2038 75 2087 25
85 2059 178 2097 ,cunque
192 2051 265 2088 autem
279 2038 336 2087 exilii
351 2060 414 2088 causa
428 2038 500 2094 luerit,
514 2039 552 2088 ubi
567 2039 697 2098 profiscendi
711 2039 774 2088 datus
787 2038 875 2088 advenit

89 2111 135 2160 dies
150 2132 190 2161 nec
205 2131 254 2171 spes
263 2111 307 2161 ulla
316 2111 469 2161 reconciliandi
478 2112 582 2172 principis
592 2124 720 2171 superesset,
730 2130 784 2161 uxor
793 2111 875 2171 quique

90 2186 204 2232 necessarii
218 2184 307 2233 aderant
321 2184 380 2242 pleni
396 2184 470 2232 dolore
483 2204 558 2232 omnes
570 2196 592 2232 et
603 2184 696 2231 lacrimis
708 2185 875 2232 circumstabant
888 2193 889 2196 ’

90 2258 228 2318 eundemque
243 2257 306 2307 «vale
316 2272 325 2299 ³>
343 2257 428 2316 saepius
446 2269 586 2315 repetentem,
605 2269 630 2306 ut
648 2269 773 2306 moraretur.
784 2257 873 2312 diutius,

91 2331 165 2380 multis
180 2343 201 2379 et
215 2330 294 2380 osculis
309 2344 331 2379 et
349 2330 485 2389 amplexibus
504 2330 633 2379 retinebant.
649 2330 710 2379 Uxor
729 2331 775 2379 eius
786 2331 876 2379 nomine

50 2401 79 2449 30
93 2402 161 2451 Palles
181 2403 237 2451 dicta
257 2415 296 2457 est,
320 2403 437 2451 Fabiorum
459 2422 471 2451 e
493 2401 574 2450 familia
590 2403 669 2450 nobilis
691 2401 779 2451 femina.
802 2401 876 2450 Gener

91 2473 158 2525 Fidus
173 2473 295 2524 Cornellius
309 2474 429 2535 appellatus
442 2488 482 2524 est.
498 2473 600 2535 Denique
613 2494 702 2535 pergere
715 2475 746 2523 ire
759 2495 784 2523 ac
797 2493 876 2534 prope-

90 2568 136 2599 rare
151 2550 222 2599 iussus
237 2549 347 2608 domoque
363 2570 389 2598 ac
404 2549 459 2598 urbe
476 2548 585 2607 protectus
603 2548 751 2617 dolentissime
768 2549 876 2608 navigavit

88 2622 116 2671 ad
130 2621 253 2672 Thomitas.
268 2621 305 2670 Sic
320 2622 396 2683 oppidi
407 2642 419 2670 e
430 2622 518 2670 nomine
528 2621 649 2682 oppidanos
660 2634 746 2677 vocant;
761 2641 813 2682 gens
824 2640 875 2672 vero

63 2796 66 2802 “
86 2791 111 2830 16.
124 2793 157 2831 Ov.
171 2793 218 2832 Trist.
233 2791 351 2830 11:103406.

50 2890 192 2901 Μ

89 2951 108 2995 3.
122 2950 180 2995 multi
194 2957 207 2995 ἰ.
222 2969 238 2994 r.
