2093 3253
140 280 178 326 508
439 292 533 324 srccours
547 290 665 322 aotrnrour

182 406 222 455 alia
234 407 289 454 tueri
308 426 330 454 se
343 407 364 454 ni
385 406 493 464 religionis
514 405 634 453 reverentia·
644 418 665 452 et
677 405 781 462 dignitate
801 425 872 462 posse.
894 405 967 463 lmpe-
1008 465 1011 467 .

183 480 240 528 rium
254 491 327 527 autem
343 480 388 527 Leo
404 478 498 527 nominis
515 478 560 526 eius
577 478 660 535 primus
677 477 779 526 obtinuit.
796 477 900 526 Sidonius
917 496 969 527 vero

183 565 257 611 postea
271 552 363 600 Romam
377 552 405 600 ad
419 551 582 599 Theodoricum
596 551 662 599 venit.
677 549 727 598 Erat
742 550 777 598 hic
791 570 828 599 rex
842 550 968 599 Gothorum

183 637 204 672 et
219 625 291 672 datam
306 625 347 671 sibi
362 646 374 672 a
389 624 477 671 Zenone
487 623 570 671 ltaliam
578 622 709 681 possidebat.
718 622 797 670 Leonis
806 622 896 680 quidem
903 642 970 680 gener

157 698 169 748 5
185 694 245 746 Zeno
260 709 309 754 post
324 715 423 746 socerum
437 697 557 755 imperavit.

226 770 330 819 Sidonius
344 784 424 826 autem,
438 771 498 829 quod
511 770 543 819 vir
556 770 633 818 doctus
646 781 702 817 esset
714 788 739 826 ac
752 767 838 816 dicendi
844 767 970 818 facultatem

185 855 205 889 et
220 861 283 900 prosa
300 856 321 890 et
338 856 407 890 metro
424 843 518 896 haberet,
536 842 621 899 scripsit
637 841 704 888 libros
720 839 867 898 Epistularum
883 861 971 896 novem,

186 913 306 962 Causarum
321 934 397 969 unum,
415 914 604 962 Sacramentorum
621 933 697 967 unum,
714 912 863 970 Pangericun
880 912 921 961 hoc
938 926 970 962 est

150 1017 152 1019 >
186 987 275 1035 laudum
289 987 400 1035 Anthemii
411 987 511 1046 Augusti,
523 1008 599 1041 unum,
611 986 753 1044 Pangericum
764 986 970 1045 Maioranollugus·

148 1062 174 1111 10
188 1072 212 1108 to
226 1080 302 1114 unum,
315 1060 456 1118 Pangericum
467 1060 532 1108 Avito
544 1059 676 1117 imperatori,
689 1077 764 1107 socero
775 1079 822 1113 suo,
834 1080 910 1114 unum,
928 1060 971 1111 Ex·

187 1134 319 1180 cusatorium
331 1134 359 1180 ad
373 1133 467 1180 Felicem
480 1154 556 1186 unum,
570 1131 739 1189 Epithalamium
753 1132 836 1178 dictum
849 1132 937 1180 Ruricio
950 1145 974 1180 et

188 1204 274 1252 Hibene
288 1226 364 1259 unum,
379 1205 548 1263 Epithalamium
561 1204 657 1252 Polemio
669 1216 691 1251 et
703 1203 825 1252 Araricolae
837 1225 914 1259 unum,
927 1204 972 1253 Eu-

187 1277 295 1325 chariston
301 1278 329 1325 ad
336 1277 441 1325 Faustum
447 1278 574 1337 episcopum
580 1297 656 1331 unum,
663 1276 801 1335 Epigramma
809 1277 837 1324 ad
845 1276 975 1326 Catulinum.

188 1371 264 1405 unum,
279 1351 394 1409 Epigrama
407 1352 435 1399 ad
449 1353 601 1409 imperatorem
616 1351 755 1399 Maioranum
769 1370 845 1404 unum,
859 1350 972 1409 Epigram-

148 1424 173 1473 15
189 1435 246 1470 mata
260 1422 301 1470 alia
315 1423 343 1470 ad
357 1423 452 1470 diversos
467 1423 571 1480 quinque,
587 1422 731 1479 Propenticon
745 1422 773 1470 ad
788 1422 880 1470 Librum
895 1423 975 1480 Suum,

188 1495 286 1552 Burgum
299 1495 377 1549 Pontii,
392 1495 478 1543 Laudes
492 1495 640 1543 Narbonensis
655 1494 721 1542 Urbis
735 1508 756 1543 et
770 1495 858 1543 Civium
871 1495 931 1545 Eius.

232 1567 402 1615 Memorandum
417 1588 505 1626 quoque
519 1588 542 1616 se
556 1569 597 1616 hoc
611 1568 659 1616 loco
673 1568 764 1616 Boecius
779 1568 849 1617 offert.
864 1568 974 1627 Tempore

190 1639 280 1698 quidem
296 1638 384 1688 inferior
400 1640 491 1689 Sidonio
507 1639 572 1698 paulo
588 1639 637 1695 tuit,
653 1654 719 1698 atque
735 1639 789 1688 illud
805 1639 867 1688 facile
883 1641 975 1691 dixerim

190 1711 251 1770 quod
265 1731 339 1760 senem
349 1712 410 1760 illum
420 1712 493 1760 videre
503 1713 538 1760 hic
548 1713 631 1761 iuvenis
641 1712 720 1770 potuit.
730 1712 841 1761 Romanus
851 1726 924 1761 autem
933 1713 979 1763 tuit

148 1786 178 1835 20
192 1785 245 1834 civis
258 1784 350 1833 Boecius
363 1784 399 1832 illa
413 1784 547 1833 Manliorum
561 1806 573 1833 e
586 1784 667 1833 familia
679 1805 736 1843 ‘quae
750 1784 828 1833 nobilis
847 1797 868 1833 et
887 1785 979 1843 patricia

191 1865 247 1907 esset
262 1879 287 1906 ac
302 1858 415 1915 Torquata
430 1871 575 1914 cognomento
590 1858 657 1906 altero
673 1870 792 1906 vocaretur.
809 1858 897 1915 Quippe
912 1858 980 1908 fami·-

192 1931 232 1978 liae
247 1930 318 1983 huius,
334 1931 351 1976 si
367 1923 484 1987 repetimus
499 1942 628 1977 vetustatem
643 1942 715 1987 atque,
730 1941 755 1977 ut
769 1929 798 1977 T.
814 1930 889 1988 Livius
904 1929 976 1987 refert.

192 2001 300 2050 credimus
309 2000 385 2056 lamae,
395 2022 419 2050 ea
427 2001 455 2050 ab
464 2001 528 2051 Ulixe
536 2022 560 2050 ac
569 2000 632 2050 Circe
641 2013 687 2050 orta
695 2012 734 2051 est.
744 2001 819 2052 Postea
827 2022 879 2052 vero
887 2003 925 2064 qui
933 2016 983 2054 erat:

195 2076 234 2123 hac
251 2096 262 2123 e
279 2074 359 2123 lamilia
376 2074 479 2124 Octavius
497 2075 594 2124 Manlius
610 2074 701 2124 Tusculi
719 2075 829 2125 habitabat
845 2089 867 2125 et
883 2078 978 2127 nominis

152 2150 178 2200 25
195 2148 267 2197 Latini
277 2148 377 2206 princeps
387 2148 459 2196 datam
468 2148 509 2196 sibi
519 2142 633 2207 Tarquinii
642 2148 729 2206 superbi
738 2147 804 2197 filiam
814 2168 904 2199 uxorem
909 2149 984 2202 duxit..

195 2222 281 2271 Deinde
296 2222 393 2270 Romam
398 2242 422 2269 ea
432 2220 512 2269 familia
521 2221 619 2269 traducta
629 2234 694 2279 atque
703 2221 759 2269 inter
768 2222 867 2280 patricias
877 2223 909 2271 uti
919 2242 984 2272 com·-

197 2293 269 2353 plures
284 2292 337 2342 aliae
345 2293 466 2351 conscripta
474 2305 514 2341 est.
522 2292 551 2342 At
559 2312 610 2341 vero
618 2313 669 2341 cum
678 2291 735 2340 Galli
741 2292 878 2352 Capitolium
893 2294 979 2344 obside-

196 2380 250 2422 rent,
266 2367 366 2415 additum
380 2379 412 2414 est
426 2365 454 2415 T.
469 2366 553 2414 Manlio
567 2377 742 2424 cognomentum,
757 2379 781 2414 ut
795 2367 920 2426 Torquatus
934 2369 980 2427 ipse

198 2440 275 2496 suique
290 2439 351 2486 liberi
366 2458 442 2486 omnes
458 2459 482 2485 ac
499 2439 579 2495 posteri
595 2451 730 2486 vocarentur.
747 2438 841 2486 Causam
857 2459 908 2487 vero
924 2461 986 2489 novo

156 2513 185 2562 30
199 2510 250 2560 huic
258 2522 402 2569 cognomento
411 2510 471 2560 dedit
478 2530 556 2559 aureus
564 2510 648 2569 torquis
656 2531 723 2569 quem
731 2509 780 2559 duci
788 2508 902 2559 Gallorum
910 2511 981 2560 occiso

198 2583 295 2633 Manlius
306 2582 397 2632 detraxit
407 2581 519 2640 victorque
531 2580 601 2629 media
612 2601 638 2629 ex
648 2580 693 2629 acie
704 2579 800 2629 hostium
814 2579 843 2629 ad
858 2601 908 2629 suos
924 2579 981 2631 tulit.

240 2657 287 2705 Hac
301 2657 366 2714 igitur
381 2678 393 2704 e
407 2655 495 2709 familia,
512 2674 567 2712 quae
588 2654 669 2701 Romae
685 2653 764 2701 nobilis
779 2666 851 2712 atque,
875 2667 900 2702 ut
930 2654 987 2710 dixi„

198 2730 287 2788 antiqua
300 2741 362 2783 esset,
377 2740 440 2776 natus
454 2739 486 2775 est
500 2726 590 2775 Boecius
605 2738 684 2774 noster.
701 2724 822 2784 Imperabat
836 2737 896 2780 tunc,
910 2725 987 2774 existi»

158 2839 298 2850 ...ι-.-

195 2901 223 2938 22.
236 2899 272 2939 Liv.
285 2899 298 2938 l.
312 2901 339 2938 49.
353 2900 369 2938 9.

160 2999 299 3006 ..φ-...-

204 3056 234 3103 18.
247 3056 278 3102 Ex
292 3053 374 3110 paulum
388 3054 457 3102 leuiter
470 3073 519 3102 corr.
533 3053 552 3100 0
566 3052 648 3109 paulum
662 3051 714 3099 VW.
