2093 3253
145 255 185 302 416
444 266 538 299 srccours
553 265 670 297 romurour

188 386 231 444 peii
246 383 283 432 aut
299 384 333 431 M.
348 384 410 431 Bruti
430 380 535 431 conferre.
555 382 614 429 Nam
634 380 707 438 copias
727 394 818 439 uterque
837 383 971 434 iam.contra

188 456 317 511 Antonium,
327 457 366 507 sed
375 455 428 511 alter
438 456 461 505 in
471 455 583 515 Hispania,
593 453 646 504 alter
656 454 678 503 in
689 453 818 504 Macedonia
828 453 972 514 comparabat.

164 528 174 538 ⁸
189 531 309 587 Constituit
322 550 416 589 nanque,
430 531 449 578 si
459 542 577 588 oporteret,
592 540 821 587 sequantumposset
835 526 973 579 offerreubi-

189 604 282 663 queue
296 614 341 651 tam
356 604 414 661 gravi
431 615 528 661 tempore
544 600 639 649 defuisse
655 621 747 659 usquam
764 600 793 648 rei
810 599 973 658 publieaevide.

163 678 176 725 5
192 690 257 730 retur;
272 676 290 723 si
301 674 355 734 quid
365 688 438 724 autem
448 674 532 724 adversi
543 673 646 727 eveniret,
658 674 681 721 id
691 672 742 722 lorti
752 674 825 722 animo
835 694 860 721 ac
870 674 974 731 patienter

191 748 253 804 lerre,
269 747 390 808 quodrem
405 748 526 797 Romanam
543 768 569 797 eo
586 746 714 806 perductam
731 746 899 806 inclinatamque
916 747 974 797 vide·

192 836 223 871 ret
238 822 299 881 quod
313 842 360 870 eam
375 821 462 870 lortuna
474 821 547 879 potius
558 841 625 879 quam
636 821 690 868 ratio
700 821 836 878 gubernaret.

160 902 162 905 ’
234 895 326 951 Pergens
341 893 406 952 igitur
425 893 526 951 navigare
545 893 568 940 in
585 892 704 946 ,Graeciam
724 892 801 944 Cicero
821 892 975 949 Brundusium,

192 967 253 1027 quod
267 978 338 1015 essent
351 966 381 1016 ibi
394 966 489 1030 legiones
503 965 600 1020 Antonii,
614 963 723 1015 devitavit.
737 964 856 1014 Traiiciens
868 978 942 1015 autem
955 967 976 1017 in

153 1037 179 1089 l0
195 1039 297 1094 Siciliam,
307 1052 331 1087 ut
341 1040 437 1088 Athenas
446 1040 504 1093 inde,
515 1036 570 1087 sicut
580 1051 624 1087 erat
634 1039 777 1099 propositum,
788 1039 903 1107 navigaret,
913 1038 976 1099 Syra·

193 1132 254 1161 cusas
269 1111 386 1168 Sextilibus
404 1111 517 1160 Kallendis
533 1112 599 1160 venit.
616 1112 663 1161 Nec
678 1112 708 1160 ibi
727 1112 776 1170 plus
797 1124 860 1160 nocte
879 1132 930 1166 una,
951 1134 978 1161 ne

195 1186 279 1235 subitus
295 1185 340 1234 eius
353 1185 459 1234 adventus
470 1185 617 1245 suspicionem
624 1184 717 1241 afferret,
726 1197 821 1234 moratus
830 1197 869 1240 est;
877 1185 978 1244 navigans

194 1279 246 1307 vero
256 1258 350 1306 adversis
361 1260 432 1307 ventis
442 1260 465 1307 in
477 1258 615 1307 Chalabriam
625 1259 653 1307 ad
664 1258 740 1316 Regini
750 1259 795 1316 agri
806 1259 979 1316 promuntorium

164 1342 167 1346 ’
195 1331 365 1389 (Leucopetram
377 1331 400 1386 id
415 1329 534 1389 appellant)
545 1329 620 1380 fertur.
634 1328 694 1379 Nihil
706 1342 779 1379 autem
790 1330 820 1379 ibi
833 1343 928 1388 moratus
940 1344 978 1380 est.

158 1404 182 1453 15
199 1403 254 1452 Mox
268 1402 333 1457 enim,
347 1415 372 1452 ut
385 1422 450 1460 suum
463 1402 491 1451 ad
504 1403 544 1451 iter
557 1403 579 1450 in
593 1402 707 1451 Graeciam
721 1416 825 1462 pergeret,
838 1404 867 1452 ad
877 1403 979 1463 quadrin·

197 1490 259 1534 genta
275 1475 343 1524 stadia
355 1477 435 1524 iterum
447 1488 534 1524 evectus
547 1475 569 1523 in
582 1474 651 1523 altum
664 1474 733 1524 redire
746 1476 904 1534 Leucopetram
916 1488 980 1535 atque

197 1548 259 1597 illum
272 1549 345 1607 ipsum
358 1549 380 1596 in
393 1548 466 1596 locum
479 1548 538 1596 unde
551 1546 616 1614 paulo
628 1559 678 1595 ante
692 1548 817 1597 discesserat
829 1548 903 1597 Austri
917 1549 980 1597 vehe-

198 1621 278 1670 mentia
290 1633 377 1670 coactus
389 1633 429 1670 est.
442 1620 502 1670 Tum
515 1620 604 1680 quidem
617 1621 681 1669 maris
693 1621 871 1681 tranquillitatem
883 1622 980 1680 operiens

198 1695 319 1753 proximam
326 1695 348 1742 in
356 1695 380 1743 P.
387 1694 474 1748 Valerii,
482 1695 567 1743 comitis
575 1693 714 1743 etfamiliaris
722 1695 762 1750 sui,
769 1694 842 1751 villam
849 1696 982 1755 domumque

156 1769 184 1816 20
200 1767 294 1815 divertit.
309 1767 366 1815 lstuc
378 1767 437 1815 enim
448 1767 562 1815 adiverunt
574 1787 625 1815 eurn
636 1766 743 1829 salutandi
755 1788 818 1816 causa
831 1768 907 1826 Regini
919 1769 981 1822 cives,

199 1838 282 1889 nobiles
296 1839 378 1899 quippe
390 1839 438 1888 viri.
452 1839 470 1888 Ε
483 1839 564 1898 quibus
577 1847 637 1888 erant
650 1839 688 1898 qui
702 1839 771 1889 Roma
784 1841 881 1890 venirent
895 1840 982 1900 quidam

199 1931 274 1971 nuper.
289 1913 318 1960 Hi
332 1916 399 1971 rogati
414 1915 485 1962 dicere
498 1914 515 1960 si
531 1914 586 1971 quid
601 1926 656 1961 esset
672 1915 723 1962 novi
739 1915 799 1972 quod
814 1915 860 1962 eius
876 1927 925 1971 post
941 1914 983 1961 dis·
1042 1938 1046 1973 3

171 1987 173 1990 ’
199 2005 284 2032 cessum
302 1985 324 2032 in
343 2006 365 2032 re
383 1985 471 2043 publica
489 1986 601 2039 evenisset,
621 1986 750 2032 nunciarunt
768 1985 815 2033 lore
832 1987 940 2043 proximas
957 1986 984 2032 ad
1042 2003 1047 2043 ζ.

201 2055 317 2105 Kallendas
332 2057 392 2115 quod
407 2070 428 2106 et
444 2071 539 2106 senatus>
549 2056 663 2105 haberetur
677 2056 744 2106 libere
759 2071 780 2106 et
794 2058 910 2112 Antonius,
926 2057 984 2116 quod

158 2132 186 2180 25
202 2130 336 2179 voluntatem
353 2144 463 2185 mutasset,
482 2131 565 2178 senatui
583 2130 687 2178 obediret.
704 2131 821 2196 Addebant
838 2150 926 2189 quoque
943 2130 985 2179 iam
1044 2141 1047 2144 ’

201 2203 262 2250 Bruti
274 2214 295 2250 et
308 2202 377 2250 Cassii
389 2204 513 2261 expositum
525 2203 621 2250 edictum
633 2221 686 2256 esse,
699 2216 723 2251 ut
735 2203 773 2261 qui
785 2203 865 2251 civium
877 2203 985 2250 Romano·
1043 2226 1047 2233 t

201 2297 250 2325 rum
264 2289 301 2341 aut
313 2276 436 2326 consulares
448 2290 485 2326 aut
496 2276 597 2335 praetorii
609 2297 702 2335 usquam
713 2289 791 2331 essent,
804 2276 825 2324 hi
838 2297 904 2334 quam
915 2288 986 2334 presto
1043 2305 1047 2330 3

202 2350 296 2399 redirent
306 2349 336 2399 ad
347 2351 432 2406 urbem:
443 2351 516 2409 ipsum
527 2369 577 2399 vero
588 2348 717 2399 Ciceronem
728 2349 843 2399 desiderari
853 2362 903 2399 ante
913 2368 986 2398 omnes
1045 2357 1047 2404 J

202 2442 241 2470 nec
258 2421 394 2480 subaccusari
415 2442 493 2481 parum
514 2422 574 2481 quod
594 2422 663 2470 Roma
683 2434 728 2470 tam
742 2442 834 2481 propere
849 2422 986 2471 discessisset.

161 2496 189 2542 30
248 2493 307 2541 Haec
322 2514 372 2542 cum
387 2509 458 2543 essent
472 2494 532 2549 falsa,
547 2489 591 2554 quo
605 2495 679 2542 animo
693 2495 736 2543 sint
749 2516 762 2543 a
776 2495 864 2555 Reginis
877 2509 988 2555 tantopere

204 2567 315 2621 affirmata,
330 2568 465 2626 incognitum
479 2569 555 2616 habeo.
570 2568 616 2616 Sed
629 2567 663 2615 lris
676 2569 762 2617 nunciis
774 2568 851 2624 Cicero
861 2568 917 2617 letus
928 2581 949 2616 et
959 2566 989 2615 la-

202 2640 243 2687 cile
258 2640 348 2704 credens
358 2660 413 2700 quae
423 2641 493 2689 libens
503 2642 587 2689 audiret
596 2661 621 2688 ac
631 2660 681 2689 vera
691 2661 737 2699 esse
747 2662 813 2701 quam
823 2642 915 2697 maxime
924 2661 988 2700 cupe-

203 2726 242 2767 ret,
258 2712 408 2770 proficiscendi
422 2714 445 2761 in
460 2713 575 2762 Graeciam
588 2713 704 2762 consilium
718 2715 824 2763 revocavit
838 2714 951 2772 redireque
963 2712 990 2760 ad

203 2787 288 2839 urbem,
302 2798 326 2833 ut
340 2787 375 2835 die
389 2780 482 2834 dictam
496 2799 572 2834 senatu
585 2787 676 2840 adesset,
691 2807 757 2845 quam
771 2786 880 2835 celerrime
910 2784 989 2839 statuit

162 2859 190 2955 35
205 2858 363 2917 proficiscens
358 2859 423 2917 rgitur
438 2859 530 2907 Romam
544 2859 610 2907 venit.
786 2853 788 2855 ¹

181 2951 226 3022 8
239 2977 270 3024 Ex
246 2947 420 3022 Brondusium
434 2995 483 3021 corr.
499 2977 589 3031 (etiam'
582 2995 602 3021 ιη
619 2977 696 3032 indice.)
752 2976 785 3022 25.
799 2977 997 3031 Adtdebanttf.
968 2991 992 3024 r.;

163 3053 205 3087 erat
222 3044 269 3087 lam
