2093 3253
160 193 200 239 270
463 210 556 242 sicconis·
568 211 683 240 rotrurour

203 337 276 373 autem
292 326 329 384 qui
345 324 449 384 eloquens
464 326 506 373 dici
521 326 598 375 merito
617 346 642 374 ae
661 325 719 374 bono
733 326 780 374 iure
793 325 862 383 possit
876 324 988 385 haudqua-

204 418 270 455 quam
285 398 397 445 rhetorum
409 411 523 456 praecepta
536 398 602 446 modo
614 399 653 446 sed
665 418 740 446 omnes
753 398 821 445 bonas
833 410 896 451 artes,
915 417 988 447 omnes

204 469 320 525 doctrinas,
336 469 435 518 omnium
452 488 525 518 rerum
542 470 689 530 cognitionem
705 483 771 529 atque
788 470 900 519 scientiam
911 467 989 521 babere

173 544 175 546 ¹
204 543 343 602 eundemque
358 544 448 591 omnino
459 544 531 592 virum
541 543 626 592 bonum
636 564 683 592 esse
694 558 715 592 et
725 544 911 602 sapientissimum
926 544 988 592 Cice·

179 617 190 664 5
206 617 265 664 runis
281 637 293 664 e
307 616 414 664 sententia
429 629 536 674 oportere.
725 669 732 673 „

247 688 292 738 Sed
306 690 350 737 iam
364 689 454 737 tandem
471 690 520 748 quis
537 703 676 749 quantusque
693 688 758 737 luerit
776 688 853 736 Cicero
870 689 988 738 videamus.

206 762 267 810 Duas
283 762 324 810 sibi
340 762 427 820 patrias,
438 782 504 810 unam
514 776 609 816 naturae,
619 762 709 809 alteram
718 762 810 809 civitatis
820 781 867 808 esse
876 781 927 808 cum
936 762 988 808 scri-

204 833 266 881 beret
282 833 309 882 de
324 834 420 891 Legibus
436 833 502 882 refert
517 835 571 892 ipse.
587 834 699 882 Romanus
715 833 774 881 enim
784 833 837 880 civis
849 832 987 888 habitatione,

206 907 295 961 honore,
312 907 423 966 dignitate,
434 926 510 956 verum
519 928 558 955 sua
567 926 702 966 suorumque
710 907 799 965 antiqua
809 907 876 964 stirpe
885 926 910 954 ac
921 907 988 954 maio-

167 982 193 1028 lO
208 998 257 1029 rum
268 979 453 1039 origine'Arpinas
460 979 510 1028 luit.
519 979 633 1040 Oppidum
641 982 664 1028 in
671 993 728 1028 terra
738 979 798 1028 ltalia
807 992 936 1027 montanum
943 998 989 1026 esse

204 1053 314 1110 Arpinum
324 1052 353 1101 ad
364 1051 404 1100 LX
415 1051 474 1100 milia
489 1072 593 1110 passuum
605 1052 655 1101 urbi
667 1052 764 1101 vicinum
776 1064 868 1100 constat.
883 1051 908 1100 ld
920 1071 990 1110 quon-

206 1125 256 1172 dam
267 1126 337 1182 gentis
349 1124 439 1172 Volscae
450 1124 499 1179 tuit,
513 1125 592 1173 deinde
604 1124 715 1174 Romanae
727 1124 819 1173 dicionis
829 1123 919 1178 tactum,
933 1144 991 1171 nunc

205 1198 260 1245 lines
275 1198 326 1246 binc
338 1197 446 1256 Appuliae
458 1198 509 1245 inde
522 1197 654 1257 Campaniae
667 1198 756 1246 dirimit.

249 1270 297 1319 Hoc
313 1292 325 1319 e
340 1270 460 1329 municipio
471 1270 600 1320 Tulliorum
616 1270 697 1320 lamilia
713 1270 804 1333 oriunda
820 1270 932 1318 vetustatis
949 1282 989 1316 tes-

127 1375 129 1380 ·
167 1344 192 1390 15
208 1344 325 1391 timonium
340 1343 370 1390 ibi
387 1343 493 1391 maiorum
509 1356 530 1391 et
546 1362 605 1392 sacra
621 1357 642 1392 et
658 1344 747 1401 vestigia
763 1343 846 1391 habuit.
863 1341 917 1390 Eam
933 1342 991 1399 regio

206 1415 335 1464 Volscorum
350 1436 362 1462 e
377 1415 460 1463 semine
475 1429 544 1464 ortam
558 1417 694 1475 eandemque
707 1415 804 1465 Tulliam
818 1436 830 1463 a
843 1413 925 1469 Tullio,
936 1415 991 1463 anti-

206 1489 312 1546 quissimo
320 1487 450 1537 Volscorum
462 1507 518 1546 rege,
531 1489 661 1546 appellatam
674 1488 732 1537 docti
745 1489 810 1536 etiam
822 1489 937 1546 scriptores
949 1499 991 1533 tra-

206 1560 275 1609 dunt.>
287 1561 359 1620 lpsam
374 1580 425 1610 vero
441 1560 517 1611 dicunt
535 1561 620 1610 casibus
639 1561 703 1611 variis
722 1581 788 1620 regno
807 1561 921 1620 spoliatam
939 1579 990 1619 opes

207 1635 271 1684 simul
282 1655 307 1682 ac
318 1634 457 1692 splendorem
472 1634 591 1682 nobilitatis
604 1636 674 1692 regiae
686 1635 783 1682 amisisse
795 1634 931 1692 eandemque
943 1645 990 1680 tan-

165 1707 194 1754 211
209 1707 259 1754 dem
275 1719 398 1764 equestrem
416 1706 444 1754 ad
462 1707 563 1754 ordinem
581 1707 700 1755 devenisse.
721 1706 779 1754 lllud
794 1707 885 1760 constat,
902 1704 991 1752 Volscos

207 1790 280 1839 regem
295 1778 395 1829 Tullium
410 1779 518 1836 habuisse,
534 1780 657 1829 bellacum
672 1780 776 1829 Romanis
791 1780 889 1839 gessisse.
905 1778 993 1837 Quippe

207 1853 290 1901 bellum
305 1854 411 1901 Volscum
425 1874 476 1901 cum
491 1854 573 1901 Romae
588 1853 722 1913 Tarquinius
731 1854 844 1912 Superbus
852 1864 950 1910 regnaret
958 1870 992 1898 or-

207 1939 255 1974 tum
270 1946 314 1974 non
329 1937 380 1975 ante
395 1925 500 1974 ducentos
516 1946 584 1974 annos
599 1926 687 1975 finitum
702 1940 741 1975 est.
758 1925 835 1985 Populi
853 1923 951 1977 lulerum
965 1924 992 1972 ad

208 2018 266 2047 mare
281 1999 355 2047 Volsci
371 2011 431 2047 erant
447 1999 546 2048 Romano
557 2018 609 2057 agro
621 2001 694 2047 vicini.
708 2000 752 2047 Sed
764 2001 871 2058 imperare
883 2018 934 2047 cum
945 1997 991 2045 aliis

166 2072 194 2120 25
210 2084 321 2129 cuperent,
337 2071 379 2130 ipsi
394 2070 516 2119 bellovicti
526 2085 592 2130 atque
608 2072 711 2120 Romanis
727 2073 815 2120 tandem
831 2072 911 2120 servire
925 2069 993 2118 coacti

208 2157 266 2193 sunt.
281 2144 378 2193 Alteram
394 2144 463 2193 Roma
470 2145 605 2203 eandemque
611 2145 708 2193 nobilem
714 2159 780 2203 atque
791 2145 903 2203 patriciam
909 2143 993 2192 Tullio·

208 2236 257 2266 rum
272 2216 377 2267 familiam
392 2217 475 2266 habuit.
489 2217 552 2266 Hanc
564 2218 628 2267 simul
641 2232 663 2267 et
675 2218 785 2274 Servilios,
799 2217 909 2276 Quintios,
923 2217 994 2275 Gega-

208 2292 262 2345 nios‚
272 2292 373 2340 Curatios
385 2291 456 2340 diruta
463 2290 520 2340 Alba
531 2291 680 2341 Romanorum
690 2294 767 2341 tertius
778 2311 822 2346 rex,
831 2290 910 2341 Tullus
919 2291 994 2340 Hosti-

208 2364 257 2419 lius,
272 2385 284 2412 e
299 2358 435 2423 principibus
452 2363 542 2413 Albanis
559 2365 582 2413 in
599 2378 670 2423 patres
688 2364 746 2422 legit.
763 2365 844 2414 Audivi
860 2378 934 2414 tamen
956 2364 993 2422 qui

164 2438 195 2485 30
210 2457 281 2496 neque
297 2436 399 2490 Eusebio,
416 2438 454 2496 qui
472 2437 537 2486 huius
554 2438 673 2487 sententiae
689 2439 792 2497 antiquus
810 2451 842 2487 est
858 2451 940 2493 auctor,
955 2457 994 2486 nec

209 2512 311 2569 cuiquam
327 2511 445 2558 assentiant
460 2511 498 2569 qui
514 2512 605 2559 maiores
624 2511 736 2559 Ciceronis
754 2512 809 2559 adeo
827 2531 897 2569 usque
916 2510 994 2559 nobili-

203 2696 219 2731 4.
231 2694 267 2732 Cic.
280 2694 310 2731 Or.
326 2694 409 2739 14,sqq.;
425 2696 449 2731 De
465 2695 495 2733 Or.
512 2694 525 2732 Ι.
547 2695 584 2732 128.
634 2697 650 2733 8.
669 2695 704 2732 Cic.
724 2696 761 2739 Lag.
780 2694 800 2731 11.
820 2695 836 2732 5.
886 2694 914 2731 30.
928 2694 994 2732 Hieron.

166 2754 225 2792 Chion.
239 2753 266 2793 Ol.
282 2754 322 2791 168.
337 2755 353 2791 4,

178 2936 180 2951 s
211 2928 226 2970 1’,’
241 2923 399 2981 haudquaquam
414 2927 535 2981 rhetorum)
550 2932 563 2971 ι’.
578 2945 600 2977 r.;
615 2936 657 2971 erat
672 2945 741 2971 omnes
756 2927 860 2983 bonaslsls.
919 2925 948 2973 18.
963 2926 993 2972 Ex

169 2990 239 3045 lpsum
253 3011 301 3037 corr.
803 3007 805 3011 ⁴
891 3017 892 3020 ¹
