2093 3253
261 135 391 165 scurronum
406 135 535 166 utusuuuu
547 145 562 153 —
576 136 634 165 Lissa
648 136 667 164 u.
837 120 873 167 143

133 253 177 303 Sed
192 253 287 311 primum
302 252 329 300 de
343 251 443 300 historiae
456 250 527 300 officio
540 271 566 299 ac
579 251 690 310 dignitate,
704 264 729 300 ut
742 249 833 299 lecimus
847 251 873 300 de

91 330 167 389 poetis,
182 325 342 384 explicabimus¹
352 325 470 383 quaedam·
482 325 561 374 deinde
570 326 604 374 :ad
619 345 655 374 eos
671 325 826 374 memorandos>
838 325 875 383 qui

92 398 339 460 scripserunthistorias,
350 398 381 446 uti
392 411 465 446 nostra
476 398 537 447 iubet
547 399 661 452 institutio,
673 398 714 445 deo
724 410 811 445 aeterno
822 397 876 457 bene

92 477 178 524 iuvante
194 485 259 531 atque
276 471 373 530 propicio
390 472 509 520 veniemus.
529 470 554 520 Id
571 491 650 530 nempe
667 470 718 519 satis
735 491 759 519 ac
776 469 875 525 breviter,

67 552 79 599 5
95 559 201 606 quantum
215 544 266 593 huic
280 545 328 593 loco
346 545 458 602 pertineat,
476 545 606 593 arbitramur
623 543 762 602 patefactum,
781 544 799 591 si
817 543 877 592 dixe·

93 621 159 668 rimus
171 616 357 677 quemadmodum
369 616 457 664 historia
469 617 496 663 sit
507 617 586 664 nostris
598 637 610 664 a
622 615 739 664 maioribus
751 616 877 674 eisdemque

94 691 222 741 doctissimis
238 702 259 738 et
275 689 408 749 sapientibus
424 689 522 738 diffinita.
539 688 616 738 Cicero
631 709 725 747 nanque,
741 689 877 748 eloquentiae

94 767 182 815 Latinae
195 763 260 813 decus
272 783 297 812 ac
309 763 417 822 princeps,
429 776 454 812 ut
466 763 623 821 pretermittam
634 774 736 818 caeteros,
749 763 771 810 in
783 782 809 810 eo
821 761 876 810 libro

94 840 131 898 qui
146 851 178 887 est
188 836 286 886 Perfecto
296 838 323 885 de
334 836 425 885 Oratore
435 836 463 885 ad
473 836 582 893 Quintum
592 835 681 884 lrnt'rem
691 836 815 894 inscriptus,
826 856 878 883 curn

57 917 81 964 10
96 914 118 960 in
133 930 255 960 sermonem
270 909 395 957 scribendae
411 908 511 957 historiae
526 909 636 957 incidisset
652 921 673 956 et
689 909 795 967 quaedam
810 929 835 956 ea
850 910 878 957 de

94 1005 123 1039 re,
138 997 163 1033 ut
178 982 255 1031 soleret
270 982 297 1030 de
312 982 407 1036 caeteris,
424 982 515 1041 graviter
530 995 551 1030 et
565 994 664 1031 accurate
679 981 774 1036 dixisset,
789 982 877 1030 tandem

95 1071 193 1105 nostrum
207 1056 235 1103 ad
249 1056 385 1113 propositum
400 1056 478 1113 inquit:
494 1054 608 1102 «Historia
623 1067 656 1102 est
670 1056 877 1112 testisitemporum,

95 1130 132 1178 lux
145 1128 246 1182 veritatis,
261 1128 304 1175 vita
318 1127 440 1182 memoriae,
455 1127 556 1185 magistra
570 1127 633 1180 vitae,
648 1128 726 1175 nuncia
741 1128 879 1176 vetustatis.»

95 1203 182 1262 Quippe
196 1214 320 1259 temporum
332 1212 364 1248 est
375 1202 436 1248 testis
447 1220 472 1249 ac
485 1200 521 1249 lux
533 1201 628 1250 veritatis
641 1200 736 1255 historia,
749 1221 789 1249 uec
801 1201 877 1250 veritas

46 1311 48 1315 -
58 1279 82 1326 15
97 1276 125 1324 ab
136 1295 161 1323 ea
173 1294 234 1322 secus
247 1293 313 1330 quam
325 1275 394 1321 iurato
406 1293 419 1320 a
430 1287 485 1321 teste
496 1293 521 1320 ac
534 1273 592 1321 bono
604 1294 616 1321 a
628 1275 674 1332 viro
687 1292 760 1322 rerum
772 1287 879 1332 gestarum

15 1345 16 1351 ἵ
96 1346 217 1397 testimonia
229 1346 275 1395 sine
286 1345 362 1395 lraude
373 1365 398 1394 ac
410 1347 456 1395 sine
468 1345 581 1395 mendacio
592 1345 714 1404 exiguntur.
727 1346 774 1395 Hac
785 1346 844 1396 enim
856 1366 877 1396 re

96 1441 139 1471 una
153 1441 193 1470 nec
205 1420 246 1469 alia
258 1418 326 1468 ferme
338 1440 350 1468 a
363 1419 433 1477 poetis
446 1419 542 1468 historici
555 1419 665 1474 dillerunt,
679 1420 701 1468 ni
714 1420 774 1479 quod
786 1420 816 1468 illi
829 1433 880 1469 sunt

97 1493 158 1542 liberi
173 1505 332 1551 evaganturque
347 1492 457 1540 interdum
477 1493 523 1541 iure
543 1512 583 1540 suo
602 1505 624 1540 et
643 1491 722 1540 fabulis
742 1512 805 1551 saepe
824 1512 879 1550 quae

98 1577 148 1613 sunt
162 1584 211 1612 vera
226 1564 373 1618 commiscent,
389 1563 412 1611 hi
430 1583 481 1613 vero
500 1563 549 1612 cale<
564 1577 623 1612 recto
641 1584 726 1622 semper
745 1578 797 1613 eunt
815 1578 880 1623 atque

58 1638 84 1684 20
99 1638 197 1685 recedere
210 1656 223 1683 a
236 1654 287 1684 vero
300 1635 360 1684 nefas
373 1656 420 1684 esse
433 1656 458 1684 ac
471 1635 541 1684 scelus
555 1649 639 1693 putant.
654 1636 699 1684 Lex
713 1657 799 1695 nanque
813 1638 880 1695 potis·

97 1710 150 1757 sime
165 1709 276 1758 historiam
288 1709 390 1757 scribenti
403 1709 466 1757 datur
479 1729 507 1757 ne
522 1710 576 1767 quid
588 1708 636 1776 falsi
650 1709 714 1764 dicat,
728 1731 755 1758 ne
769 1711 823 1768 quid
835 1713 879 1759 veri

96 1782 225 1852 taceatmsed
239 1782 268 1830 ita
283 1793 425 1841 prosequatur
440 1794 461 1830 et
476 1781 574 1830 absolvat
590 1802 669 1831 munus
680 1782 742 1840 quod
752 1783 798 1831 laus
809 1804 880 1842 neque

97 1873 146 1904 vera
159 1875 205 1904 esse
219 1855 313 1904 detracta
326 1854 364 1904 ulli
377 1874 418 1904 nec
431 1875 486 1915 quae
499 1855 527 1903 sit
540 1853 594 1906 falsa
607 1868 629 1904 et
641 1854 691 1904 ficta
704 1876 750 1905 esse
764 1856 837 1905 addita
849 1858 881 1906 vi-

47 1961 50 1967 ·
98 1929 180 1981 deatur.
196 1928 244 1977 Hoc
256 1930 315 1977 enim
327 1928 428 1977 historiae
440 1941 505 1987 caput
517 1947 604 1987 semper
615 1949 640 1977 ac
651 1928 820 1978 tundamentum
832 1929 882 1985 luit,

59 2002 85 2049 25
101 2002 160 2059 quod
174 2002 202 2050 sit
220 2020 296 2050 verum
313 2002 342 2050 ita
360 2001 421 2059 sequi
439 2021 465 2050 ac
483 2020 602 2050 memorare
620 2013 645 2049 ut
662 2003 757 2051 accusari
777 2003 882 2052 mendacii

48 2119 50 2122 ,
98 2096 206 2135 nusquam
220 2075 288 2134 possit
306 2096 346 2125 nec
364 2075 511 2137 suspicionem
530 2074 597 2124 ullam
615 2075 730 2124 simultatis
748 2088 786 2125 aut
804 2078 882 2135 gratiae

99 2147 183 2196 haheat.
197 2147 290 2196 Proinde
301 2148 391 2196 maiores
402 2148 470 2195 nostri
480 2147 634 2205 antiquissimi,
645 2148 761 2206 presertim
769 2149 809 2196 viri
819 2149 882 2198 laude

98 2220 203 2269 virtutum
216 2240 242 2268 ac
251 2238 324 2269 rerum
334 2232 443 2279 gestarum
452 2220 557 2268 memoria
566 2220 673 2274 delectati,
684 2220 739 2269 hanc
749 2221 883 2280 diligentiam

99 2290 227 2348 hahuerunt,
240 2292 301 2351 quod-
312 2293 423 2341 historiam
434 2292 528 2341 scrihere
539 2293 628 2350 auderet
640 2313 705 2341 nemo
717 2294 755 2354 qui
768 2314 848 2343 munus
860 2296 883 2343 id

60 2364 87 2412 30
101 2366 176 2416 datum
188 2365 234 2415 sibi·
241 2366 268 2414 de
279 2366 368 2425 publico
378 2386 422 2415 non
433 2366 528 2422 haberet,
539 2366 562 2413 id
572 2383 623 2415 vero
633 2367 720 2415 daretur
731 2367 784 2415 nulli
795 2368 817 2416 ni
828 2382 884 2417 esset

99 2440 131 2486 vir
145 2440 247 2497 probatae
262 2440 312 2489 fidei
325 2440 471 2498 singularique
485 2441 564 2488 virtute
577 2441 649 2499 aliqua
662 2442 760 2498 preditus
774 2461 799 2488 ac
812 2442 883 2504 digni-

99 2523 143 2561 tate
155 2513 242 2562 caeteris
256 2514 354 2563 anteiret.

142 2586 242 2635 Hebraeo
256 2605 342 2646 nanque
358 2585 447 2645 populo,
464 2599 489 2635 ut
504 2587 533 2634 ab
549 2586 591 2635 illis
608 2587 706 2635 exordiar
722 2588 760 2646 qui
777 2600 883 2638 vetustate

100 2662 190 2715 generis,
205 2661 243 2718 qui
258 2660 406 2718 magnitudine
420 2679 499 2714 rerum,
514 2661 552 2717 qui
566 2661 670 2718 dignitate
685 2660 785 2710 historiae
800 2682 823 2710 se
836 2683 884 2711 oae-

95 2792 111 2829 7.
123 2793 158 2832 cie.
172 2797 195 2834 De
208 2794 237 2834 Or.
251 2793 270 2832 lt,
285 2794 314 2831 36.

96 2875 253 2953 iffae-calle.
