2093 3253
258 148 388 180 scaurorum
402 148 528 179 nimiarum
540 160 554 164 —
568 148 626 179 tram
640 149 670 179 m.
840 135 874 182 101

67 303 69 306 <
96 266 170 314 Ludos
185 264 244 318 item,
258 263 296 321 qui
310 275 332 310 et
340 264 417 319 'magni
431 274 452 310 et
466 262 558 311 Romani
571 256 622 311 sunt
635 275 710 321 postea
723 260 831 320 appellati,
845 262 878 309 in-

95 338 171 388 stituit.
187 335 294 386 Factionis
305 356 356 384 suae
367 334 481 395 quosdam,
492 347 516 384 ut
527 334 615 385 baberet
626 335 663 395 qui
674 334 693 384 ei
704 333 807 390 faverent,
818 334 879 394 quod

3 409 4 412 ¹
63 446 68 451 -
94 411 176 460 advena
191 428 282 467 regnum
297 408 411 458 ambitiose
426 409 521 467 petisset.
538 409 561 458 in
577 421 648 467 patres
664 408 722 467 legit.
739 407 811 457 Patres
827 421 877 456 sunt

0 540 1 544 Ἰ
95 484 129 531 isti
144 482 254 530 minorum
269 481 367 539 gentium
381 480 490 539 appellati.

2 577 4 579 ·
63 561 82 609 ,5
138 555 236 605 Priscum
250 567 337 603 secutus
351 567 384 604 est
392 553 480 603 Servius
489 552 574 604 Tullus,
584 553 681 604 Censum
690 553 731 609 liic,
741 552 879 602 commodam
909 615 912 618 .

1 627 4 629 i
95 642 155 679 tanto
165 626 240 677 luturo
252 628 344 687 imperio
355 646 408 683 rem,
421 629 510 679 invenit.
518 628 639 678 ‘Enimvero
652 627 759 687 populum
769 627 792 675 in
802 626 880 675 classes
910 624 917 674 ³.

96 703 200 760 quinque,
215 702 292 750 classes
305 719 357 749 vero
369 702 393 748 in
406 702 513 750 centurias
527 704 556 750 ita
570 701 680 750 distribuit
693 702 753 759 quod
766 702 879 758 haudqua-

96 794 162 833 quam
176 773 241 832 vulgo
255 794 280 823 ac
293 773 381 828 viritim,
395 774 500 832 utprius,
514 794 593 824 verum
604 795 642 824 sua
656 774 678 823 in
692 774 790 824 centuria
800 793 826 823 ac
839 792 879 832 pro

96 847 196 902 fortunis,
212 861 317 906 quatenus
327 847 387 896 dives
395 860 433 896 aut
442 866 524 906 pauper
532 862 595 904 esset,
604 849 697 907 quisque
706 846 814 906 stipendia
822 859 881 895 certa

2 915 5 963 Ᾰ
60 925 85 972 10
99 922 140 969 sub
154 921 201 978 lege
214 940 239 967 ac
254 920 330 968 ordine
350 920 460 978 penderet.
476 920 590 968 Centurias
610 920 700 979 quidem
719 920 818 978 peditum
839 919 880 968 du·

0 986 2 988 .
96 1004 176 1046 cantas,
191 994 290 1052 equitum
306 1011 356 1040 vero
372 992 417 1041 Xll
433 1013 460 1041 ex
475 993 606 1052 primoribus
621 994 713 1042 civitatis
728 992 821 1050 scripsit.
837 991 880 1040 Sex

96 1068 148 1115 item
162 1065 213 1115 alias
228 1066 297 1115 tribus
316 1087 329 1115 a
349 1065 442 1116 Romulo
462 1066 569 1116 institutis
584 1066 670 1116 adiecit.
690 1065 788 1129 Perlecto
807 1077 880 1115 autem

96 1161 162 1189 censu
177 1140 260 1199 equites
268 1140 395 1200 peditesque
403 1140 426 1189 in
434 1160 511 1199 campo
520 1139 601 1189 Martio
609 1160 636 1189 ex
644 1140 720 1189 ordine
727 1131 802 1189 adesse
810 1140 880 1189 iussos
903 1152 905 1155 “

97 1214 194 1262 lustravit
209 1233 291 1262 omnes.
308 1214 334 1262 ld
351 1232 402 1262 vero
419 1215 532 1276 conditum
549 1214 664 1273 appellavit
681 1214 782 1278 lustrum.
800 1212 880 1261 Roma·
911 1235 919 1240 .,

60 1288 83 1337 15
99 1306 178 1336 norum
192 1286 282 1346 quidem
301 1286 381 1334 civium
401 1286 459 1334 milia
479 1286 563 1335 LXXX
583 1287 621 1345 qui
640 1305 699 1335 arma
718 1285 774 1335 lerre
793 1298 881 1344 possent

97 1361 177 1409 censita
191 1373 245 1408 tunc
258 1379 305 1408 esse
317 1359 396 1408 Fabius
407 1359 479 1408 Pictor
489 1361 562 1409 tradit.
661 1359 663 1369 ¹

140 1433 240 1481 Servium
254 1445 327 1480 autem
342 1446 467 1489 regnantem
478 1454 560 1481 annum
571 1434 615 1481 iam
628 1434 674 1481 llll
687 1447 708 1481 et
719 1433 761 1480 XL
771 1431 879 1480 interiecit

1 1508 3 1510 ’
69 1539 70 1542 =
98 1503 231 1563 Tarquinius
242 1504 362 1562 Superbus.
377 1503 494 1553 Traditum
504 1505 545 1553 iste
555 1525 568 1552 a
579 1505 696 1553 maioribus
708 1523 791 1553 morem
802 1524 881 1553 consu·

65 1624 67 1626 ,
98 1578 156 1628 leudi
171 1592 241 1637 patres
256 1578 353 1628 dissolvit
375 1578 465 1637 primus.
488 1578 614 1637 Domestica
636 1580 695 1628 enim
715 1578 806 1627 consilio
827 1598 881 1638 qua-

59 1653 86 1699 20
100 1672 186 1709 cunque
196 1653 219 1699 in
229 1671 252 1699 re
262 1673 314 1733 pace
324 1652 407 1700 bellove
417 1652 579 1701 obeunda'usus
589 1653 686 1710 regnavit
695 1674 763 1701 annos
773 1652 793 1701 V
802 1665 824 1702 et
833 1652 882 1702 XL.

65 1724 201 1782 Denique
217 1726 286 1783 gravis
303 1745 328 1773 ac
344 1725 432 1775 odiosus
449 1725 532 1775 cunctis
549 1724 616 1774 Bruto
632 1737 682 1775 auct
683 1744 719 1774 ore
735 1724 837 1774 violatam
852 1725 882 1773 ob

99 1798 225 1847 Lucreciam
240 1817 306 1857 regno
320 1799 400 1848 eiectus
415 1812 454 1848 est.

140 1872 217 1925 Arimis
232 1885 285 1921 tunc
298 1872 326 1921 ab
341 1872 395 1921 urbe
404 1862 498 1927 condita,
509 1886 533 1922 ut
542 1859 647 1922 traditT.
658 1872 740 1928 Livius,
751 1872 881 1922 CCXLllll

99 1957 150 1993 erat.
165 1943 226 1993 Tum
240 1945 336 2003 primurn
353 1945 422 1994 Roma
439 1946 491 1994 urbs
508 1945 575 1994 libera
591 1944 647 1994 lacta
664 1957 704 1993 est
713 1965 753 1994 nec
769 1945 882 1995 dominatu

59 2016 85 2066 25
101 2016 179 2066 deinde
194 2017 253 2075 regio
267 2018 305 2067 sed
319 2018 409 2076 legibus,
424 2018 513 2066 consilio
527 2017 622 2077 publico,
637 2031 658 2067 et
672 2017 831 2077 magistratibus
845 2037 884 2067 an·

99 2092 148 2139 uuis
162 2091 190 2139 ad
207 2090 287 2139 lulium
307 2090 421 2140 Caesarem
441 2112 511 2151 usque
525 2091 655 2150 gubernata.
677 2091 772 2150 Regibus
792 2091 882 2150 quidem

99 2165 177 2212 ciractis
192 2184 249 2218 mox,
265 2166 303 2222 qui
322 2166 353 2212 rei
373 2165 471 2223 publicae
485 2165 637 2223 gubernandae
651 2185 705 2213 onus
720 2178 741 2213 et
754 2184 831 2213 curam
844 2165 882 2213 lia-

100 2236 296 2292 bereneconsutes
310 2238 354 2287 duo
367 2239 389 2287 in
403 2251 486 2288 annum
499 2239 563 2289 creati
577 2232 635 2288 sunt.
648 2238 764 2298 Appellare
777 2238 816 2286 hos
830 2258 882 2286 con-

101 2310 156 2359 ules
176 2332 188 2359 a
207 2312 347 2367 consulando,
373 2313 433 2371 quod
457 2313 605 2371 reipublicae
629 2313 772 2367 consulerent,
795 2313 883 2370 placuit.

60 2380 88 2429 30
102 2381 168 2430 Primi
182 2396 255 2431 autem
268 2384 366 2432 consules
380 2384 414 2432 illi
424 2382 512 2433 luerunt
525 2386 566 2443 ipsi
574 2386 644 2434 creati
656 2385 699 2443 qui·
708 2397 805 2434 auctores
819 2384 883 2432 liber·

100 2455 149 2503 tatis
164 2454 263 2514 publicae
274 2454 367 2511 luerant,
380 2457 406 2505 L.
423 2457 498 2506 lunius
511 2457 590 2506 Brutus
602 2470 624 2505 et
636 2457 661 2506 L.
674 2456 807 2515 Tarquinius
819 2455 883 2505 Cola-

99 2528 165 2583 tinus,
181 2529 297 2578 Lucreciac
305 2531 401 2578 maritus.
411 2530 460 2586 Eos,
469 2532 507 2589 qui
515 2544 563 2579 tum
571 2530 626 2579 lorte
634 2528 807 2589 praelectus'erat
815 2530 883 2585 urbis,

68 2694 70 2712 ³
97 2700 122 2739 16.
136 2702 176 2739 Fah.
189 2703 229 2741 Pict.
241 2701 285 2747 apud
298 2702 334 2740 Liv.
349 2702 361 2740 1.
375 2703 403 2740 44.
417 2681 448 2740 2.ῚῚ
482 2702 510 2740 23.
523 2703 560 2741 Liv.
573 2703 585 2741 1.
599 2703 627 2740 60.
642 2703 658 2740 3.
707 2750 712 2759 ⁴.

60 2798 202 2809 S-·-—-..

99 2857 132 2904 n.
147 2859 268 2907 ccxuur
284 2860 314 2914 (a
330 2859 353 2904 r.
367 2861 434 2906 trtius
451 2861 467 2910 1,
481 2861 513 2906 60.
527 2862 619 2917 aiam)
629 2839 656 2912 a,
668 2861 790 2908 cctxim
801 2862 882 2917 (simma

60 2919 152 2971 antrorum
163 2945 175 2969 α
182 2927 264 2971 siccone
271 2926 369 2982 datorum)
377 2926 411 2971 0².
459 2928 492 2972 28.
500 2928 520 2970 in
527 2945 602 2971 annum
610 2946 632 2973 ex
640 2930 698 2972 creati
706 2939 752 2972 sunt
762 2934 828 2974 statim
834 2945 885 2973 corr.
