2093 3253
144 172 193 220 334
442 193 443 198 ¹
455 186 548 218 sicconis
561 186 678 217 roueurom

144 333 145 336 ,
196 299 307 349 Ciceronis
322 301 373 348 odio
388 301 491 348 Clodium
506 313 594 359 repente
608 313 674 359 atque
688 299 725 348 illo
740 301 788 359 ipso
803 300 838 347 die
852 300 880 348 ad
894 299 980 358 plebem
1041 291 1045 368 i

145 398 152 426 χ
195 372 250 421 iacta
261 373 378 431 adoptione
388 374 517 422 traduceret.
529 373 645 432 Pompeius
656 372 853 432 quoqueCaesaris
864 373 931 431 'gratia
941 374 979 424 ista

146 483 149 486 Α
196 447 218 492 in
234 465 256 493 re
270 463 339 503 augur
353 444 402 495 luit.
418 446 521 495 Clodium
535 464 586 495 vero
601 446 711 504 adoptavit
726 445 749 493 P.
765 444 876 500 Fonteius,
892 465 903 493 e
918 445 980 505 plebe

196 518 278 568 iuvenis
291 518 382 578 quidem
393 539 462 567 annos
474 519 510 568 vix
521 532 570 568 turn
582 520 676 577 integros
689 518 733 566 XX
743 532 815 571 natus.
828 518 879 567 Erat
892 520 980 579 quidem
1008 522 1010 525 ⁵

169 591 181 640 5
198 612 266 649 prope
278 591 404 638 adolescens
419 592 522 639 Fonteius
537 592 659 649 Clodioque
672 592 727 638 adeo
741 592 812 638 minor
825 604 894 639 aetate
908 604 932 638 ut
943 595 980 650 qui

176 695 177 698 =
195 664 307 722 adoptaret
318 683 343 711 oc
351 677 411 723 pater
423 684 470 713 esse
482 677 570 713 naturae
582 664 702 713 imitatione
714 663 809 719 deberet,
818 664 836 712 is
845 682 913 722 prope
925 664 981 714 filius

195 737 352 795 esseadoptati
367 750 448 795 posset.

238 808 300 857 Plebs
315 821 389 856 autem
403 808 487 867 excepit
501 810 574 866 ipsum
588 809 661 857 lavore
676 809 745 856 multo
759 822 831 867 atque,
846 821 871 857 ut
885 810 981 866 primum

196 878 238 928 luit
253 881 305 936 dies,
320 881 434 930 tribunum
453 881 529 940 plebis,
544 882 576 930 uti
595 881 716 937 affectabat,
731 901 818 930 summo
837 902 944 931 consensu
957 904 981 932 ac

158 954 184 1001 10
199 955 297 1003 omnium
307 974 360 1003 voce
370 956 456 1003 creavit·
469 954 507 1004 Ille
516 973 568 1003 vero
578 955 750 1019 quamprimum
760 966 792 1003 est
802 954 981 1020 tribunusplebis

196 1046 236 1085 pro
251 1026 357 1075 desiderio
369 1027 495 1082 declaratus,
508 1027 534 1075 L.
546 1027 618 1074 Pisoni
629 1041 650 1075 et
661 1028 685 1075 P.
697 1026 799 1081 Gabinio,
811 1028 849 1085 qui
861 1039 921 1075 erant
933 1030 981 1076 novi

197 1099 296 1148 consules
311 1099 423 1157 designati,
432 1113 457 1148 ut
465 1113 538 1157 posset
546 1101 569 1148 in
578 1099 707 1148 Ciceronem
715 1099 783 1147 sevire
791 1099 886 1154 liberius,
895 1099 985 1148 loedere

197 1191 220 1218 se
235 1172 353 1226 coniunxit,
370 1184 445 1230 pactus
461 1190 536 1220 curare
551 1171 600 1220 loeo
615 1171 692 1230 premii
708 1171 769 1230 quod
784 1170 859 1230 populi
875 1171 981 1230 suffragiis
1043 1168 1045 1171 Α

150 1277 154 1282 ·
198 1244 318 1303 provincias
327 1257 376 1304 post
384 1244 521 1294 consulatum
529 1243 582 1294 alter
591 1244 751 1300 Macedoniam,
762 1244 816 1293 alter
828 1244 914 1303 Syriam
926 1245 982 1294 obti-

159 1318 184 1366 15
200 1331 267 1365 neret.
279 1317 357 1374 Neque
367 1337 419 1365 vero
429 1336 506 1375 parum
516 1318 552 1365 isti
563 1318 652 1366 oderant
663 1317 798 1371 Ciceronem,
810 1317 870 1375 quod
895 1317 982 1365 Gabinii

198 1390 299 1437 vitricum
312 1388 428 1437 Catilinam
441 1389 559 1448 depulisset
571 1389 632 1445 urbe,
646 1389 729 1438 Pisonis
742 1403 815 1439 autem
828 1390 982 1439 consobrinum

199 1463 333 1521 Caethegum
347 1475 371 1511 ut
386 1464 467 1521 patriae
482 1463 567 1512 hostem
581 1463 759 1523 proditoremque
773 1476 876 1512 necasset.
892 1463 982 1513 Clodius

198 1537 271 1593 itaque
286 1555 337 1584 cum
350 1537 468 1584 tribunicio
482 1537 608 1593 magistratu
622 1548 671 1584 tum
681 1536 788 1584 consulari
803 1548 909 1594 potestate
923 1535 982 1584 lavo-

199 1614 265 1665 reque
280 1606 349 1665 plebis
366 1621 388 1656 et
405 1608 544 1656 inimicorum
561 1607 672 1655 Ciceronis
689 1607 768 1655 auxilio
779 1606 854 1662 lretus,
865 1609 942 1655 acriter
958 1628 983 1655 ac

157 1672 186 1728 20
201 1681 313 1739 propalam
327 1679 428 1727 Ciceroni
442 1679 587 1727 comminatus
602 1692 641 1727 est.
660 1715 661 1718 ,

241 1752 323 1802 Verum
331 1774 359 1802 ne
365 1751 448 1801 clarum
456 1752 525 1801 civem
533 1752 671 1811 eundemque
679 1753 750 1801 virum
758 1749 893 1801 consularem
901 1753 983 1810 privato

155 1860 157 1864 »
200 1826 250 1874 odio
260 1825 362 1883 prosequi
373 1824 488 1881 videretur,
499 1825 582 1872 crimen
592 1823 672 1873 lalsum
682 1824 775 1872 induxit.
788 1824 864 1882 lpsum
873 1825 933 1872 enim
943 1825 983 1871 cri-

137 1909 139 1911 ’
200 1899 294 1945 minatus
309 1909 348 1950 est,
362 1895 423 1955 quod
436 1896 520 1943 iniussu
533 1895 608 1955 populi
622 1909 697 1944 contra
710 1896 767 1954 leges
781 1896 907 1954 peremisset
921 1896 984 1949 cives;

165 1993 167 1997 ’
200 1969 283 2028 legibus
297 1989 383 2028 nanque
397 1968 507 2027 prohiberi
521 1968 607 2017 dicebat
621 1969 710 2028 nequis
725 1969 861 2026 magistratus
876 1969 903 2017 de
917 1968 984 2027 capite

157 2041 186 2091 25
201 2042 253 2091 civis
262 2042 354 2090 Romani
365 2042 411 2089 sine
421 2040 496 2099 populi
507 2042 567 2090 iussu
577 2054 723 2099 cognosceret.
732 2042 834 2100 Denique
842 2060 904 2089 reum
913 2042 985 2100 ipsum

200 2114 276 2174 capitis
289 2133 335 2162 esse
347 2113 428 2169 dicens,
442 2113 502 2172 quod
514 2113 585 2163 verbis
597 2112 739 2171 periculosius
751 2133 776 2162 ac
788 2114 849 2172 peius
862 2127 914 2169 erat,
927 2114 984 2162 diem

200 2188 241 2236 sibi
251 2188 279 2236 ad
290 2186 403 2248 populum,
415 2200 439 2234 ut
449 2186 547 2235 solebant
558 2188 580 2237 in
591 2188 666 2247 capitis
677 2208 748 2243 causa,
759 2188 821 2237 dixit.
832 2187 903 2246 Vulgo
913 2200 985 2236 autem

200 2261 299 2310 iactabat:
314 2277 323 2300 <r
332 2260 355 2309 Si
368 2278 417 2308 reus
425 2258 522 2308 Catilina
534 2272 586 2315 erat,
598 2278 636 2309 eur
648 2261 722 2319 ipsum
733 2260 817 2315 Cicero,
831 2259 884 2309 dum
896 2273 951 2309 esset
964 2259 985 2307 in

200 2334 292 2388 civitate,
306 2333 359 2380 dum
372 2333 395 2380 in
408 2331 455 2380 loro
468 2346 489 2380 et
502 2333 560 2380 curia
573 2345 699 2386 versaretur,
713 2353 757 2380 non
770 2332 928 2391 deprehendit>
941 2331 986 2398 Cur

159 2406 188 2454 30
203 2404 286 2463 depulit
296 2405 366 2454 urbe?
378 2404 423 2453 Cur
434 2405 461 2452 de
472 2403 566 2453 Lentulo
577 2416 598 2452 et
609 2404 677 2463 captis
687 2404 783 2460 caeteris,
795 2404 812 2452 si
823 2417 883 2453 erant
894 2404 931 2459 rei,
942 2424 985 2452 non

200 2478 250 2526 tulit
265 2478 292 2526 ad
307 2477 429 2536 populum?
439 2494 448 2517 >³

243 2550 322 2608 Neque
337 2543 396 2598 vero*¹
404 2550 492 2598 deerant
507 2551 545 2608 qui
569 2570 620 2598 eum
643 2563 776 2598 excusarent.
802 2550 874 2598 Multa
898 2549 986 2608 quidem

201 2622 241 2672 hoc
256 2636 354 2682 tempore
370 2635 421 2672 sunt
436 2642 449 2671 a
464 2622 538 2672 multis
554 2622 612 2678 hinc,
628 2636 652 2672 ut
668 2622 699 2679 fit,
716 2623 852 2678 criminandi,
868 2624 919 2672 inde
935 2640 985 2682 pur-

201 2696 265 2755 gandi
277 2715 340 2746 causa
352 2695 417 2745 dicta.
429 2695 529 2760 Ciceroni
540 2709 614 2745 autem
625 2696 663 2755 qui
674 2695 804 2745 videbantur
814 2697 885 2751 amici,
898 2715 953 2755 pars,
966 2706 985 2741 et

159 2770 187 2818 35
203 2788 254 2817 cum
268 2769 301 2816 his
316 2768 439 2827 Pompeius,
455 2768 576 2827 periculum
587 2767 673 2817 nullum
682 2789 729 2817 esse
740 2767 847 2823 dicebant,
858 2786 907 2826 pars
918 2765 985 2815 haud-

203 2945 233 2990 l7.
247 2944 369 3002 (n)ec(asset)
385 2950 392 2988 ἰ
406 2963 422 2988 r.
477 2943 510 2990 33.
524 2943 622 2998 purgandi
637 2951 650 2990 i.
664 2963 687 2995 r.;
702 2952 744 2989 erut
759 2944 883 2989 criminandi.
