2093 3253
153 176 193 225 280
455 195 547 226 sicconis
560 189 677 227 roiaurour

196 330 266 370 usque
280 310 344 360 diem
357 310 443 375 assidue
463 308 571 366 coluisset
591 309 681 360 audivit.
703 289 811 359 Florebat
822 317 870 358 tum
889 310 978 365 Athenis

195 371 316 432 Antiochus
329 382 469 436 Ascalonttes
483 378 635 440 philosophus
635 395 768 441 tempestate
781 380 816 428 illa
830 382 929 431 omniurn
942 389 977 444 qui

141 477 142 480 ¹
195 468 267 504 essent
279 455 302 504 in
315 453 406 504 Graecia
419 441 553 514 clarissimus
562 474 587 503 ac
600 456 683 503 veteris
690 454 820 502 Academiae
833 453 977 508 nobilissimus

195 528 303 588 princeps
317 527 436 577 Renovavit
449 528 490 576 hoc
503 528 544 577 sub
558 528 660 587 magistro
672 541 738 588 atque
751 528 863 585 integrius
869 543 975 580 assecutus

169 602 182 651 5
198 615 230 650 est
244 618 300 661 quae
317 600 398 650 Romae
416 602 565 664 degustaverat
581 601 649 659 prius
666 600 758 650 Athenis
775 612 864 659 quoque
881 600 944 649 hoc
939 617 978 654 rsto
1033 597 1038 630 ’ἶ

141 697 145 701 <
170 687 294 735 tempore
305 694 328 724 se
338 674 399 734 apud
410 673 548 724 Demetrium
561 673 647 733 Syrum,
659 686 755 723 veterem
767 693 806 723 nec
818 672 936 763 ignobilem
947 677 978 724 di
1036 678 1038 697 ³

196 747 259 796 cendi
276 747 409 806 magistrum,
426 746 528 795 exercuit

241 820 302 870 lnde
300 832 353 880 post
363 833 448 869 exactos
458 840 494 869 sex
504 840 589 869 menses
599 819 712 869 discedens
726 840 814 869 omnem
829 819 905 869 Asiam
920 841 978 880 pera·
1039 851 1041 853 ·

197 895 265 951 gravit
273 907 295 942 et
302 913 358 952 quos
365 893 448 941 audivit
456 912 550 951 usquam
558 912 605 941 esse
613 905 707 940 oratores
716 893 784 940 claros
789 892 866 941 adivit.
875 892 978 943 Omnium
1039 931 1041 933 ·

144 965 185 1014 lo
200 965 321 1025 principem
340 966 444 1014 memoria
463 964 498 1014 illa
518 965 658 1025 Menyppum
677 966 848 1016 Stratoniensem
866 978 912 1014 tota
930 967 979 1016 Asia
1037 973 1043 979 ”

197 1038 318 1098 reputabat.
326 1036 444 1087 Exercebat
452 1059 475 1088 se
483 1044 571 1099 quoque
584 1038 653 1089 libens
661 1060 713 1089 cum
720 1061 746 1088 eo
754 1038 873 1096 Dyonisius
883 1038 979 1098 Magnes.

152 1141 153 1144 ¹
197 1113 278 1161 Aderat
288 1113 353 1161 etiam
364 1111 454 1160 Esculus
466 1111 556 1161 Evidius
567 1126 588 1161 et
599 1113 749 1161 Adramitinus
759 1112 873 1160 Xenocles.
887 1111 980 1161 illustres

198 1184 233 1232 isti
245 1197 339 1232 oratores
351 1195 411 1231 erant
423 1196 444 1232 ct
455 1196 501 1232 tota
512 1185 536 1233 in
546 1185 598 1233 Asia
609 1197 659 1233 ante
670 1183 723 1233 alios
734 1183 885 1242 perflorebant.
1039 1180 1043 1248 J

242 1256 345 1305 Rhodum
364 1256 421 1311 inde,
442 1257 503 1315 quod
522 1257 551 1311 hi,
571 1278 705 1315 quamquam
724 1257 818 1305 nominis
837 1255 894 1304 lama
911 1271 980 1311 essent

143 1350 145 1353 ’
157 1331 184 1379 15
200 1328 279 1388 egregii
288 1340 310 1378 et
319 1328 343 1376 in
352 1327 403 1376 Asia
412 1340 502 1377 cunctos
513 1328 646 1385 excellerent,
658 1329 708 1377 satis
718 1341 791 1377 tamen
802 1327 878 1377 melius
888 1328 981 1387 cupienti

199 1421 243 1451 non
253 1400 355 1456 lacerent,
364 1400 498 1460 demigravit.
507 1401 649 1452 Posidonium
659 1401 697 1451 ‘hie
709 1401 791 1452 audivit
804 1402 827 1451 in
840 1401 980 1461 philosophia,
1042 1394 1045 1449 ἶ

199 1477 291 1524 oratoria
305 1492 356 1524 vero
366 1475 389 1522 in
399 1493 422 1522 re
431 1476 570 1533 purgandum
580 1496 603 1524 se
612 1488 677 1535 atque
688 1513 694 1529 ,
705 1488 729 1524 ut
740 1476 782 1523 dici
793 1475 854 1529 solet,
865 1493 981 1535 recoquen-

142 1566 144 1572 ⁸
199 1548 254 1596 dum
267 1546 384 1606 Apollonio
395 1546 488 1601 Moloni,
499 1567 566 1606 quem
577 1548 787 1601 audiveratRomae,
800 1546 867 1596 dedit.
878 1547 982 1596 Demora·

200 1620 263 1671 batur
275 1617 404 1679 Apollonius
418 1618 490 1668 Rhodi
504 1634 525 1669 et
538 1622 598 1679 apud
611 1633 705 1668 oratores
719 1621 846 1679 laudabatur
860 1633 881 1668 et
895 1619 982 1669 excelle*
1045 1607 1047 1649 ἓ

143 1705 148 1718 ”
157 1694 187 1744 ΖΘ
201 1694 239 1743 bat
253 1713 344 1748 summe,
353 1692 413 1751 quod
419 1706 475 1742 esset
482 1713 539 1742 unus
547 1695 593 1753 ipse
600 1694 638 1753 qui
645 1712 705 1742 veras
713 1713 787 1742 causas
795 1706 815 1742 et
822 1705 895 1752 ageret
902 1694 983 1752 egregie

200 1781 222 1816 et
236 1767 339 1821 scriberet
351 1765 459 1819 delimate,
472 1767 524 1814 vitia
535 1786 587 1815 vero
599 1787 654 1825 quae
666 1767 689 1813 in
702 1787 813 1825 quoquam
825 1779 903 1820 essent,
917 1767 934 1813 si
947 1767 982 1814 da·
1044 1753 1046 1770 Ι

200 1851 274 1887 rentur
283 1838 384 1892 videnda,
396 1838 540 1886 minutissime
551 1838 699 1898 percribraret‚
711 1837 734 1887 in
745 1837 844 1887 docendo
854 1851 927 1887 autem
937 1858 983 1887 cae·
1044 1893 1047 1910 ἰ

199 1925 257 1961 teros
271 1911 368 1962 anteiret.
381 1910 429 1960 Hoc
441 1911 506 1970 igitur
517 1912 619 1970 magistro
630 1912 756 1972 quantisper
767 1910 844 1960 Cicero
855 1933 907 1960 usus
918 1933 983 1972 quam
1045 1947 1047 1975 f

200 1985 290 2034 nimiam
304 1983 471 2033 redundantiam
485 1997 507 2032 et
522 1985 573 2033 vitia
588 1986 610 2032 in
626 1985 719 2032 dicendo
734 1984 813 2032 habere
828 1984 916 2032 iuvenili
931 2005 982 2042 qua·

158 2058 186 2106 25
202 2057 253 2105 dam
267 2056 352 2105 licentia
363 2067 384 2104 et
395 2055 524 2114 impunitate
535 2055 618 2105 solebat
629 2055 702 2105 studio
714 2055 778 2104 huius
789 2075 814 2103 ac
825 2054 936 2114 diligentia
946 2076 983 2116 po-

144 2139 147 2148 *
200 2129 250 2195 suit.
268 2128 288 2177 ls
303 2147 390 2187 nanque
403 2127 477 2186 ipsum
491 2127 722 2177 moderatioremtecit
735 2148 760 2177 ac
775 2127 841 2177 veluti
855 2142 914 2177 extra
928 2130 983 2187 ripas

201 2200 333 2250 defluentem
342 2200 439 2249 adhibita
450 2199 496 2259 lege
506 2200 601 2259 quadam
611 2201 713 2251 inhibuit.
725 2201 810 2258 Rogatu
821 2202 867 2250 eius
878 2200 982 2268 declama·

201 2276 231 2324 vit
246 2274 323 2323 Cicero
335 2274 402 2332 idque
413 2272 465 2322 lecit
478 2272 567 2323 Graece.
580 2273 617 2324 Sic
629 2274 688 2323 enim
698 2272 815 2333 Apollonio
827 2273 984 2334 placuit3*'quod

201 2349 247 2405 ipse
261 2368 286 2396 ac
300 2346 378 2396 caeteri
398 2347 435 2405 qui
454 2347 483 2394 ad
502 2367 553 2394 eum
572 2347 706 2395 audiendum
725 2347 822 2396 studiose
841 2357 984 2411 convenerant

159 2422 188 2472 30
203 2420 269 2483 nescii
281 2419 353 2470 Latini
364 2419 469 2469 sermonis
481 2432 559 2470 essent.
572 2418 649 2485 Cicero
660 2420 733 2483 itaque
744 2430 831 2470 causam
842 2420 883 2470 illis
894 2419 985 2470 similem

201 2510 256 2553 quae
271 2507 342 2560 essent
353 2509 402 2541 vere
413 2505 434 2540 et
445 2494 468 2540 in
479 2486 598 2552 toieapud
608 2489 690 2542 iudices
701 2505 822 2551 agerentur,
833 2494 865 2543 uti
877 2493 942 2552 exigit
952 2508 984 2539 ra*

200 2568 232 2615 tio
246 2565 388 2620 declamandi,
404 2566 497 2623 sumpsit
511 2580 602 2624 eamque
616 2567 646 2613 ita
660 2566 703 2623 egit
716 2579 741 2614 ut
756 2567 793 2624 qui
807 2567 897 2614 aderant
910 2583 984 2613 omnes

146 2671 147 2674 =
178 2656 180 2661 ·
200 2639 235 2687 alii
250 2639 303 2687 alios
319 2638 427 2687 intuentes
443 2638 539 2696 primum
554 2638 613 2687 taciti
629 2631 778 2696 obstuperent,
795 2638 874 2686 deinde
889 2637 985 2687 certatim

201 2712 230 2760 ita
244 2710 356 2759 laudarent
365 2710 437 2767 ipsum
446 2722 470 2757 ut
479 2710 578 2757 omnium
587 2730 642 2769 quos
651 2709 761 2758 audissent
770 2730 867 2769 unquam
881 2721 985 2758 oratorem

160 2784 187 2835 35
204 2784 405 2844 eloquentissimum
416 2803 463 2833 esse
474 2782 592 2833 laterentur
603 2778 741 2844 eundemque
752 2784 840 2833 caeteris
854 2803 985 2844 praeponen-

202 2963 257 3013 &Ex
264 2963 397 3012 Achademiae
405 2983 454 3010 corr.
509 2965 541 3011 30.
548 2962 579 3012 Ex
587 2964 657 3011 Latine
664 2984 713 3011 corr.
768 2965 800 3011 31.
807 2977 846 3010 et...
854 2964 946 3022 iudices)
952 2968 987 3009 tr.
