2093 3253
241 141 373 177 scurronum
387 122 512 175 rrnusmiun
525 153 539 159 -
553 141 611 173 narn
624 141 669 173 rm.
823 120 866 171 ⁴353

80 259 123 320 peii
139 272 160 307 et
174 259 284 307 bonorum
297 257 378 307 civium
391 257 490 306 omnium
504 256 621 313 voluntate,
636 257 708 315 posuit
722 256 771 306 odia
785 256 867 315 privata

30 350 32 353 ·
81 353 121 382 nec
137 331 203 381 modo
218 351 262 380 non
276 326 400 380 adversatus
411 342 444 379 est
454 330 496 388 legi
502 329 608 380 ferendae
618 324 658 379 sed
668 342 692 379 ut
703 328 795 387 terretur
805 328 866 378 adiu-

80 421 115 455 tor
129 404 223 464 collegae
237 425 262 453 ac
276 404 328 463 legis
344 400 449 463 ascriptor
463 403 513 454 tuit.
526 403 578 453 Erat
588 404 616 461 Q.
628 402 731 453 Metellus
747 403 787 452 iste
802 402 868 452 frater

13 522 15 524 ,
82 477 139 525 illius
154 476 222 535 ipsius
245 476 329 525 Metelli
349 476 387 535 qui
406 476 508 525 tribunus
528 476 597 534 plebis
617 476 734 525 abeuntem
754 474 867 523 consulatu

28 573 30 576 ’
56 554 69 603 5
82 551 213 602 ,Ciceronem
228 546 350 599 concionari
365 550 394 598 acl
409 549 522 609 populum,
539 564 563 599 ut
580 549 703 604 memoravi,
720 548 839 608 prohibuit.

124 624 227 681 Princeps
241 636 315 671 autem
325 636 412 671 senatus
424 623 451 672 L.
463 622 528 671 Cotta
547 623 676 672 sententiam
687 622 750 670 dixitz-
760 634 834 670 actum
845 622 867 668 in

83 696 212 743 Ciceronem
225 695 292 743 luisse
306 688 359 743 nihil
373 696 426 748 iure,
441 694 495 743 nihil
509 695 599 753 legibus,
615 694 668 743 nihil
683 713 743 742 more
756 693 867 750 instituto·
922 722 924 724 ·

83 789 127 828 que
141 768 257 829 maiorum„
267 768 327 826 quod
339 767 447 826 depellere
458 767 544 816 civitate
556 787 693 827 quemquam·
700 780 721 815 et
733 766 829 816 iudicare
840 767 868 814 de

83 842 153 900 capite
162 841 214 889 civis
222 841 314 889 Romani
326 840 496 900 haudquaquam
506 841 594 889 tribuno
605 842 627 889 ni
639 840 763 889 centuriatis
771 840 867 888 comiciis

34 913 71 966 lll
86 914 187 962 licuisset.
199 913 271 970 Quam
284 932 335 963 vero
348 913 418 971 legem
431 913 516 962 tulisset
527 913 624 977 Clodius,
639 934 687 962 eam
701 913 790 962 minime
797 911 867 970 legem

84 987 122 1034 sed
136 986 181 1034 vim
196 1005 242 1049 esse
256 1005 282 1033 ac
295 985 406 1033 flammam
422 998 534 1044 quassatae
545 986 579 1033 rei
595 984 695 1043 publicae
709 984 867 1043 appellandam

85 1078 156 1118 neque
170 1057 304 1106 censendum
318 1057 447 1106 Ciceronem
461 1059 508 1106 iure
522 1057 611 1116 pulsum
625 1057 679 1106 urbe
693 1062 769 1106 verum
783 1069 868 1116 pertur-

84 1133 134 1180 bato
148 1144 246 1190 tempore
257 1131 347 1190 iureque
357 1143 386 1179 ac'
392 1131 477 1180 iudiciis
488 1148 526 1189 per
536 1131 582 1179 vim
592 1129 682 1187 sublatis
692 1130 805 1178 secessisse
815 1150 868 1189 pau·

84 1205 130 1252 lum
137 1223 162 1252 ac
171 1202 279 1261 defugisse
286 1203 386 1252 consulto
393 1203 532 1265 tribuniciam
539 1197 697 1262 tempestatem,
706 1224 734 1251 ne
742 1203 779 1261 qui
785 1203 868 1257 consul,

46 1278 71 1328 l5
86 1277 181 1332 inermis,
196 1284 281 1335 togatus
295 1288 342 1326 rem
355 1276 465 1336 publicam
479 1297 491 1325 e
504 1276 604 1329 manibus
618 1276 761 1326 Catilinaeac
774 1276 869 1336 perdito-

85 1370 134 1400 rum
148 1351 229 1400 civium
242 1351 339 1406 eruisset,
365 1350 484 1406 liberasset,
510 1364 664 1406 conservasset,
690 1351 749 1399 idem
773 1351 869 1409 privatus

84 1442 143 1471 arma
158 1436 252 1471 sumeret
263 1443 288 1470 ac
300 1423 420 1471 resistendo
431 1422 549 1471 tribunicio
561 1422 629 1470 furori
641 1434 741 1470 senatum
752 1421 869 1481 populum·

87 1515 130 1554 que
145 1494 269 1543 Romanum
281 1515 306 1543 ac
318 1495 396 1543 urbem
409 1496 432 1542 in
445 1495 578 1543 sedicionem
591 1507 612 1543 et
625 1493 763 1553 naulragium
774 1494 870 1548 duceret;
895 1529 898 1535 -

87 1567 178 1626 proinde
192 1567 334 1616 iudicandum
357 1566 486 1617 Ciceronem
508 1567 578 1616 civem
602 1567 710 1625 optimum
732 1567 870 1627 eundemque

46 1641 74 1688 20
89 1640 171 1698 optime
179 1640 206 1688 de
214 1645 296 1694 senatu,
306 1640 333 1688 de
341 1640 424 1699 populo
432 1640 537 1695 Romano,
547 1642 574 1689 de
582 1659 605 1688 re
613 1640 699 1699 publica
708 1640 809 1689 meritum
816 1646 869 1694 esse,

87 1732 126 1759 nec
141 1713 290 1761 reducendum
309 1713 380 1761 solum
399 1713 438 1760 sed
457 1713 548 1761 decretis
568 1713 634 1760 etiam
652 1712 790 1770 amplissimis
809 1731 870 1761 exor-

86 1785 190 1835 nandum.

128 1856 191 1906 Hane
206 1857 232 1907 L.
248 1857 325 1907 Cottae
339 1858 468 1908 sententiam
478 1857 593 1917 Pompeius
609 1858 712 1917 primum,
729 1858 808 1907 deinde
823 1878 871 1907 cae·

87 1931 127 1977 teri
140 1950 166 1978 ex
178 1930 254 1978 ordine
266 1929 391 1989 singulatim
403 1931 471 1988 rogati
484 1931 530 1990 sine
543 1930 586 1979 ulla
598 1930 700 1980 varietate
712 1930 827 1979 laudarunt
839 1944 871 1979 at-

47 2003 74 2051 25
89 1995 132 2061 que
146 2003 214 2052 secuti
224 2014 281 2052 sunt.
292 2003 380 2063 Quippe
390 2003 425 2053 die
434 2004 482 2062 ipso
492 2022 525 2053 res
534 2001 630 2062 perlecta
638 2014 701 2058 esset,
712 2003 734 2052 ni
744 2025 771 2052 ex
778 2002 872 2053 tribunis
885 2054 886 2057 ,

88 2096 145 2124 unus
160 2076 226 2125 modo
237 2075 370 2134 impediendi
382 2076 455 2125 studio
465 2076 494 2125 ad
506 2076 671 2125 deliberandum
682 2076 792 2135 proximae
803 2077 872 2126 noctis

88 2148 185 2197 inducias
200 2147 336 2205 postulasset.
349 2149 369 2197 ls
381 2159 467 2207 nanque
478 2149 583 2197 Cicerone
593 2148 682 2197 consule
696 2160 796 2214 quaestor
806 2148 872 2196 bene·

88 2219 142 2268 ficiis
157 2220 185 2268 ab
200 2241 225 2284 eo
239 2219 310 2268 fuerat
324 2234 446 2269 exornatus
462 2221 511 2269 Hoc
525 2240 576 2269 vero
590 2234 688 2280 tempore
703 2241 754 2269 cum
768 2221 873 2268 beneficio

90 2292 170 2341 referre
184 2293 314 2342 beneficium
329 2313 368 2342 sua
383 2307 461 2352 sponte
475 2314 500 2343 ac
516 2294 583 2351 libere
599 2293 715 2348 debuisset,
731 2293 788 2343 flecti
803 2295 873 2351 preci-

49 2363 76 2411 30
91 2363 132 2413 bus
147 2364 218 2423 potuit
235 2363 300 2413 nullis
317 2365 383 2414 homo
400 2366 495 2423 ingratus
513 2385 537 2414 ac
555 2366 657 2425 perfidus,
675 2386 726 2414 cum
743 2365 806 2415 multi
823 2386 874 2415 eum

89 2436 140 2486 clari
155 2437 195 2486 viri
210 2436 370 2503 Pompeiusque
379 2458 404 2487 ac
414 2450 501 2487 senatus
510 2451 569 2487 totus
579 2450 691 2487 exorarent
700 2460 728 2487 ne
737 2456 784 2487 rem
791 2450 874 2487 tantam

70 2522 71 2525 ’
89 2523 178 2569 tamque
193 2510 275 2569 gratam
296 2511 397 2561 omnibus
419 2513 541 2571 impediret.
564 2513 672 2571 Dillatum
693 2514 766 2572 itaque
786 2514 809 2560 in
829 2513 876 2561 dies

91 2582 171 2638 plures.
185 2583 287 2631 Tandem
298 2590 349 2632 vero
361 2590 437 2632 senatu
449 2586 472 2632 in
486 2585 543 2632 lovis
555 2585 632 2632 aedem
643 2597 719 2632 vocato
731 2605 776 2632 uno
787 2583 824 2631 illo
835 2584 874 2631 tri-

75 2652 150 2704 buno
165 2654 236 2704 solum
252 2674 278 2703 ac
295 2656 443 2715 nequicquam
458 2668 534 2706 contra
551 2656 631 2706 multos
647 2657 773 2707 adversante
789 2669 886 2706 senatus>

51 2724 79 2774 35
94 2729 218 2798 consultum
239 2730 262 2776 in
285 2748 351 2787 quam
373 2730 417 2777 dixi
439 2730 568 2779 sententiam
590 2730 615 2778 L.
634 2729 712 2778 Cottae
732 2728 815 2778 lactum
835 2725 875 2778 est.

52 2847 194 2858 Ἢ-

87 2913 103 2951 6.
116 2915 152 2953 Cic.
165 2916 206 2955 Sest.
220 2918 249 2953 73.

88 3061 110 3098 23
