2093 3253
250 198 382 229 SCRIPTORUM
396 197 523 228 ILLUSTRIUM
535 209 549 214 -
563 198 621 228 LIBER
636 199 660 229 11.
841 184 863 230 51

84 313 200 362 Manubias
215 325 263 360 turn
279 311 416 370 appellabant
433 312 514 359 Romae
530 325 613 369 partem
629 312 688 371 illam
704 312 795 370 praedae
812 331 868 370 quae

83 385 181 433 hostibus
196 384 286 431 devictis
296 397 333 431 aut
342 383 444 431 colendos
453 384 482 431 ad
491 384 542 430 deos
552 397 589 432 aut
598 383 744 431 exornandam
753 384 781 430 ad
790 383 868 431 urbem

82 457 217 517 imperatoris
231 456 320 505 arbitrio
337 456 459 506 deberetur.
478 455 584 505 Catonern
601 465 659 511 vero,
677 455 789 506 Sardiniae
806 475 868 515 prae·

83 544 153 578 torem
167 550 192 577 ac
206 548 274 586 prope
288 531 332 576 iam
346 549 427 583 senem,
443 530 530 590 Latinas
545 529 625 591 litteras
638 530 721 578 docuit.
737 529 868 577 Litterarum

57 603 69 651 5
86 602 181 660 denique
196 601 267 648 studia
283 621 368 649 summe
384 601 450 649 coluit
467 600 557 650 Ennius.
573 602 663 649 Annum
679 601 769 659 quidem
784 600 868 658 agebat,

83 688 108 724 ut
122 675 187 724 tradit
201 674 277 730 Varro,
286 674 329 723 Vll
339 694 364 723 ac
373 673 414 722 LX
423 695 474 735 cum
482 674 562 723 librum
571 675 609 734 qui
619 687 651 723 est
659 674 777 723 Annalium
786 673 869 722 duode-

84 749 153 797 cimus
166 747 276 797 scriberet.
288 748 348 796 Vixit
360 768 427 797 annos
441 748 511 797 LXX.
525 747 622 797 Mortem
634 760 708 797 autem
720 748 775 803 obiit
788 747 869 796 Rornae
898 778 899 781 =

52 836 54 838 ·
84 820 190 868 articulari
206 820 283 868 morbo
294 819 403 877 Caepione
414 833 435 867 et
445 819 546 877 Philippo
556 821 636 868 iterum
647 820 780 870 consulibus.
791 818 869 876 Sepul-

83 906 131 941 tum
142 893 215 951 ipsum
225 892 297 951 Appia
307 892 341 941 via
352 893 408 940 intra
419 893 515 951 primum
525 891 553 939 ab
564 892 618 940 urbe
630 887 779 940 miliarium'in
791 912 869 939 monu-

45 967 71 1015 10
87 966 166 1014 mentis
180 965 308 1023 Scipionum
322 964 429 1014 affirmant
444 965 541 1024 quidam.
556 965 662 1013 Nonnulli
674 965 747 1013 delata
761 985 809 1012 ossa
823 965 869 1012 eius

84 1050 110 1086 ex‘
126 1038 221 1087 laniculo
239 1037 320 1086 Rudias
336 1050 402 1096 atque
418 1058 470 1086 cum
486 1039 580 1096 paternis
597 1037 700 1100 collocata
717 1038 800 1086 dicunt.
817 1037 869 1096 Epi-

85 1130 180 1168 gramma
190 1131 255 1158 suum
264 1111 306 1158 hoc
315 1130 361 1158 esse
370 1109 446 1159 fertur:
456 1127 465 1150 «
474 1110 546 1158 Nemo
556 1131 590 1158 me
600 1100 693 1158 laeriinis
703 1111 794 1158 decoret
799 1131 870 1169 neque

84 1182 136 1233 fletu
145 1182 222 1232 lunera
230 1181 291 1233 laxit.
298 1200 306 1224 >¹
317 1183 342 1233 ld
350 1196 441 1238 constat,
450 1195 544 1232 statuam
552 1183 592 1232 sibi
602 1184 658 1232 inter
666 1183 770 1242 imagines
778 1182 870 1232 Cornel-

85 1257 123 1304 lias
138 1257 221 1315 magnis
234 1269 256 1304 et
269 1257 403 1305 marmoratis
417 1277 468 1304 cum
481 1256 581 1305 laudibus
595 1269 688 1304 erectam
700 1262 754 1310 esse.
765 1257 870 1306 'Doctum

47 1332 71 1380 l5
87 1332 159 1388 ipsum
174 1343 260 1389 poetam
268 1352 293 1379 ac
301 1332 365 1388 longe
374 1350 439 1389 supra
447 1351 513 1389 quam
521 1344 577 1379 esset
586 1331 725 1379 excellentem
734 1344 755 1379 et
763 1332 810 1389 ipsa
818 1332 870 1380 urbs

86 1404 155 1452 Roma
167 1418 189 1452 et
201 1406 272 1452 omnis
287 1404 347 1453 ltalia
360 1405 474 1462 reputavit.
487 1404 531 1452 Sed
544 1405 594 1462 plus
607 1404 687 1462 ingenii
700 1424 767 1463 quam
779 1405 830 1453 artis
842 1406 871 1454 ad

86 1477 169 1534 poesim
184 1477 303 1534 peritorum
313 1477 419 1524 sententia
429 1476 511 1524 habuit.
522 1475 676 1524 Excitabantur
685 1476 775 1534 quidem
784 1477 870 1535 ingenia

85 1564 154 1600 aetate
163 1549 199 1597 illa
209 1549 249 1606 (sic
259 1568 352 1608 auguror
362 1562 414 1597 tunc
424 1549 546 1606 volentibus
557 1549 630 1607 caelis)
639 1549 667 1597 ad
677 1549 757 1601 litteras
768 1562 789 1598 et
799 1550 870 1600 studia

87 1638 207 1682 poetarum,
222 1623 260 1671 sed
273 1624 324 1672 artis
338 1636 382 1671 erat
395 1629 479 1682 parum,
494 1623 554 1682 quod
566 1622 603 1671 illo
617 1623 740 1673 studiorum
763 1624 870 1683 principio

45 1698 73 1745 20
89 1697 164 1752 Roma,
175 1710 200 1745 ut
210 1696 262 1752 dixi,
273 1697 381 1745 doctrinas
391 1696 460 1745 nullas
471 1696 521 1744 satis
532 1699 659 1754 expurgatas
669 1696 764 1745 baberet.
775 1696 871 1745 Ennium

86 1770 175 1827 quidem
185 1769 261 1817 rudem
271 1769 337 1817 luisse
347 1768 424 1817 Cicero
430 1769 498 1817 tradit
507 1768 570 1826 plane
579 1769 601 1815 in
611 1789 635 1816 ea
644 1769 690 1826 ipsa
700 1771 796 1817 oratione
805 1789 870 1827 quam

87 1862 127 1900 pro
141 1842 168 1891 Α.
184 1841 269 1890 Licinio
282 1841 361 1890 Archia
374 1854 438 1900 poeta
450 1841 478 1889 ad
491 1841 572 1889 iudices
586 1841 669 1889 habuit.
683 1841 770 1891 Rudem
782 1862 870 1905 quoque
906 1845 908 1861 ²

54 1924 56 1926 ’
86 1929 130 1964 arte
145 1915 212 1963 luisse
227 1915 300 1973 ipsum
314 1915 353 1963 sed
366 1916 453 1973 ingenio
468 1915 587 1963 maximum
601 1915 675 1962 scribit
690 1914 757 1964 Naso.
771 1915 871 1964 Adoran-

87 1988 145 2036 dum.
155 2009 206 2036 eum
220 1988 252 2035 uti
268 2006 338 2035 sacros
352 2000 457 2035 vetustate
470 1988 537 2040 lucos,
551 1988 574 2034 in
588 1988 668 2044 quibus
681 1989 769 2044 grandia
782 2001 803 2035 et
815 1989 871 2036 anti-

45 2059 73 2108 25
88 2080 131 2117 qua
146 2072 196 2108 sunt
207 2060 291 2115 robora,
302 2079 358 2118 quae
368 2079 412 2107 non
422 2071 504 2108 tantam
514 2059 594 2107 habent
605 2060 699 2118 speciem
709 2066 812 2119 quantam
822 2060 871 2108 reli-

86 2133 180 2190 gionem,
190 2131 319 2198 Quintiliani
329 2144 350 2180 et
360 2132 465 2180 sententia
475 2143 496 2181 et
505 2130 570 2181 uerba
580 2144 638 2180 sunt.
649 2130 727 2180 Libros
736 2144 810 2180 autern
819 2153 871 2192 poe·

86 2218 120 2253 tae
134 2206 199 2253 buius
211 2225 263 2252 cum
274 2205 379 2253 lectitaret
393 2204 457 2253 Maro
469 2218 490 2252 et
502 2204 556 2263 quid
568 2218 639 2264 ageret
651 2219 768 2263 rogaretur,
781 2211 871 2264 respon-

87 2277 125 2332 dit,
141 2277 243 2325 «Aurum
263 2298 275 2324 e
295 2290 394 2325 stercore.
408 2277 493 2335 colligo,
504 2294 513 2316 t>
533 2277 655 2335 significans
675 2277 736 2335 quod
755 2278 871 2326 sententias

87 2363 150 2408 poeta
163 2348 246 2397 Ennius
260 2369 334 2408 graves
347 2370 373 2397 ac
386 2350 485 2409 optimas,
500 2354 600 2417 ornatum
613 2368 664 2397 vero
678 2349 762 2398 nullum
776 2349 871 2400 baberet.

45 2422 73 2470 30
88 2421 190 2482 Nigidius
197 2441 249 2473 vero
256 2422 352 2481 Figulus,
361 2423 393 2471 vir
401 2423 504 2471 memoria
512 2443 550 2471 sua
558 2423 695 2471 doctissimus
702 2436 767 2481 atque
775 2423 809 2473 Μ.
817 2423 871 2472 Var-

86 2497 133 2543 roni
146 2495 265 2543 multorum
277 2496 358 2543 iudicio
370 2496 530 2554 adaequandus,
543 2496 566 2543 in
579 2516 604 2543 eo
616 2495 672 2543 libro
685 2515 750 2552 quem
763 2496 790 2543 de
802 2498 872 2554 poetis

87 2567 179 2632 scripsit,
194 2565 291 2615 Ennium
301 2579 387 2625 poetam
398 2567 456 2616 hunc
466 2567 560 2615 comicos
570 2567 626 2616 inter
636 2580 710 2625 poetas
720 2567 823 2616 ultimum
832 2589 872 2618 nec

87 2641 176 2698 quidem
191 2639 300 2698 dignitatis
313 2660 376 2688 causa
389 2641 427 2689 sed
438 2640 572 2698 antiquitatis
584 2652 719 2689 annumerat.
734 2639 773 2701 Illo
786 2660 873 2700 nanque

80 2790 97 2826 6.
110 2793 156 2829 Varr.
168 2792 212 2836 apud
221 2791 264 2828 Gell.
273 2791 328 2829 XVll.
338 2791 366 2828 21.
376 2791 404 2827 45.
456 2791 482 2827 12.
491 2790 533 2827 Enn.
543 2792 587 2835 apud
595 2791 631 2829 Cic.
641 2793 665 2829 De
674 2792 712 2829 Sea.
721 2793 749 2830 73.
799 2793 827 2829 21.
836 2793 873 2831 Cic.

46 2850 93 2889 Aret.
107 2853 129 2890 22
142 2854 202 2896 (rudem
215 2852 269 2896 codd„
282 2852 361 2891 Rudinum
373 2852 424 2898 edd).
474 2852 502 2889 23.
519 2852 552 2890 Ov.
570 2852 617 2890 Trisl.
636 2852 658 2890 ll.
676 2853 715 2890 424.
770 2855 792 2891 26
815 2854 873 2898 Quint

45 2911 84 2948 lust.
103 2915 125 2952 Χ.
147 2915 160 2951 l.
181 2914 209 2951 ὃὸ.
265 2915 293 2952 27.
312 2915 360 2957 Verg.
379 2915 423 2958 apud
442 2915 467 2952 Ps.
487 2913 548 2951 Donat.
567 2914 696 2960 (Reifferscheid,
713 2915 785 2959 Sueten,
802 2932 818 2960 p.
836 2915 873 2963 67).

47 2971 75 3008 30.
87 2974 172 3012 Vulcacius
186 2975 267 3018 Sedigitus
280 2977 318 3020 (non
331 2974 406 3018 Nigidius
420 2975 494 3020 Figulus)
506 2975 551 3019 apud
564 2975 606 3013 Gell.
620 2977 656 3014 XV.
670 2976 698 3013 24.
713 3005 715 3008 .
