2093 3253
146 264 188 313 504
342 306 344 309 .
445 279 540 311 srccours
554 280 671 312 Potamon!

186 392 283 452 publicas
299 394 368 441 tenuit
384 406 405 440 et
421 393 529 452 premium
544 393 571 441 de
587 392 675 451 publico
691 393 773 443 habuit.
789 394 877 454 Quippe
892 395 972 445 Domi·
1044 389 1046 403 ³

187 466 242 515 ciani
250 464 360 517 familiaris
368 465 409 515 luit
417 479 438 515 et
446 467 507 515 datos
515 466 556 515 sibi
564 487 619 526 quos
627 465 662 516 ille
669 467 762 517 habebat
770 489 796 517 ex
803 487 876 518 sorore
883 482 973 529 nepotes
1016 519 1019 520 γ
1046 515 1047 518 ,

187 538 268 587 litteras
281 539 362 587 docuit.
377 539 474 587 Uxorem
486 557 537 587 vero
550 539 610 587 omni
623 539 681 597 (utar
693 541 818 589 testimonio
831 541 881 600 suo)
893 543 973 591 virtute
1043 559 1047 597 32

158 657 160 659 .
188 611 274 671 plenam
285 611 368 661 habuit.
380 612 424 661 Sed
435 612 471 661 illa
482 612 565 661 iuvenis
576 632 658 661 annum
669 634 738 662 unum
749 614 777 663 de
787 614 830 663 XX
840 634 906 674 agens
916 615 972 665 filios
1046 609 1047 652 Ῐ

162 686 175 734 5
190 685 273 742 peperit
285 686 340 733 duos
352 705 447 747 moxque
457 685 501 733 vita
512 684 615 733 defuncta
626 699 666 733 est.
678 685 783 734 Filiorum
794 700 867 735 autem
878 688 973 745 quierat
1044 678 1046 727 2

188 755 259 805 minor
274 756 332 806 haud
347 755 427 806 multos
442 776 527 806 menses
541 770 591 815 post
606 770 697 807 matrem
711 756 770 808 vixit.
785 757 846 809 Alter
860 778 918 815 vero,
934 759 972 819 qui
1044 770 1047 816 j

187 842 256 877 aetate
265 830 333 879 maior
342 842 404 884 esset,
415 829 474 878 diem
482 829 544 883 obitu
553 850 618 878 suum
626 830 737 879 decimum
745 844 798 879 tunc
806 832 883 889 agebat
891 852 974 881 annum
1044 840 1047 889 {

188 921 294 959 spemque
305 902 410 960 optimam
422 900 502 955 indole,
514 902 608 959 ingenio,
620 902 700 961 pietate
711 903 783 951 dabat.
797 903 846 961 lpse
857 915 937 961 autem,
948 918 973 953 ut

188 987 342 1032 segravatum
361 975 422 1023 annis
442 994 467 1022 ac
486 973 536 1022 filiis
555 974 662 1023 nudatum
677 974 738 1030 vidit,
759 976 882 1034 impetravit
892 977 973 1027 ocium.

149 1047 175 1097 10
189 1046 263 1096 Posuit
272 1047 330 1095 enim
339 1047 431 1095 docendi
440 1065 515 1095 curam
523 1067 590 1105 quam
598 1048 653 1097 duos
662 1066 726 1106 supra
734 1048 778 1096 XX
785 1068 854 1097 annos
862 1048 974 1099 habuerat.

190 1118 269 1179 Neque
284 1138 336 1169 vero
352 1140 375 1168 se
390 1120 419 1168 ad
435 1119 534 1169 inertiam
550 1119 642 1169 contulit
658 1140 698 1169 nec
714 1120 806 1169 oratoria
827 1120 899 1170 studia
915 1122 973 1172 misit
1044 1147 1046 1149 ’

189 1192 228 1240 sed
245 1210 291 1240 rern
308 1211 420 1250 aggressus
438 1192 545 1249 egregiam
562 1192 656 1240 scribere
673 1211 727 1251 quas
743 1193 847 1240 habemus
863 1187 974 1242 Oratorias
1045 1224 1047 1236 ‡

192 1263 340 1314 Institutiones
355 1263 426 1323 coepit
442 1283 540 1323 opusque
555 1264 584 1313 ita
599 1262 689 1323 perfecit
704 1275 728 1313 ut
743 1284 788 1313 non
802 1262 859 1313 illius
870 1265 975 1326 temporis
1044 1326 1046 1328 Ι

190 1337 292 1385 studiosis
308 1337 374 1385 modo
389 1337 428 1384 sed
442 1337 534 1395 posteris
549 1338 614 1385 etiam
629 1336 736 1395 proluisse
752 1358 818 1395 quam
834 1338 926 1387 maxime
941 1338 973 1386 vi-

132 1419 138 1423 ”
151 1409 176 1458 15
192 1408 274 1456 dentur.
290 1408 350 1456 Libri
365 1428 389 1456 ea
404 1409 431 1456 de
445 1427 468 1455 re
481 1407 526 1456 Xll
542 1421 600 1462 sunt,
615 1409 637 1456 in
652 1409 739 1466 quibus,
754 1421 778 1456 ut
792 1408 913 1467 pollicetur,
927 1428 976 1458 ora-

189 1493 259 1530 torem
275 1502 287 1529 a
303 1480 416 1529 cunabulis
433 1480 585 1529 instruendum
595 1479 685 1529 summit
701 1493 723 1529 et
733 1501 789 1541 quae
799 1493 850 1530 sunt
861 1494 974 1551 praecepta

190 1554 271 1611 optima
282 1554 310 1601 ad
321 1553 438 1601 dicendum
449 1553 540 1601 oratoria
551 1552 578 1600 de
588 1565 640 1607 arte,
652 1552 679 1601 de
690 1553 787 1608 artificio,
798 1555 826 1603 de
835 1554 917 1604 artifice
927 1554 973 1614 ple·
1044 1553 1047 1590 ἶ

190 1626 278 1674 nissime
296 1626 368 1674 tradit.
388 1625 454 1673 Liber
471 1646 559 1684 quoque
577 1625 604 1673 ab
623 1646 649 1673 eo
667 1626 759 1684 scriptus
778 1639 835 1675 extat
853 1647 919 1686 quem
937 1626 972 1675 alii

191 1698 311 1747 Causarum
323 1697 433 1752 Civilium,
445 1698 480 1747 alii
492 1697 681 1747 Declamationum
692 1711 777 1748 vocant.

148 1774 176 1824 20
234 1772 299 1820 Hunc
314 1784 411 1830 tempore
426 1792 466 1820 nec
480 1772 569 1829 quidem
584 1790 650 1830 parvo
665 1771 724 1828 (anni
739 1791 807 1831 prope
821 1773 861 1822 CC
876 1773 974 1833 luerunt)
1045 1825 1047 1839 ἶ

190 1857 277 1894 secutus
293 1857 326 1893 est
343 1844 468 1894 Lactantius
485 1842 614 1892 Firmianus.
631 1843 767 1894 Christianus
784 1846 824 1895 iste
841 1846 880 1901 vir:
897 1845 976 1896 litteris

190 1930 263 1965 autem
275 1937 327 1965 cum
340 1917 470 1965 sacris‘tum'
478 1916 700 1965 secularibus-doctus
713 1918 797 1975 egregie
810 1919 848 1966 sed
860 1919 973 1978 principali

191 1988 263 2036 studio
280 1989 353 2041 rhetor
369 1987 417 2037 tuit.
433 1989 539 2036 Fortunas
556 2007 607 2036 vero
623 1989 678 2039 adeo
692 2001 769 2040 tenues
786 1987 862 2035 habuit
878 1999 903 2035 ut
918 2008 974 2046 quae
1043 1992 1047 2013 ³

190 2061 218 2110 ad
230 2062 297 2114 vitam
309 2075 381 2111 essent
394 2082 457 2120 saepe
470 2061 583 2115 necesariis
596 2060 711 2119 indigeret
723 2060 887 2120 Praeceptorem
899 2059 976 2111 habuit
1044 2060 1045 2064 ¹

149 2136 177 2186 25
192 2134 215 2184 in
230 2134 341 2185 rhetoricis
353 2134 482 2190 Amobium
496 2133 531 2183 illa
544 2147 612 2183 aetate
625 2134 734 2183 rhetorem
746 2154 850 2192 magnum
861 2154 887 2182 ac
899 2140 976 2183 omnes
1044 2131 1047 2172 ,ss

190 2207 228 2265 qui
242 2227 268 2255 eo
280 2208 302 2255 in
312 2207 393 2269 ,studio
402 2219 537 2255 versarentur
549 2208 596 2254 sine
608 2206 676 2259 dubio
689 2206 836 2254 excellentem.
850 2206 976 2263 Lactantius
1044 2225 1045 2229 ’

190 2299 241 2334 vero
251 2300 303 2329 cum
313 2281 427 2339 imperaret
438 2280 585 2336 Dioclicianus
596 2280 724 2328 rhetoricam
735 2279 882 2338 Nycomediae
892 2278 975 2328 docuit.

191 2351 236 2401 Sed
247 2351 337 2401 nimiam
349 2353 378 2401 ob
390 2353 499 2402 raritatem
510 2352 645 2401 audientium
657 2371 679 2400 se
687 2351 783 2401 ‘contulit
794 2351 822 2400 ad
833 2351 975 2400 scribendum
1046 2414 1047 2417 Ἰ

191 2444 230 2472 nec
239 2425 325 2482 scripsit
334 2443 409 2482 pauca,
419 2444 470 2472 nam
478 2436 499 2471 et
508 2424 561 2472 vixit
570 2425 657 2480 longam
665 2425 688 2471 in
697 2435 789 2471 aetatem
798 2436 819 2471 et
828 2424 885 2471 curis
894 2443 976 2472 vacuus

148 2498 279 2555 30'tempus
289 2516 353 2545 omne
363 2497 386 2545 in
397 2496 511 2545 scribendo
521 2496 663 2554 consumpsit.
676 2495 762 2544 Iuvenis
772 2494 862 2553 quidem
871 2514 897 2542 ac
907 2513 975 2555 prope
1046 2513 1047 2516 ’

190 2569 315 2619 adolescens
325 2570 377 2629 ipsis
388 2571 410 2618 in
420 2569 483 2619 scolis
493 2569 562 2618 edidit
572 2569 652 2619 librum
662 2588 728 2627 quern
738 2567 816 2617 Graeci
827 2567 985 2626 symposium„

153 2687 289 2696 ...ι-,ι-

184 2746 201 2785 3.
216 2747 273 2790 Quint.
286 2748 325 2786 lnst.
338 2746 366 2789 Vl.
379 2747 405 2784 Pr.
418 2747 435 2784 4.

193 2910 222 2954 14.
236 2910 268 2955 Ex
281 2908 379 2954 studiosos
392 2928 440 2954 corr.
499 2910 528 2955 16.
539 2908 578 2952 Pro
587 2909 654 2953 sumit.
709 2907 741 2953 21.
752 2907 898 2953 Christianus...
907 2919 976 2954 autem

116 3029 119 3034 .
148 2995 196 3023 cum
210 2983 223 3022 i.
238 2994 263 3026 r.;
277 2985 318 3020 erut
333 2975 408 3030 Hieta)
422 2976 467 3030 [llll
484 2987 534 3020 teste
551 2975 582 3030 (ἓ)
601 2975 636 3019 sed
653 2974 778 3021 Christianus
794 2973 839 3024 luia
855 2984 920 3021 cetero
936 2975 976 3028 (sa-

148 3045 207 3090 cris...
221 3042 326 3100 indigeret)
341 3048 353 3086 ί.
368 3060 392 3086 m.
407 3042 443 3096 ins.
457 3041 503 3087 add.
