2093 3253
136 215 164 260 86
435 227 530 260 s1ccours
544 227 662 259 romurour

181 347 203 395 in
219 345 333 395 Graeciam
342 356 407 401 atque
416 344 439 391 in
448 343 523 391 Asiam
532 343 563 392 ire
572 361 660 401 pergere
670 345 744 391 statuit
753 344 914 401 trienniumque
923 344 964 392 alia

182 440 205 467 re
219 418 278 467 nulla
292 416 409 475 impeditus
425 415 553 463 delimandis
569 416 634 463 modo
650 416 683 462 his
698 415 758 464 libris
773 416 831 470 dare,
847 429 871 464 ut
886 416 965 464 deinde
1018 408 1035 482 ι

149 514 151 519 ·
183 492 313 551 quodvitae
331 489 439 548 reliquum
457 501 585 546 superesset,
604 489 627 537 id
645 501 717 536 totum
735 488 891 547 philosophiae,v
910 490 966 544 ocio,
1018 482 1037 551 {²

115 589 118 594 ’
151 596 152 599 ¹
183 566 250 626 quieti
263 565 330 614 daret.
347 564 393 613 lam
407 562 466 611 enim
478 561 680 611 senescebauMaro
692 566 765 622 atque,
778 576 802 612 ut
814 563 885 613 solent
897 583 966 618 senes,
1019 564 1035 608 s

156 641 170 690 5
186 658 258 688 rerum
271 637 357 687 fastidio
370 634 470 703 fatigatus
484 635 557 682 ocium
570 634 663 684 liberum
676 647 697 684 et
710 635 888 694 tranquillitatem
900 637 967 685 animi

184 710 328 771 perquirebat.
344 709 388 758 Sed
403 728 459 767 quae
477 709 550 756 animo
570 709 691 765 cogitasset,
711 728 736 756 ea
755 727 823 766 prope
842 710 922 769 omnia,
943 724 968 758 ut

184 805 247 844 saepe
262 782 388 832 mortalibus
409 781 494 837 accidit,
515 781 621 830 flexerunt
641 782 744 831 aliorsum
764 780 815 831 lata.
836 781 924 842 Quippe
944 783 968 832 in

185 859 300 908 Graeciam
307 877 334 907 ex
342 855 454 915 proposito
463 856 565 913 navigans
573 854 629 903 lorte
638 857 697 913 apud
705 856 809 910 Athenas,
819 876 863 915 quo
872 857 968 914 primum
1025 863 1042 889 ⁴·

185 932 291 990 declinare
306 940 415 981 statuerat,
427 928 450 975 in
462 922 577 975 Caesarem
588 928 672 975 incidit.
684 928 774 976 Oriente
786 948 873 985 nanque
885 929 969 975 domito

146 1004 173 1054 10
188 1003 281 1052 Romam
301 1015 355 1051 tunc
376 997 522 1049 revertebatur
538 998 657 1058 Augustus.
683 999 747 1049 hllaro
768 1001 835 1059 igitur
858 1000 886 1049 ad
906 1018 969 1056 eum,
1027 1005 1047 1039 ἵε

187 1077 247 1136 quod
260 1076 338 1134 plenus
352 1073 446 1122 victoriis
460 1074 604 1131 princepsque
618 1073 676 1121 orbis
690 1094 715 1122 ac
728 1073 769 1123 sibi
782 1073 893 1122 familiaris
906 1087 969 1129 esset,
984 1085 986 1088 “
1028 1059 1047 1085 l

187 1152 219 1197 uti
234 1152 339 1206 eratlpaa
353 1146 475 1199 visendum,
495 1146 640 1199 salutandum,
661 1147 855 1203 congratulandum
864 1147 970 1197 accessit.
1043 1172 1045 1175 ’

155 1248 157 1251 >
188 1222 290 1281 Denique
300 1217 483 1268 mutatorconsilio
494 1216 586 1266 Romam
597 1238 674 1267 eocum
684 1218 883 1269 redire'constituit.
896 1218 971 1278 Ipsum

189 1315 277 1354 quoque
290 1294 384 1352 benigne
396 1292 480 1350 excepit
491 1291 604 1349 Augustus
616 1289 761 1350 atque..ipsius
774 1293 881 1351 presentia
894 1305 915 1341 et
927 1292 972 1341 col·
1030 1297 1046 1326 3

150 1371 175 1419 15
190 1369 264 1427 loquio
279 1367 403 1418 delectatus,
415 1364 475 1422 quod
486 1366 569 1422 magnis
580 1385 665 1422 semper
676 1366 779 1413 derebus
790 1379 812 1413 et
822 1366 973 1424 pulcherrimis
1032 1376 1045 1427 ᾗ

189 1433 320 1500 loqueretur,
336 1437 418 1497 regredi
427 1456 502 1485 secum
510 1437 582 1486 animo
591 1437 660 1486 libens
669 1437 730 1487 vidit.
739 1436 800 1487 Tum
808 1438 898 1497 quidem
907 1457 973 1500 quam
1042 1444 1044 1446 ’

188 1515 283 1569 maxime
298 1512 330 1561 sol
345 1510 449 1573 feruebat.
465 1509 523 1558 Hinc
538 1511 597 1559 enim
612 1512 711 1569 vinium
725 1524 794 1560 aetate
809 1512 878 1570 gravis
889 1532 929 1560 nec
940 1510 973 1559 his
1044 1538 1046 1562 z

190 1586 296 1635 caloribus
304 1579 410 1637 assuetus}
418 1583 477 1641 apud
483 1583 595 1641 Megaram
601 1583 717 1641 (oppidum
724 1584 748 1632 id
752 1584 843 1633 Athenis
849 1585 974 1641 proximum

191 1659 244 1717 erat)
258 1658 315 1707 letali
327 1656 403 1705 morbo
414 1667 525 1713 correptus
536 1668 575 1704 est.
587 1655 666 1715 Neque
676 1674 727 1705 vero
738 1657 896 1715 navigationem
907 1656 974 1705 inter-

149 1735 179 1783 20
193 1734 251 1782 misit
261 1731 299 1780 sed
309 1748 446 1790 perseverans
456 1729 532 1777 dietim
542 1730 609 1788 magis
624 1742 689 1789 atque
705 1730 772 1788 magis
788 1729 889 1788 elanguit.
905 1729 975 1779 Deni-
1036 1746 1047 1764 ²

193 1829 236 1866 que
250 1806 397 1872 Brondusium
407 1802 490 1850 delatus
501 1824 548 1850 eam
558 1804 581 1851 in
591 1804 748 1862 aegritudinem
758 1816 845 1853 venerat
856 1806 916 1862 quod
926 1824 975 1862 spes

193 1881 236 1928 iam
247 1878 306 1927 nulla
317 1877 390 1927 salutis
402 1888 453 1925 erat.
465 1875 546 1924 Paucos
558 1875 647 1933 quidem
658 1876 686 1924 ad
698 1875 743 1925 dies
755 1877 798 1926 vita
809 1871 977 1929 defunctus-est.
1013 1889 1014 1892 ’

194 1953 281 2010 Quippe
298 1964 390 1998 mortem
402 1949 461 2007 obiit
478 1948 542 1996 Maro
559 1949 675 1996 Brondusii
694 1949 727 1997 XI
739 1949 854 1999 Kallendas
870 1951 978 2000 Octobres

175 2022 176 2025 Ἴ
196 2025 241 2073 Gn.
248 2024 321 2072 Sextio
327 2022 444 2083 Saturnino
452 2035 473 2069 et
485 2020 513 2078 Q.
520 2021 621 2076 Lucretio
630 2021 702 2070 Cinna
707 2024 839 2089 consulibus,
846 2045 903 2073 anno
908 2026 978 2083 impe·

152 2100 182 2149 25
198 2099 223 2146 rii
239 2097 351 2146 Octaviani
366 2107 416 2153 post
431 2107 527 2143 exactam
535 2095 691 2142 triumuiralem
699 2108 783 2153 pestem
791 2097 845 2146 ΧΠ,
855 2098 978 2154 Quadrien-

197 2171 259 2217 nium
269 2168 293 2216 id
302 2167 344 2215 luit
353 2179 403 2214 ante
415 2177 488 2213 natam
497 2166 604 2222 virginem
611 2166 697 2213 beatam
704 2167 809 2224 quae-deo
817 2168 882 2225 plena·
888 2189 913 2217 ac
921 2189 979 2217 seme

180 2279 181 2282 ,
197 2261 236 2301 per
243 2241 304 2299 virgo
312 2260 387 2290 verum
395 2238 462 2288 deum
472 2252 493 2287 et
499 2237 610 2287 hominem
620 2241 704 2298 peperit
714 2240 786 2289 Iesum
794 2240 914 2292 Christum.
925 2243 979 2292 lnde

198 2334 249 2365 vero
264 2314 380 2372 Neapolim
392 2313 475 2361 delatus
488 2313 516 2361 ad
528 2313 649 2360 secundum
662 2313 757 2371 lapidem
769 2316 803 2362 via
816 2314 932 2365 Puteolana
945 2337 979 2364 se·

197 2388 271 2447 pultus
286 2401 325 2434 est.
341 2386 487 2434 Monumento
496 2397 569 2433 autem
578 2398 629 2433 sunt
639 2386 661 2433 hi
670 2403 744 2434 versus
754 2388 859 2445 inscripti:
870 2387 980 2437 «Mantua
1041 2385 1046 2430 ¹]

155 2463 185 2511 30
199 2481 234 2509 me
242 2460 323 2519 genuit,
332 2457 421 2507 Calabri
427 2476 523 2516 rapuere,
532 2470 591 2505 tenet
600 2478 658 2506 nunc
666 2457 808 2517 Parthenope;
817 2461 885 2509 cecini
894 2481 980 2520 pascua,

198 2553 253 2594 rura,
269 2534 361 2582 duces.»
963 2539 964 2544 ’
1043 2525 1044 2529 ¹

194 2717 222 2754 29.
235 2716 295 2752 uorat.
311 2716 342 2773 m.
357 2714 403 2768 Vera
412 2692 432 2749 'a
449 2712 480 2749 ua
493 2712 520 2748 u.

199 2873 232 2918 21.
246 2871 276 2918 Ex
291 2870 421 2917 Brundisium
433 2888 490 2919 corr„
504 2880 526 2914 ut
541 2876 599 2915 etiem
614 2869 667 2923 infra
681 2871 756 2925 (sedin
775 2871 837 2916 indice
855 2872 985 2917 Brundisium
1037 2914 1039 2919 .

159 2938 276 2992 roncore).
330 2936 362 2982 25.
379 2946 468 2981 exactam
486 2943 500 2980 ι’.
519 2955 535 2979 r.
590 2936 622 2981 27.
640 2937 696 2989 virgo
714 2942 727 2982 i.
747 2955 763 2981 r,
817 2938 850 2985 30.
868 2936 900 2985 Er
918 2938 985 2984 Parte-

160 3026 212 3061 nope
225 3025 275 3051 corr.
