2093 3253
155 196 197 242 316
462 209 554 239 srccoms
567 210 693 240 ιοιιιιιοιιι

199 324 289 409 periculi
296 325 433 393 adduxerunt
440 338 465 386 ut
473 338 528 374 esset
536 340 650 384 suspectus
658 326 732 374 multis
739 339 804 384 atque
811 326 866 373 adeo
873 338 985 383 suspectus
1042 386 1043 389 Ἴ

199 411 224 446 ut
239 399 276 457 qui
291 398 375 456 equites
386 397 478 446 Romani
489 398 587 446 collocati
597 398 657 457 apud
667 399 731 447 edem
741 398 877 446 Concordiae
886 398 915 446 ad
925 416 985 456 prae

199 471 280 519 sidium
293 483 380 519 senatus
394 483 453 518 erant
467 469 572 591 gladios
567 492 590 519 ιιι
608 492 659 519 eum
678 472 772 519 minaces
785 491 837 519 cum
850 471 985 529 egrederetur

199 555 281 598 senatu,
297 543 359 601 quasi
372 555 429 592 esset
442 544 500 592 meni
501 542 557 591 lesto
571 531 655 605 reuslac
666 536 773 593 iudicatus
785 563 815 592 re1
810 538 926 602 publicae
936 544 985 593 hos·

173 616 235 670 5tis‚
252 616 395 675 evaginarent.
1046 610 1047 613 Ἴ

244 689 327 737 Interea
338 708 389 736 vero
400 689 437 748 qui
449 701 509 737 erant
521 689 608 738 Lentuli
619 703 640 738 et
652 655 742 747 Cethegi
753 688 842 738 clientes
853 702 874 737 et
885 659 985 745 libertini,

199 761 273 810 addita
282 781 357 810 secum
367 781 432 810 manu
442 780 554 810 servorum
559 781 584 810 ac
590 782 689 810 ommum
698 762 778 821 quibus
789 774 810 809 et
820 761 914 810 novandi
923 780 956 810 res
966 777 987 813 et
1045 817 1047 819 ,

200 834 305 884 liberandi
319 848 394 894 captos
408 835 492 884 animus
507 836 577 886 audax
590 849 612 885 et
625 849 712 893 paratus
727 848 789 890 esset,
805 857 849 884 non
863 830 987 893 partemin

201 908 255 956 urbe
261 908 393 956 sedicionem
399 908 491 956 excitare
497 908 613 956 studebant
621 908 774 966 civitatemque
782 909 825 955 iem
832 907 988 955 tumultuosius

162 980 189 1027 10
202 979 318 1037 agitabant.
334 978 426 1026 Catilina
440 1000 528 1039 quoque
542 992 567 1027 ut
580 980 663 1037 ueniret
676 978 768 1029 festinus
781 980 810 1029 ad
823 979 901 1029 urbem
916 977 988 1039 copias
1042 984 1044 986 ’

202 1052 301 1110 undique
315 1052 436 1110 colligebat.

244 1124 286 1173 Res
298 1126 338 1172 ista
350 1125 479 1173 Ciceronem
489 1126 517 1174 ad
528 1125 659 1174 celeritatem
671 1125 747 1184 coegit,
760 1125 820 1184 quod
835 1125 877 1174 alio
893 1126 989 1175 remedio

202 1196 262 1244 nullo
277 1196 392 1255 probibere
403 1218 430 1244 ne
442 1198 491 1255 quis
503 1210 574 1246 motus
586 1211 709 1255 erumperet
720 1217 743 1245 se
753 1217 817 1255 posse
828 1196 912 1246 iacilius
923 1194 988 1256 quarn

202 1269 310 1319 celeritate
322 1282 414 1327 putaret.
428 1269 534 1319 Senatum
546 1270 612 1329 igitur
624 1270 700 1328 consul
713 1270 822 1329 extemplo
840 1282 909 1319 vooat.
927 1269 987 1327 Quae

164 1343 188 1391 15
204 1355 306 1401 parentur
315 1343 338 1390 in
347 1342 407 1397 urbe,
417 1364 473 1401 quae
481 1357 584 1401 parentur
593 1356 652 1392 extra
660 1342 738 1391 urbem
747 1344 835 1403 exponit
843 1344 989 1403 admonetque

202 1415 269 1474 sopiri
284 1429 350 1472 atque
364 1415 430 1463 deleri
441 1415 504 1464 lacile
514 1413 554 1464 bos
564 1429 679 1474 apparatus
690 1436 760 1473 posse,
772 1417 790 1463 si
801 1416 828 1464 de
838 1416 907 1474 captis
917 1410 989 1463 subito

203 1487 337 1549 decernatur
347 1487 460 1545 alioquin
454 1507 476 1535 m
486 1484 583 1549 periculo
591 1487 639 1536 lore
647 1499 672 1536 ut
680 1483 788 1536 tumultus
798 1487 886 1536 maximi
896 1488 988 1537 exciten

203 1573 239 1608 tur
253 1580 279 1608 ac
292 1559 392 1609 veniente
408 1580 459 1608 cum
474 1560 570 1609 exercitu
586 1560 679 1609 Catilina
695 1580 728 1608 res
742 1560 832 1624 publica
848 1561 989 1619 opprimatur

206 1633 282 1691 ltaque
296 1653 341 1680 non
355 1627 448 1692 amplius
462 1618 598 1693 cantandum
611 1646 669 1681 ratus
683 1634 800 1698 sententias
814 1633 869 1691 quid
881 1632 909 1681 de
922 1634 990 1692 captis

163 1705 191 1753 20
206 1704 321 1754 decernere
334 1704 417 1772 placeat
430 1689 501 1753 diceie
514 1718 585 1763 patres
599 1718 666 1762 rogat
679 1697 737 1753 Ante
751 1701 825 1753 omnes
839 1705 869 1753 D.
876 1703 990 1763 Syllanus,

204 1777 264 1844 quod
279 1766 404 1839 designatus
418 1765 494 1826 consul
509 1797 560 1838 cum
576 1776 601 1826 L.
618 1777 749 1842 Murenam
764 1789 892 1836 sequentem
909 1797 991 1826 annum

204 1862 260 1898 esset
275 1844 431 1908 magistratum,
447 1848 472 1898 ιιι
487 1849 539 1904 dixi,
555 1851 659 1909 proximis
676 1850 788 1920 Kallendis
806 1850 930 1900 Ianuariis
924 1851 991 1899 initu

204 1941 247 1977 rus,
261 1923 338 1981 dicere
344 1922 475 1985 sententiam
485 1923 573 1988 honoris
586 1943 649 1971 causa
661 1916 748 1980 rogatus
760 1935 800 1971 est
813 1922 907 1971 Hoc
874 1943 933 1971 enim
944 1942 991 1971 mos

204 1994 286 2045 lerebat
302 1982 419 2058 Romanus,
431 2009 456 2043 ut
467 1992 596 2043 sententiam
608 1995 672 2044 nemo
683 1996 706 2044 in
717 2008 805 2045 senatu
802 1996 827 2045 ni
838 2008 894 2045 esset
905 2007 992 2053 rogatus

162 2069 190 2118 25
205 2089 218 2117 a
232 2070 321 2119 consule
336 2069 424 2117 diceret.
440 2068 556 2127 Rogatus
550 2069 615 2127 igitur
631 2063 712 2117 Decius
728 2069 812 2117 censuit
827 2082 848 2117 et
864 2069 891 2117 de
906 2068 939 2117 his
954 2068 991 2127 qui

204 2142 261 2199 capti
277 2155 337 2189 erant
352 2155 373 2189 et
389 2141 453 2189 deP
468 2142 589 2194 Umbreno,
605 2142 637 2189 L
645 2141 728 2194 Cassio,
743 2140 771 2197 Q
784 2140 865 2194 Annio,
880 2141 903 2188 P.
918 2140 990 2194 Furio,

205 2233 260 2283 quos
276 2232 324 2262 reos
338 2212 425 2262 esseT.
437 2213 563 2267 Vulturcius
576 2226 596 2261 et
608 2214 672 2271 legati
684 2214 788 2269 dixissent
805 2227 841 2261 et
839 2213 896 2262 urbe
913 2212 994 2272 fugisse

205 2276 324 2342 constabat,
349 2287 366 2334 si
388 2287 624 2345 deprehenderentur,
631 2287 767 2346 supplicium
790 2272 933 2335 sumendum
938 2306 991 2335 esse.

206 2349 285 2409 Hanc
279 2382 302 2409 m
313 2360 443 2409 sententiam
454 2359 617 2409 consulares
585 2379 688 2418 primum,
698 2361 776 2443 deinde
788 2360 888 2418 praetorii
900 2360 928 2408 ad
939 2360 993 2408 Cae-

163 2432 193 2481 30
208 2451 285 2483 sarem
292 2452 368 2490 usque
373 2434 441 2491 rogati
453 2453 528 2480 omnes
540 2433 605 2481 ivere

248 2502 327 2554 Caesar
342 2524 399 2559 vero,
412 2525 450 2553 seu
462 2505 616 2553 coniurationis
628 2519 684 2554 esset
695 2507 802 2560 conscius,
814 2518 839 2553 ut
851 2507 932 2565 opinati
944 2516 994 2552 sunt

175 2628 177 2630 ,
206 2578 276 2633 multi,
294 2590 315 2627 et
331 2578 400 2627 socios
417 2596 480 2636 posse
496 2577 600 2636 temporis
616 2596 681 2627 cursu
697 2576 783 2626 liberari
799 2576 892 2636 putaret,
908 2598 953 2632 seu,
969 2589 995 2624 ut

207 2651 291 2699 malunt
305 2650 396 2709 quidam
411 2663 432 2699 et
446 2650 566 2699 affirmabat
577 2651 630 2711 ipse,
644 2650 771 2708 displicebat
780 2651 802 2698 ¹ei
814 2651 915 2699 severitas
926 2662 990 2701 tanta.

206 2724 314 2772 dissensit.
331 2722 426 2781 Rogatus
437 2723 496 2771 enirn
505 2742 517 2771 a
527 2722 622 2777 consule,
632 2722 671 2771 ubi
681 2734 713 2771 est
723 2722 812 2770 adeum
822 2743 847 2770 ex
857 2721 933 2771 ordine
942 2741 994 2771 ven*

164 2797 193 2846 35
208 2810 263 2851 tum,
279 2795 408 2845 sententiam
423 2796 501 2852 dicere,
514 2795 562 2844 illos
574 2816 618 2845 non
633 2796 793 2848 interficiendos
808 2816 855 2845 esse
869 2796 909 2845 sed
923 2792 995 2845 distri-

207 2869 306 2919 buendos
316 2889 355 2928 per
366 2861 484 2928 municipia
493 2869 643 2928 tenendosque
663 2869 685 2917 in
696 2868 772 2918 vinclis
782 2882 804 2918 et
813 2882 912 2931 accurate
921 2880 994 2918 custo«

207 2943 298 2991 diendos
311 2944 357 2990 sine
369 2963 408 3000 spe
420 2942 501 2997 salutis,
514 2943 571 2990 bona
588 2962 677 3002 quoque
694 2960 769 2991 eorum
786 2942 917 3004 publicanda
933 2939 986 2991 dixit
