2093 3253
173 181 212 227 266
473 196 566 227 sicconis
581 196 695 227 rotturour

215 332 266 362 nem
280 312 416 373 superiorem
428 324 449 361 et
462 310 496 362 Μ.
509 310 640 363 Terentium
652 312 772 362 Varronem
784 335 811 362 ex
823 314 899 363 ordine
911 315 997 368 absolu·
1046 374 1047 377 Ἰ

214 401 255 436 tos.
272 388 311 436 Me
323 407 412 445 quoque
424 387 447 434 id
460 388 578 436 commovit
591 408 658 446 quam
671 388 771 443 maxime,
784 389 845 447 quod
855 389 999 442 existimarem

215 461 299 517 ignavie
310 461 383 518 potius
394 479 461 518 quam
472 459 592 508 modestiae
602 460 677 515 tribui,
687 461 704 508 si
713 482 764 509 eum
775 462 957 518 pretermitterem
963 460 1006 522 qui

215 533 314 579 omnium
329 532 367 589 qui
383 530 492 589 praeclare
505 544 543 579 aut
557 533 690 591 scripserunt
704 532 748 581 ulla
761 545 830 581 aetate
844 533 950 592 superiori
964 550 999 585 aut

188 605 200 652 5
217 606 239 653 in
254 617 367 663 posterum
378 604 475 652 scribent
486 624 584 662 unquam
594 606 654 663 apud
665 606 762 660 Latinos,
774 606 952 663 gravissimorum
962 606 999 656 ho·

216 678 301 725 minum
316 676 430 731 sententia,
447 677 536 730 iudicio,
552 669 689 725 confessione
705 678 733 724 sit
748 679 850 736 magister
865 699 964 727 summus
980 696 1000 730 et

216 749 298 797 lumen.
307 742 364 797 Illud
371 750 437 796 etiam
444 749 538 797 multum
545 751 591 807 spei
598 770 623 797 ac
629 749 786 798 exhortamenti
794 750 861 804 dedit,
869 751 929 809 quod
941 750 999 800 Lati-

217 843 267 871 nam
282 823 379 872 viderem
393 821 490 880 linguam
505 844 549 871 non
563 821 628 871 rebus
643 822 708 871 modo
723 823 761 872 sed
780 823 851 872 verbis
866 824 932 872 etiam
945 824 999 875 adeo

216 898 327 955 copiosam
342 908 363 944 et
379 895 506 954 opulentam
517 895 579 954 quod
589 895 681 944 eandem
692 915 738 944 rem
749 897 821 944 dicere
832 897 895 945 multi
906 899 965 946 varie
975 920 999 947 ac

176 971 202 1017 111
217 982 292 1017 ornate
303 970 395 1027 possint.
406 968 497 1016 Accedit
509 969 572 1022 istuc,
584 968 644 1028 quod
655 987 688 1016 res
700 969 812 1017 Ciceronis
824 969 944 1029 permultae
950 985 999 1020 sunt

170 1047 172 1050 ’
215 1063 240 1091 ac
255 1042 359 1091 infinitae.
371 1041 416 1090 Tot
427 1062 514 1101 nanque
525 1062 549 1089 ac
560 1054 620 1089 tanta
631 1040 708 1089 Cicero
719 1056 793 1090 noster
803 1056 825 1090 et
836 1044 858 1091 in
870 1043 918 1091 toro
928 1044 951 1092 in
962 1044 998 1093 de·

169 1118 181 1132 ²
215 1114 331 1163 lendendis
340 1117 415 1163 amicis
425 1128 446 1163 et
456 1117 478 1163 in
488 1116 548 1163 curia
557 1116 579 1162 in
589 1115 761 1179 administranda
770 1134 793 1163 re
802 1115 897 1174 publiea,
904 1110 940 1164 illa
948 1128 1002 1165 tunc

216 1188 274 1236 orbis
288 1189 432 1247 imperatrice,
445 1200 466 1236 et
479 1189 502 1236 in
515 1189 570 1243 ocio,
583 1209 635 1236 cum
647 1201 767 1237 versaretur
776 1189 799 1237 in
807 1188 884 1237 litteris
890 1209 915 1237 ac
921 1189 1000 1238 scribe-

216 1274 248 1309 ret
263 1260 338 1315 libros,
353 1260 418 1309 rebus
431 1281 482 1308 curn
495 1262 604 1319 prosperis
616 1275 664 1308 tum
677 1261 772 1310 adversis
784 1254 851 1319 gessit
863 1275 888 1310 ut
901 1263 999 1310 omnium

173 1335 203 1382 '15
220 1329 284 1383 nemo
293 1333 400 1383 affirmare
410 1346 475 1393 queat
484 1352 508 1382 se
516 1333 571 1383 adeo
580 1333 663 1392 integre
673 1334 746 1383 omnia
755 1333 867 1393 collegisse
882 1333 943 1393 quod
950 1333 1000 1384 addi

219 1408 305 1464 penitus
318 1405 372 1454 nihil
385 1407 462 1464 possit.
475 1406 564 1464 Quippe
576 1425 610 1454 res
623 1426 701 1463 magna
713 1420 745 1454 est
758 1405 843 1455 Cicero.
858 1406 916 1455 lllud
927 1420 999 1455 autem

176 1475 178 1477 ¹
217 1499 262 1526 non
277 1479 380 1537 polliceor
390 1499 430 1526 nee
439 1478 506 1526 velim
514 1498 527 1525 a
537 1498 572 1526 me
581 1480 698 1536 quisquam
708 1491 807 1536 expectet
816 1491 847 1532 ut,
858 1499 1000 1537 quaecunque

217 1551 258 1599 hoc
270 1551 297 1600 de
307 1551 360 1600 viro
365 1564 454 1610 possent
466 1550 517 1606 dici,
529 1571 553 1599 ea
565 1551 607 1599 sim
618 1550 718 1600 hocloco
730 1551 835 1600 dicturus.
847 1551 882 1601 De
894 1551 997 1600 Cicerone

216 1625 306 1683 quidem
321 1625 443 1681 superiores
457 1636 532 1672 ornate
546 1625 619 1681 potius
634 1644 701 1682 quam
714 1624 802 1681 copiose
816 1623 925 1672 dixerunt.
940 1623 999 1681 Quos

174 1698 202 1745 20
217 1698 277 1745 enim
292 1698 386 1755 quisque
401 1697 477 1750 voluit,
493 1696 573 1754 delegit
589 1696 652 1744 flores
668 1696 800 1755 eosdemque
816 1697 953 1745 ornatissime
963 1716 999 1744 sua

174 1769 176 1773 ’
216 1788 256 1829 pro
267 1768 369 1819 facultate
380 1782 402 1818 et
412 1769 502 1818 arbitrio
513 1769 635 1829 explicavit.
647 1768 705 1818 Mihi
716 1782 790 1819 autem
806 1770 852 1818 sine
868 1770 947 1818 iniuria
962 1789 999 1817 sua

216 1844 286 1901 placet
297 1842 400 1892 adhibere
412 1842 468 1891 hanc
479 1842 613 1901 diligentiam
624 1856 645 1891 et
657 1861 738 1898 curam,
750 1855 774 1891 ut
785 1843 864 1892 tradita
871 1863 884 1892 a
892 1863 927 1891 me
938 1841 999 1892 Cice*

216 1918 274 1964 ronis
290 1918 341 1970 vita,
351 1916 369 1962 si
379 1916 451 1964 minus
461 1928 543 1969 ornate,
554 1915 630 1962 saltem
639 1916 788 1982 copiosissime
797 1915 903 1963 videatur.

258 1988 288 2037 At
304 1988 357 2036 mihi
373 1989 463 2046 quidem
478 1989 604 2037 institutum
623 1988 652 2036 ad
672 1988 712 2036 iter
732 2000 832 2036 nostrum
852 1988 882 2036 ire
902 1987 999 2046 pergenti

170 2063 201 2114 25
218 2064 277 2110 venit
292 2063 314 2110 i'n
330 2074 426 2109 mentem
441 2061 510 2109 solere
524 2061 595 2109 audiri
609 2061 656 2109 esse
670 2062 707 2121 qui
719 2061 814 2109 nominis
823 2060 942 2110 Christiani
951 2060 999 2109 hos*

217 2150 261 2184 tem
277 2148 354 2194 putent
370 2135 507 2189 Ciceronem,
522 2135 583 2192 quod
597 2135 764 2192 Hieronymum,
779 2134 931 2196 presbyterum
946 2154 999 2182 eune

216 2209 311 2266 demque
319 2208 471 2256 doctissimum
480 2228 505 2254 ac
514 2221 614 2255 sanctum
623 2209 702 2261 virum,
707 2207 797 2255 audiant
805 2208 899 2254 seribere
907 2218 1000 2264 pertrac·

179 2343 181 2347 f
216 2294 264 2329 tum
279 2301 302 2329 se
317 2281 417 2330 divinum
431 2280 459 2328 ad
474 2279 569 2328 tribunal
585 2299 716 2338 caesumque
732 2273 828 2337 flagellis,
845 2279 905 2337 quod
916 2275 1000 2337 legendi

217 2356 263 2403 eius
272 2355 383 2404 studiosus
392 2367 455 2409 esset,
462 2375 502 2402 nec
509 2351 646 2403 Christianus
655 2373 702 2402 esse
710 2354 749 2402 sed
755 2354 911 2402 Ciceronianus
919 2352 999 2411 praesi·

175 2430 203 2478 30
219 2429 279 2477 denti
294 2429 361 2478 iudici
376 2428 493 2482 videretur,
507 2449 578 2487 neque
590 2447 642 2477 vero
654 2441 704 2490 ante
717 2428 819 2475 dimissus
832 2428 860 2475 sit
873 2426 1000 2485 quamiura·

218 2514 292 2549 mento
307 2501 431 2559 promiserit
440 2499 541 2548 futurum
550 2520 664 2559 nunquam
673 2500 733 2560 quod
743 2498 849 2547 seculares
858 2498 925 2547 libros
935 2496 1000 2547 habe·

219 2587 258 2623 ret.
274 2575 391 2624 Enimvero
401 2574 424 2622 id
433 2571 540 2632 seriptum
549 2573 685 2623 sanctissimo
694 2594 707 2621 a
716 2573 763 2620 viro
772 2571 866 2621 deterret
876 2570 964 2627 multos,
974 2589 1000 2617 ex

210 2751 238 2788 26,
252 2751 319 2789 Hieron.
331 2751 382 2794 Epist.
396 2749 424 2786 22.
438 2749 467 2786 30.

180 2935 182 2940 ‹
218 2907 247 2952 18.
262 2908 314 2952 De...
328 2917 396 2951 ornate
410 2912 423 2950 i.
438 2924 461 2955 r.;
476 2915 518 2950 erat
533 2903 598 2949 Multa
607 2904 690 2959 quidem
701 2916 769 2948 ornate
777 2900 1001 2956 suntasuperioribus?

175 2973 207 3020 25.
222 2974 307 3019 nominis
323 2973 430 3019 Christiani
445 2979 458 3016 i.
474 2990 489 3016 r.
558 2971 590 3017 30,
605 2970 666 3016 iudici
679 2976 748 3015 statim
761 2989 785 3016 er
804 2968 935 3026 vide(returt)
954 2984 1003 3014 corr.
