2093 3253
114 527 221 575 Siccorns
246 525 377 575 Poianroni
404 526 473 575 Linnn
498 527 645 576 Scnreronun
672 528 810 577 Iinusrnruu

147 599 247 646 Lavinia
263 598 367 646 Lrucunt
385 598 429 646 VII
449 613 549 647 axeircrr
568 615 594 647 nv
615 599 703 647 lucian
718 599 773 648 VIII

243 685 272 720 ao
291 670 378 719 Fruun
392 671 536 721 Poivoonuu
552 671 669 720 Fauorini

133 909 280 958 Historiarum
289 906 360 958 lentes
369 929 394 957 ac
404 907 494 976 flumina
503 909 554 957 dedi
563 908 633 958 tribus
648 909 796 967 superioribus
807 909 883 967 libris„

91 984 196 1042 Polydore
210 984 239 1031 mi
252 983 378 1031 suavissime
391 982 429 1030 fili.
443 982 497 1030 Rem
510 1002 597 1042 nanque
609 1003 697 1031 omnem
709 985 824 1042 scriptores
837 983 875 1037 illi,

90 1058 128 1104 sed
141 1058 239 1114 gentium
252 1056 288 1103 alii
301 1069 430 1108 exterarum,
443 1056 480 1108 alii
493 1056 555 1103 liberi
568 1055 644 1116 populi
658 1056 757 1118 Romani,
771 1056 807 1103 aIii
821 1056 875 1103 Cae-

90 1149 163 1178 sarum
177 1129 286 1187 prosecuti
300 1141 358 1177 sunt.
373 1129 498 1177 Memorant
511 1129 571 1176 enim
584 1130 680 1176 oratione
694 1129 764 1177 soluta
777 1130 876 1183 omniurn

65 1205 77 1254 5
93 1202 188 1258 nomina,
199 1201 262 1256 dicta,
269 1199 325 1249 lacta
335 1201 459 1260 principum
466 1220 491 1249 ac
499 1200 631 1260 populorum
639 1197 762 1257 illustrium,
771 1213 796 1250 ut
804 1214 881 1251 vetus*

56 1272 58 1274 ¹
91 1289 158 1324 tatem
178 1294 333 1332 cognoscamus
350 1288 416 1333 atque
429 1272 477 1322 illos
490 1274 601 1323 imitemur
614 1275 652 1332 qui
665 1279 758 1333 usquam
771 1288 877 1324 terrarum

44 1354 45 1357 ’
66 1400 67 1403 ¹
91 1349 113 1395 in
128 1349 180 1395 orbe
195 1368 285 1406 quoquo
300 1348 366 1394 modo
380 1360 418 1394 aut
432 1347 551 1395 honoribus
566 1359 604 1394 aut
618 1365 691 1395 rerum
706 1361 814 1405 gestarum
831 1348 876 1405 gIo-

91 1422 121 1478 ria
135 1420 254 1469 floruerunt
270 1420 374 1483 dignique
390 1419 453 1468 laude
467 1439 493 1467 ac
507 1418 623 1474 immortali
638 1421 742 1471 memoria
756 1419 876 1490 videantur.

92 1494 136 1551 Qui
145 1486 218 1543 autem
227 1507 290 1543 erunt
299 1514 312 1542 a
321 1494 384 1549 nobis
394 1485 496 1560 deinceps
502 1491 618 1558 nominati,
628 1493 651 1541 hi
660 1507 711 1542 sunt
720 1494 766 1553 qui,
776 1495 815 1542 etsi
825 1494 877 1542 alio-

55 1570 79 1617 10
95 1568 148 1626 quin
156 1567 263 1626 elegantes
270 1567 314 1615 sint
321 1587 346 1615 ac
353 1588 393 1615 suo
401 1568 424 1615 in
431 1586 509 1624 genere
516 1566 651 1625 splendeant,
659 1579 735 1615 eorum
742 1581 815 1615 tamen
822 1589 877 1626 quos
903 1594 904 1597 ¹

92 1641 208 1688 memoravi
219 1640 281 1699 quasi
291 1660 318 1686 ex
328 1638 426 1687 lontibus
437 1639 539 1686 hauriunt
550 1652 571 1686 et
581 1660 632 1686 suos
642 1640 671 1687 ad
680 1661 732 1687 usus
743 1640 824 1688 rivulos
834 1653 878 1688 tra·

92 1713 153 1762 hunt.
161 1712 217 1766 Non
229 1712 319 1771 quidem
330 1725 417 1761 narrant
429 1711 528 1760 historias
539 1713 575 1761 isti
587 1712 626 1760 sed
636 1725 735 1762 veterum
746 1733 772 1762 ex
783 1713 878 1762 historiis

92 1807 128 1833 eos
142 1785 240 1843 deligunt
252 1785 316 1833 flores
330 1786 367 1843 qui
381 1806 446 1834 suum
459 1785 488 1833 ad
500 1786 626 1834 institutum
639 1806 686 1834 esse
699 1806 762 1843 posse
775 1786 878 1836 idoneum

93 1857 217 1914 exemplum
225 1876 250 1905 ac
258 1857 408 1904 testimonium
417 1856 538 1905 videantur.
548 1857 586 1904 Est
596 1857 685 1914 quidem
695 1857 783 1906 historia
792 1859 879 1906 eumad

55 1929 78 1977 I5
94 1928 258 1998 delectationem
269 1929 336 1976 animi
348 1941 396 1976 tum
407 1928 436 1977 ad
447 1926 543 1977 [ructum
555 1929 611 1977 vitae
623 1950 755 1988 quocunque
767 1930 789 1978 in
801 1950 879 1988 genere

93 2023 173 2050 munus
181 2002 348 2061 amplissimum.
357 2000 458 2050 Oblectet
468 2001 526 2049 enim
534 2002 674 2051 vehementer
682 2002 799 2051 verborum
808 2003 879 2062 digni-

91 2088 123 2123 tas
132 2075 277 2133 delimataque
285 2095 309 2122 ac
318 2074 431 2132 splendida
440 2074 514 2129 dictim
521 2074 614 2123 oblectat
620 2093 692 2123 rerum
698 2089 796 2124 veterum
802 2076 879 2124 maies-

92 2161 124 2195 tas
145 2148 259 2207 quaedam;
276 2147 370 2196 oblectat
381 2149 428 2207 ipsa
439 2149 540 2197 narratio.
552 2148 616 2197 Adde
627 2150 688 2208 quod
699 2150 755 2198 vitae
766 2150 880 2207 speculum

93 2235 124 2269 est
139 2243 164 2269 ac
179 2221 336 2270 documentum
351 2221 447 2270 historia.
461 2221 525 2269 Adde
540 2221 600 2280 quod
615 2221 678 2280 longe
693 2223 761 2281 magis
776 2222 880 2281 exemplis

54 2294 80 2343 20
95 2311 160 2352 quam
172 2294 322 2353 philosophiae
333 2308 370 2343 aut
382 2295 489 2353 preceptis
501 2308 538 2343 aut
551 2295 654 2343 institutis
666 2296 802 2344 audientium
813 2296 881 2345 animi

93 2380 265 2415 commoventur.
280 2365 320 2413 His
333 2386 385 2414 vero
398 2367 476 2414 exactis
490 2368 528 2426 qui
541 2366 640 2425 exempla
653 2388 679 2415 ex
692 2367 786 2416 historiis
800 2367 880 2426 delige-

93 2433 146 2487 runt
155 2439 272 2488 succedent
282 2439 320 2499 qui
332 2439 392 2497 (huic
403 2440 462 2488 enim
472 2441 545 2499 generi
556 2440 649 2500 proximi
660 2440 720 2500 sunt)
731 2460 803 2491 rerum
814 2442 880 2491 modo

92 2524 192 2571 tempora
203 2526 331 2567 memorant,
343 2527 367 2561 ut
379 2534 422 2572 qua
433 2526 508 2568 aetate,
521 2535 565 2572 quo
577 2514 675 2572 principe
686 2513 752 2563 luerit
763 2514 881 2573 quicquam
911 2545 918 2559 ·

93 2584 240 2638 memorabile,
253 2584 276 2631 id
288 2603 315 2631 ex
327 2585 508 2644 ordinewvereque
520 2604 545 2632 ac
557 2585 650 2632 breviter
662 2585 782 2633 videamus.
794 2585 881 2634 Addam

54 2653 80 2703 25
95 2670 144 2713 post
156 2656 204 2705 illos
217 2656 255 2716 qui
268 2657 327 2705 orbis
340 2652 515 2717 descriptionem,
529 2658 642 2716 regionum
655 2659 766 2713 terminos,
780 2659 844 2707 maris
856 2680 882 2708 ac

92 2741 148 2777 terre
167 2731 263 2784 nomina,
279 2731 377 2788 gentium
392 2723 532 2779 ritus'varios
548 2730 692 2779 tradiderunt.
708 2730 765 2780 Sunt
781 2732 840 2780 enim
854 2733 882 2781 ad

93 2796 254 2862 cognoscendas
263 2802 362 2851 historias
373 2804 427 2851 adeo
438 2804 542 2850 commoti
550 2817 575 2851 ut
584 2813 628 2860 quo
636 2804 659 2850 in
668 2803 723 2858 Ioco,
732 2823 776 2862 quo
784 2817 883 2863 tempore

62 2902 64 2905 -
93 2873 121 2919 sit
135 2875 253 2934 quicquam
266 2887 351 2932 gestum
364 2874 483 2933 intelligere
497 2875 544 2924 sine
556 2875 609 2934 ipsis
623 2874 792 2935 haudquaquam
805 2877 882 2935 possis.

95 2944 141 2993 Hos
157 2947 222 3004 igitur
233 2947 270 3006 qui
283 2959 333 2994 sunt
344 2948 372 2995 de
382 2948 416 2995 his
428 2948 495 2996 rebus
504 2948 581 2996 Latine
591 2968 616 2995 ac
628 2949 691 2997 docte
702 2949 768 2998 locuti
779 2950 883 3008 (quadam
