2093 3253
274 124 408 156 scurronum
423 123 554 155 nrusrnron
566 134 581 140 —
594 124 653 155 cisen
667 123 696 154 vr.
861 113 899 157 169

81 233 83 236 ‚
98 257 100 262 '
160 241 270 291 Ciceronis
284 259 372 298 quoque
385 237 502 293 familiaris,
516 238 649 298 Pomponius
661 238 753 293 Atticus,
768 239 809 287 hoc
826 240 849 287 in
862 261 899 298 ge-

116 336 167 367 nere
178 327 274 364 versatus
284 326 324 361 est.
336 311 378 361 Res
389 312 430 360 iste
441 311 548 360 Romanas
559 332 614 370 quae
634 312 662 360 ab
672 311 727 360 urbe
738 312 825 361 condita
835 333 900 361 suum

82 443 84 446 v
116 391 143 438 ad
158 388 217 436 diem
230 405 301 444 usque
318 384 409 432 luissent
427 385 565 443 (septingenti
583 385 688 433 fluxerant
705 385 765 442 anni)
783 385 838 433 libro
855 407 900 434 uno

115 461 227 520 amplexus
239 471 278 506 est.
293 458 324 505 lta
336 458 395 504 enim
406 457 481 515 populi
493 457 584 505 Romani
596 471 654 515 gesta
665 457 751 514 collegit
763 471 787 506 ut
800 478 855 515 quae
866 459 900 506 di-

89 538 101 587 5
116 535 171 583 'versi
183 545 204 581 et
214 530 277 579 multi
287 529 374 578 annales
385 530 526 585 continerent,
538 550 562 579 ea
572 531 660 579 servatis
670 531 783 579 ordinibus
794 549 866 580 rerum
876 552 901 579 ac

115 620 240 662 temporum
253 622 298 650 uno
312 602 368 649 libro
382 603 461 659 scripta
474 616 547 650 ornate
560 622 585 650 ac
598 602 691 651 breviter
705 602 843 651 haberentur.
858 604 900 651 Hic

115 697 201 736 nanque
216 675 306 724 Atticus·
313 686 346 723 est
356 673 442 723 Atticus
453 672 488 724 ille
498 674 526 724 ad
537 695 603 735 quem
614 673 724 724 Ciceronis
736 687 787 725 sunt
797 675 900 735 epistolae

116 750 195 799 multae
210 761 231 797 et
247 748 284 806 qui
300 747 407 796 habentur
417 747 466 795 libri
476 747 503 796 de
512 747 622 810 Amicicia,
633 748 660 796 de
670 748 772 807 Legibus,
783 748 810 797 de
820 749 900 797 Senec-

0 880 2 887 ,
76 846 78 850 ⁸
92 824 94 827 ’
114 836 161 878 tute
170 821 251 879 scripti.
261 820 321 868 Usus
330 832 362 867 est
371 820 461 877 quidem
470 819 546 868 Cicero
555 819 675 876 plurimum
683 820 826 886 familiaritate
835 821 900 870 huius

78 899 102 947 10
116 909 180 954 atque
192 893 360 943 benivolentiam
371 893 417 941 eius
427 893 506 941 teneris
517 892 544 941 ab
555 893 616 941 annis
627 906 712 951 ceptam
723 892 781 942 diem
792 913 862 952 usque
872 894 900 943 ad

115 961 218 1017 ultimum
233 968 289 1015 vitae
303 967 462 1014 accuratissime
477 966 605 1020 observavit,
620 978 668 1014 tum
683 966 789 1024 singulare
800 967 829 1014 ob
840 967 900 1025 inge-

115 1042 184 1094 nium,
200 1040 330 1092 doctrinam
344 1038 418 1093 fidem‚
433 1051 481 1086 tum
496 1039 642 1096 propinquam
656 1038 685 1086 ob
695 1038 828 1092 affinitatem,
840 1039 900 1097 quod

114 1113 172 1162 illius
191 1131 288 1160 sororem
306 1110 449 1170 Pomponiam
467 1129 556 1159 uxorem
575 1110 677 1168 Quintus,
697 1110 808 1159 Ciceronis
827 1110 899 1165 irater,

115 1186 210 1234 haberet.
226 1183 316 1232 Morum
330 1184 383 1231 item
399 1182 518 1231 similitudo
530 1183 636 1242 quaedam
649 1166 793 1240 coniunglebat
805 1203 849 1237 eoS,
860 1204 900 1231 nec

77 1260 100 1307 l5
116 1277 138 1305 re
151 1257 195 1305 ulla
209 1256 337 1304 differebant
351 1258 373 1305 ni
387 1257 447 1314 quod
462 1257 538 1304 Cicero
552 1256 660 1304 honorum
673 1256 791 1313 cupiditate
804 1257 900 1304 solicitus

114 1332 137 1378 in
148 1350 170 1377 re
181 1329 268 1387 publica
278 1342 405 1383 versaretur,
416 1329 514 1377 Atticum
524 1346 575 1377 vero
585 1329 626 1377 alia
636 1328 743 1387 quaedam
752 1329 837 1378 vivendi
846 1330 900 1378 ratio

115 1402 228 1451 honestam
244 1402 273 1450 ad
289 1401 467 1460 tranquillitatem
483 1402 549 1450 animi
567 1414 588 1450 et
605 1400 698 1450 liberum
715 1402 787 1450 ocium
804 1401 899 1455 duceret.

116 1477 160 1524 Sed
174 1477 271 1533 utrisque
285 1476 381 1533 alioquin
395 1496 439 1524 una
453 1477 572 1533 eademque
585 1476 684 1524 voluntas
699 1489 720 1523 et
734 1476 840 1525 iudicium
853 1497 899 1525 esse

115 1567 201 1595 summo
216 1567 267 1595 cum
278 1565 358 1600 amore,
370 1548 444 1604 gratia,
456 1547 600 1594 benivolentia
611 1546 731 1594 videbatur.
743 1546 794 1593 Erat
805 1547 900 1606 denique

66 1621 102 1681 20
116 1622 200 1668 Atticus
216 1640 282 1678 quem
297 1640 367 1668 unum
382 1620 495 1678 presertim
510 1632 531 1668 et
545 1633 595 1668 ante
610 1619 662 1667 alios
678 1620 755 1679 Cicero
770 1640 900 1679 quacunque

55 1699 56 1703 ’
115 1693 137 1741 in
152 1712 175 1741 re
189 1693 263 1748 ardua,
278 1694 322 1742 sive
336 1712 439 1751 prospera
453 1705 508 1741 esset
522 1694 566 1741 sive
580 1692 675 1747 adversa,
690 1692 818 1751 consuleret,
833 1713 899 1751 quem

117 1765 205 1814 haberet
217 1784 307 1814 suorum
320 1766 419 1813 omniurn
432 1784 558 1814 sermonum
570 1783 703 1823 suorumque
716 1766 816 1813 omnium
829 1767 900 1814 consi-

77 1879 79 1884 .
116 1838 195 1885 liorum
205 1839 318 1886 conscium
328 1851 393 1897 atque
403 1837 538 1896 participem,
547 1851 568 1886 et
579 1858 675 1896 quocum
684 1857 730 1886 uno
739 1851 760 1887 et
767 1837 900 1888 familiariter

115 1911 231 1969 suspiraret
246 1924 267 1960 et
282 1910 349 1959 libere
361 1912 474 1960 iocaretur.
488 1910 615 1959 Ciceronem
627 1930 715 1969 quoque
731 1930 782 1959 cum
794 1931 820 1960 ex
832 1913 899 1969 patria

14 2010 15 2013 =
74 1983 100 2030 25
116 1980 200 2041 lugeret
214 1984 319 2032 donatum
328 1984 369 2031 hoc
378 1985 419 2031 isto
427 2003 439 2030 a
448 1983 575 2041 Pomponio,
585 1984 622 2041 qui
631 1996 679 2031 tum
687 1982 743 2031 lorte
751 1983 900 2032 obversaretur

117 2054 214 2109 Athenis,
226 2057 330 2103 sextertiis
342 2056 440 2104 ducentis
451 2068 473 2103 et
483 2056 623 2113 quadraginta
635 2055 722 2103 milibus
733 2057 798 2103 tradit
809 2056 899 2104 Cornel·

61 2158 68 2161 —
115 2126 156 2175 lius
172 2126 254 2186 Nepos.
265 2126 325 2175 Bello
336 2141 409 2175 autem
419 2126 539 2175 Cesareano
550 2147 572 2174 se
583 2148 627 2175 non
637 2128 756 2176 immiscuit
765 2128 850 2176 Atticus
861 2129 899 2176 sed

116 2201 176 2257 quasi
191 2202 265 2249 aetatis
278 2201 514 2259 vacationeimpetrata
528 2200 605 2259 (annos
623 2200 713 2260 quidem
731 2201 772 2247 LX
785 2214 837 2248 tunc
849 2222 899 2259 age-

115 2271 161 2330 bat)
170 2294 282 2331 nunquam
292 2273 346 2322 urbe
356 2272 466 2332 profectus
476 2286 508 2321 est
517 2287 583 2331 atque
592 2274 622 2322 ita
629 2274 682 2322 vixit
691 2286 716 2322 ut
726 2275 796 2322 neutri
805 2276 899 2332 partium

63 2344 103 2391 ’30
118 2344 224 2394 obnoxius
239 2347 355 2395 videretur.
370 2347 460 2404 Origine
474 2359 546 2395 autem
561 2346 680 2404 eademque
694 2347 760 2394 veteri
775 2359 796 2393 et
810 2348 899 2405 antiqua

115 2417 167 2480 civis
183 2417 293 2466 Romanus
303 2419 397 2477 equestri
407 2439 433 2466 ex
442 2419 518 2466 ordine
527 2418 575 2467 luit.
585 2417 680 2476 Neptem
690 2437 741 2467 vero
750 2439 811 2466 suam
819 2419 899 2477 Agrip-

105 2486 190 2547 pinam
202 2491 236 2540 M.
246 2492 343 2550 Agrippa
354 2492 449 2550 genitam
459 2509 548 2541 uxorem
559 2486 608 2550 post
618 2491 673 2540 bella
684 2491 760 2546 civilia,
772 2511 822 2540 cum
833 2491 899 2541 Octa-

109 2630 137 2668 27.
150 2601 242 2675 Nepvrtu.
256 2632 272 2669 4.
285 2630 302 2668 4,

74 2710 216 2720 ᾖ*

115 2758 145 2811 10
159 2757 191 2804 Ex
204 2758 282 2803 Atticus
294 2777 342 2803 corr.
398 2759 431 2803 21.
445 2759 487 2803 sive
500 2759 610 2813 prosp(era)
625 2765 638 2802 ι’.
653 2778 679 2811 r.;
694 2768 736 2803 erat
757 2770 776 2803 et
791 2765 898 2814 prospere?

32 2849 34 2853 ,
74 2818 105 2867 26.
119 2823 215 2869 sextertiis
232 2839 255 2871 ex
273 2824 370 2877 sestercia,
386 2823 476 2870 ducentis
492 2843 515 2871 ex
532 2824 623 2876 ducenta,
641 2824 721 2871 milibus
739 2845 762 2872 ex
779 2826 832 2871 milia
848 2845 897 2872 corr.

74 2888 105 2934 30.
119 2893 234 2948 etantiqua
247 2910 293 2936 sscr.
