2093 3253
153 204 193 249 430
452 220 546 251 siccours
561 220 679 251 rotaurom

152 368 154 373 .
195 335 268 383 datam
283 333 323 382 sibi
339 354 351 381 a
366 346 441 381 senatu
452 352 492 391 pro
503 353 525 381 re
537 333 623 392 publica
634 334 745 382 obtinebat
757 347 886 392 senatusque
897 336 978 385 amicus

196 428 242 455 esse
255 426 279 455 ac
292 406 363 454 lavere
376 405 468 453 libertati
482 405 581 463 publicae
593 406 713 454 videbatur.

239 479 326 538 Quippe
341 498 374 527 res
390 478 476 538 publica
490 500 516 527 eo
531 478 641 528 Ciceronis
656 479 729 528 studio
744 480 847 538 perducta
862 495 906 530 erat
920 486 979 541 quod

197 554 286 602 evadere
301 552 471 611 haudquaquam
486 553 619 611 permultum
634 565 707 611 posset
719 553 838 608 Antonius,
850 554 914 612 quod
930 555 979 605 bine

171 629 183 676 5
199 626 229 675 D.
244 626 337 674 Brutum
352 625 464 674 inimicum
477 625 505 673 ad
518 637 577 684 terga
590 638 704 684 urgentem
717 625 812 682 haberet,
826 626 877 674 inde
890 627 980 681 Plancus

146 745 149 748 .
198 722 225 748 ne
239 720 332 758 usquam
347 699 446 748 evaderet
462 699 538 748 obvius
554 699 671 749 adveniret.
688 698 749 747 Nihil
765 698 823 748 enim
839 701 946 759 praesidii,
961 706 978 753 si

155 810 156 813 η
199 772 311 819 mansisset
326 772 348 818 in
363 771 406 818 fide
422 772 525 828 Lepidus,
543 772 639 819 Antonio
658 772 789 819 remanebat.
807 774 836 820 At
854 792 905 821 vero
923 775 978 824 illius

199 844 309 892 voluntate
324 856 405 891 mutata
425 843 539 891 consilium
562 864 626 891 omne
643 843 754 891 Ciceronis
771 844 864 893 evanuit.
886 845 978 897 Contio·
1040 899 1047 913 5

155 953 156 957 ,
199 917 244 965 uari
260 916 348 975 quidem
364 916 460 975 Lepidus
474 936 496 964 se
510 936 560 964 cum
573 916 669 964 Antonio
682 917 761 964 sentire
775 936 929 976 saepenumero
942 940 979 970 au=

160 992 185 1040 ll]
201 991 258 1039 ditus
272 1003 323 1044 erat,
337 990 460 1038 venientem
473 1010 561 1048 quoque
574 990 646 1048 ipsum
660 1011 768 1048 opemque
781 991 808 1040 ab
822 1012 848 1039 eo
861 1013 885 1040 ac
899 993 980 1043 miseri·

199 1064 295 1111 cordiam
315 1062 467 1121 implorantem
481 1075 556 1110 contra
578 1083 653 1110 omnes
673 1062 716 1110 lide
738 1061 816 1110 violata
835 1063 979 1116 adiuvandum

200 1135 406 1194 delendendumque
420 1134 522 1193 suscepit.
541 1134 638 1183 Primum
657 1135 722 1193 igitur
741 1133 844 1195 Plancum
863 1136 912 1185 data
930 1159 979 1188 curn

200 1232 238 1270 spe
250 1209 353 1268 iungendi
366 1209 439 1268 copias
451 1208 634 1268 propinquantem
645 1209 705 1267 apud
719 1209 798 1258 lsaram
812 1210 902 1260 lluvium
915 1225 980 1261 retro-

182 1323 184 1325 .
200 1283 276 1330 cedere
291 1280 403 1338 compulit.
418 1281 505 1328 Deinde
519 1281 646 1334 Antonium,
662 1302 712 1329 cum
728 1295 826 1329 senatum
837 1282 871 1329 -illi
887 1286 980 1332 reconci·

162 1356 187 1403 15
202 1354 253 1403 liare
269 1353 373 1402 Cicerone
387 1352 519 1411 impediente
539 1373 582 1400 non
602 1365 680 1411 posset,
701 1352 792 1402 Octavio
811 1375 870 1413 pace,
890 1354 981 1413 loedere,

157 1462 159 1466 -
199 1428 302 1479 affinitate
316 1426 435 1474 coniunxit.

235 1500 319 1549 ‘Cicero
337 1512 416 1553 autem,
436 1512 460 1546 ut
479 1512 574 1554 mentem
593 1499 670 1557 Lepidi
690 1513 794 1548 mutatam
812 1502 885 1556 sensit,
905 1523 927 1550 se
945 1503 980 1557 illi,

157 1613 159 1615 .
201 1585 282 1632 quanto
298 1570 387 1620 consilio
401 1584 525 1631 quantaque
538 1571 664 1620 auctoritate
678 1592 702 1620 ac
716 1571 853 1622 solicitudine
867 1575 944 1634 potuit,
959 1589 982 1625 ut
1037 1568 1046 1589 ³

172 1676 175 1682 ⁴
202 1646 287 1694 obviam
302 1645 342 1693 iret
358 1644 418 1693 malis
434 1645 543 1703 opposuit.
560 1645 657 1703 Scriptae
673 1645 764 1704 quidem
778 1660 826 1695 turn
841 1648 869 1696 ab
885 1670 911 1696 eo
926 1648 981 1698 litte·

159 1721 188 1768 20
203 1738 238 1768 rae
253 1731 303 1767 sunt
318 1718 346 1766 ad
361 1719 394 1766 M.
409 1718 508 1772 Brutum,
519 1739 574 1777 quae
583 1740 627 1777 quo
637 1720 659 1766 in
668 1732 725 1767 statu
734 1733 859 1780 quantoque
869 1721 891 1769 in
900 1723 982 1781 pericu·
1041 1712 1047 1776 l

202 1793 223 1839 lo
237 1804 293 1840 esset
308 1810 341 1838 res
352 1791 438 1849 publica
448 1792 575 1839 nunciarent
586 1793 723 1850 eundemque
733 1793 863 1842 solicitarent
873 1815 898 1842 ac
908 1796 982 1843 exhor·

202 1876 298 1913 tarentur
313 1876 337 1911 ut
352 1884 418 1921 quam
432 1864 549 1918 celerrime,
565 1865 582 1911 si
599 1883 644 1912 rem
659 1864 768 1922 publicam
784 1865 864 1914 salvam
876 1866 945 1921 vellet,
957 1868 983 1915 ad

203 1938 280 1986 urbem
300 1957 350 1985 cum
370 1937 437 1996 copiis
452 1936 567 1985 advolaret.
589 1936 686 1997 Scriptae
706 1938 733 1986 ad
749 1937 872 1995 Octavium,
893 1961 948 2000 quae
963 1953 982 1988 et

203 2024 289 2058 senatus
304 2010 408 2057 beneficia
420 2023 570 2063 memorarent,
584 2024 605 2057 et
617 2011 689 2067 ipsum
701 2024 725 2058 ut
738 2007 833 2059 maneret
845 2013 868 2059 in
880 2012 923 2060 fide
935 2032 983 2060 cum

162 2084 189 2132 25
205 2075 345 2141 optimatibus
360 2082 483 2139 rogitarent.
501 2081 598 2139 Scriptae
613 2082 641 2130 ad
658 2083 692 2131 M.
709 2082 825 2140 Lepidum,
842 2105 897 2142 quae
914 2085 983 2143 ipsum

204 2156 287 2215 placere
303 2156 398 2204 dicerent
412 2176 437 2203 ae
451 2156 563 2204 laudarent
579 2156 596 2203 si
613 2156 640 2204 de
656 2176 707 2214 pace
723 2156 812 2204 Antonii
829 2177 880 2204 cum
895 2156 983 2205 Octavio
998 2162 1000 2166 ’

205 2229 238 2278 his
252 2228 416 2278 condicionibus
430 2241 502 2287 ageret
519 2249 574 2288 quae
591 2228 683 2277 libertati
701 2228 800 2288 publicae
817 2250 861 2277 non
878 2229 983 2278 obessent.

205 2304 255 2353 Una
270 2303 359 2362 quidem
374 2306 402 2365 ac·
413 2299 497 2351 sumina
511 2303 563 2351 baec
576 2321 627 2351 cura
639 2303 789 2361 impediendae
802 2304 860 2361 pacis
874 2302 983 2362 occupavit

205 2375 415 2434 Ciceronem,quod
430 2373 557 2433 intelligeret
578 2374 636 2422 illam
658 2374 826 2434 haudquaquam
847 2375 874 2423 ad
895 2374 984 2424 salutem

163 2451 192 2498 30
207 2462 228 2497 et
239 2449 335 2507 quietem
345 2449 425 2506 patriae
435 2468 511 2496 verum
523 2469 584 2496 suam
595 2449 623 2496 ad
634 2448 718 2496 ruinam
729 2469 753 2496 ac
764 2449 882 2506 perniciem
893 2448 922 2496 rei
929 2446 984 2506 pub·
1046 2474 1047 2477 ¹

205 2523 258 2570 licae
272 2522 403 2580 pertractari.
416 2521 460 2568 Sed
471 2521 573 2568 aliorsum
585 2521 662 2568 animis
678 2520 786 2569 inclinatis
801 2542 909 2580 nusquam
924 2518 984 2567 audi-

178 2604 180 2606 ’
205 2609 240 2644 tus
256 2609 295 2643 est.
308 2594 401 2642 Proinde
413 2608 438 2642 ut
451 2614 505 2653 quos
519 2606 582 2652 cepto
594 2615 606 2641 a
619 2593 706 2641 loedere
719 2593 819 2652 precibus
832 2590 931 2641 revocare
943 2609 985 2639 non

206 2681 278 2727 posset
293 2667 369 2715 saltem
383 2667 460 2715 timore
475 2666 548 2725 aliquo
559 2666 681 2721 deterreret,
694 2666 776 2714 senatui
787 2666 892 2724 persuasit
903 2678 927 2714 ut
938 2664 985 2712 bos·

163 2761 192 2768 .-.

201 2803 228 2840 19.
242 2802 276 2841 Cic.
290 2801 316 2839 At
330 2803 376 2840 Brut.
387 2801 399 2838 l.
413 2801 486 2844 tt.2;1.
503 2800 528 2838 18.
545 2801 558 2837 1.
608 2801 636 2837 23.
649 2801 674 2838 Ps.
689 2799 723 2837 Cic.
736 2800 763 2839 At
775 2800 832 2838 Oetae.
846 2801 863 2837 4,
913 2799 940 2837 25.
953 2796 986 2836 Cic.

163 2866 209 2902 Fon.
222 2865 243 2902 X.
257 2864 285 2901 27.

206 2997 238 3040 28.
253 2995 411 3051 impedielndae)
427 3002 439 3039 ι’.
455 3015 479 3046 r.;
493 3015 515 3040 ex
530 2995 647 3039 Ciceronem
661 3002 727 3039 statim
741 3014 790 3039 corr.
