<?xml version="1.0" encoding="UTF-8"?>
<!DOCTYPE html PUBLIC "-//W3C//DTD XHTML 1.0 Transitional//EN"
    "http://www.w3.org/TR/xhtml1/DTD/xhtml1-transitional.dtd">
<html xmlns="http://www.w3.org/1999/xhtml" xml:lang="en" lang="en">
 <head>
  <title>
</title>
<meta http-equiv="Content-Type" content="text/html;charset=utf-8" />
  <meta name='ocr-system' content='tesseract 3.04.00' />
  <meta name='ocr-capabilities' content='ocr_page ocr_carea ocr_par ocr_line ocrx_word'/>
</head>
<body>
  <div class='ocr_page' id='page_1' title='image "MN40033ucmf_2_0176.png"; bbox 0 0 2093 3253; ppageno 0'>
   <div class='ocr_carea' id='block_1_1' title="bbox 414 186 679 225">
    <p class='ocr_par' dir='ltr' id='par_1_1' title="bbox 414 186 679 225">
     <span class='ocr_line' id='line_1_1' title="bbox 414 186 679 225; baseline 0.008 -2"><span class='ocrx_word' id='word_1_1' title='bbox 414 188 507 224; x_wconf 77' lang='lat' dir='ltr'>&#39;srccours</span> <span class='ocrx_word' id='word_1_2' title='bbox 521 194 636 225; x_wconf 76' lang='lat' dir='ltr'>Poianrom</span> <span class='ocrx_word' id='word_1_3' title='bbox 677 186 679 190; x_wconf 80' lang='grc'>’</span> 
     </span>
    </p>
   </div>
   <div class='ocr_carea' id='block_1_2' title="bbox 122 304 1035 803">
    <p class='ocr_par' dir='ltr' id='par_1_2' title="bbox 122 304 1035 803">
     <span class='ocr_line' id='line_1_2' title="bbox 155 304 939 364; baseline 0.005 -11"><span class='ocrx_word' id='word_1_4' title='bbox 155 318 261 354; x_wconf 68' lang='lat' dir='ltr'>autem&#39;et</span> <span class='ocrx_word' id='word_1_5' title='bbox 273 306 359 363; x_wconf 83' lang='lat' dir='ltr'>magnis·</span> <span class='ocrx_word' id='word_1_6' title='bbox 367 318 389 352; x_wconf 88' lang='lat' dir='ltr'>et</span> <span class='ocrx_word' id='word_1_7' title='bbox 401 304 474 353; x_wconf 88' lang='lat' dir='ltr'>multis</span> <span class='ocrx_word' id='word_1_8' title='bbox 486 325 537 353; x_wconf 93' lang='lat' dir='ltr'>cum</span> <span class='ocrx_word' id='word_1_9' title='bbox 548 305 635 363; x_wconf 89' lang='lat' dir='ltr'>publice</span> <span class='ocrx_word' id='word_1_10' title='bbox 646 318 693 355; x_wconf 85' lang='lat' dir='ltr'>tum</span> <span class='ocrx_word' id='word_1_11' title='bbox 710 307 792 364; x_wconf 87' lang='lat' dir='ltr'>private</span> <span class='ocrx_word' id='word_1_12' title='bbox 809 307 892 356; x_wconf 83' lang='lat' dir='ltr'>iniuriis</span> <span class='ocrx_word' id='word_1_13' title='bbox 903 308 939 357; x_wconf 55' lang='lat' dir='ltr'>&#39;la-</span> 
     </span>
     <span class='ocr_line' id='line_1_3' title="bbox 122 377 939 438; baseline 0.004 -11"><span class='ocrx_word' id='word_1_14' title='bbox 122 399 125 405; x_wconf 92' lang='lat'>·</span> <span class='ocrx_word' id='word_1_15' title='bbox 156 379 239 434; x_wconf 70' lang='lat' dir='ltr'>comita,</span> <span class='ocrx_word' id='word_1_16' title='bbox 251 399 302 428; x_wconf 88' lang='lat' dir='ltr'>cum</span> <span class='ocrx_word' id='word_1_17' title='bbox 313 378 424 428; x_wconf 89' lang='lat' dir='ltr'>neminem</span> <span class='ocrx_word' id='word_1_18' title='bbox 435 378 535 426; x_wconf 84' lang='lat' dir='ltr'>omniurn</span> <span class='ocrx_word' id='word_1_19' title='bbox 546 379 584 437; x_wconf 84' lang='lat' dir='ltr'>qui</span> <span class='ocrx_word' id='word_1_20' title='bbox 595 377 661 427; x_wconf 85' lang='lat' dir='ltr'>lerret</span> <span class='ocrx_word' id='word_1_21' title='bbox 672 401 737 438; x_wconf 91' lang='lat' dir='ltr'>opem</span> <span class='ocrx_word' id='word_1_22' title='bbox 748 379 834 429; x_wconf 80' lang='lat' dir='ltr'>afflictis·</span> <span class='ocrx_word' id='word_1_23' title='bbox 843 381 939 437; x_wconf 88' lang='lat' dir='ltr'>haberet,</span> 
     </span>
     <span class='ocr_line' id='line_1_4' title="bbox 156 449 939 511; baseline 0.004 -10"><span class='ocrx_word' id='word_1_24' title='bbox 156 452 243 501; x_wconf 86' lang='lat' dir='ltr'>secessit</span> <span class='ocrx_word' id='word_1_25' title='bbox 253 453 276 500; x_wconf 91' lang='lat' dir='ltr'>in</span> <span class='ocrx_word' id='word_1_26' title='bbox 287 449 391 501; x_wconf 86' lang='lat' dir='ltr'>montem.</span> <span class='ocrx_word' id='word_1_27' title='bbox 403 451 478 499; x_wconf 81' lang='lat' dir='ltr'><strong>Fuisse</strong></span> <span class='ocrx_word' id='word_1_28' title='bbox 488 451 547 500; x_wconf 89' lang='lat' dir='ltr'>hunc</span> <span class='ocrx_word' id='word_1_29' title='bbox 556 452 592 500; x_wconf 90' lang='lat' dir='ltr'>alii</span> <span class='ocrx_word' id='word_1_30' title='bbox 602 450 742 508; x_wconf 72' lang='lat' dir='ltr'>Aventinum,</span> <span class='ocrx_word' id='word_1_31' title='bbox 753 454 791 511; x_wconf 80' lang='lat' dir='ltr'>qui</span> <span class='ocrx_word' id='word_1_32' title='bbox 802 449 867 502; x_wconf 79' lang='lat' dir='ltr'>estin</span> <span class='ocrx_word' id='word_1_33' title='bbox 877 454 939 510; x_wconf 86' lang='lat' dir='ltr'>urbe,</span> 
     </span>
     <span class='ocr_line' id='line_1_5' title="bbox 156 521 939 585; baseline 0.003 -12"><span class='ocrx_word' id='word_1_34' title='bbox 156 526 191 573; x_wconf 88' lang='lat' dir='ltr'>alii</span> <span class='ocrx_word' id='word_1_35' title='bbox 206 526 304 578; x_wconf 85' lang='lat' dir='ltr'>Sacrum,</span> <span class='ocrx_word' id='word_1_36' title='bbox 320 525 358 581; x_wconf 85' lang='lat' dir='ltr'>qui</span> <span class='ocrx_word' id='word_1_37' title='bbox 373 537 431 571; x_wconf 85' lang='lat' dir='ltr'>trans</span> <span class='ocrx_word' id='word_1_38' title='bbox 447 523 555 572; x_wconf 76' lang='lat' dir='ltr'>Anienem</span> <span class='ocrx_word' id='word_1_39' title='bbox 569 523 650 573; x_wconf 84' lang='lat' dir='ltr'>flumen</span> <span class='ocrx_word' id='word_1_40' title='bbox 665 526 693 573; x_wconf 86' lang='lat' dir='ltr'>ad</span> <span class='ocrx_word' id='word_1_41' title='bbox 707 526 747 573; x_wconf 86' lang='lat' dir='ltr'>tria</span> <span class='ocrx_word' id='word_1_42' title='bbox 763 526 821 573; x_wconf 89' lang='lat' dir='ltr'>milia</span> <span class='ocrx_word' id='word_1_43' title='bbox 835 521 939 585; x_wconf 82' lang='lat' dir='ltr'>passuum</span> 
     </span>
     <span class='ocr_line' id='line_1_6' title="bbox 123 597 1035 664; baseline 0.001 -17"><span class='ocrx_word' id='word_1_44' title='bbox 123 600 143 648; x_wconf 83' lang='grc'>-5</span> <span class='ocrx_word' id='word_1_45' title='bbox 158 599 223 647; x_wconf 80' lang='lat' dir='ltr'>distat</span> <span class='ocrx_word' id='word_1_46' title='bbox 236 597 264 646; x_wconf 86' lang='lat' dir='ltr'>ab</span> <span class='ocrx_word' id='word_1_47' title='bbox 278 597 339 653; x_wconf 90' lang='lat' dir='ltr'>urbe,</span> <span class='ocrx_word' id='word_1_48' title='bbox 352 610 437 656; x_wconf 80' lang='lat' dir='ltr'>putant.</span> <span class='ocrx_word' id='word_1_49' title='bbox 450 597 516 646; x_wconf 82' lang='lat' dir='ltr'>Erant</span> <span class='ocrx_word' id='word_1_50' title='bbox 528 598 618 657; x_wconf 86' lang='lat' dir='ltr'>quidem</span> <span class='ocrx_word' id='word_1_51' title='bbox 630 619 673 647; x_wconf 88' lang='lat' dir='ltr'>una</span> <span class='ocrx_word' id='word_1_52' title='bbox 685 620 697 647; x_wconf 87' lang='lat' dir='ltr'>e</span> <span class='ocrx_word' id='word_1_53' title='bbox 709 599 794 648; x_wconf 84' lang='lat' dir='ltr'>civitate</span> <span class='ocrx_word' id='word_1_54' title='bbox 806 600 881 658; x_wconf 90' lang='lat' dir='ltr'>populi</span> <span class='ocrx_word' id='word_1_55' title='bbox 894 600 939 649; x_wconf 90' lang='lat' dir='ltr'>duo</span> <span class='ocrx_word' id='word_1_56' title='bbox 1022 652 1035 664; x_wconf 11' lang='grc' dir='ltr'>,Ἴ</span> 
     </span>
     <span class='ocr_line' id='line_1_7' title="bbox 156 665 1034 731; baseline 0.002 -11"><span class='ocrx_word' id='word_1_57' title='bbox 156 692 181 720; x_wconf 82' lang='lat' dir='ltr'>ac</span> <span class='ocrx_word' id='word_1_58' title='bbox 196 672 305 720; x_wconf 81' lang='lat' dir='ltr'><strong>discordes</strong></span> <span class='ocrx_word' id='word_1_59' title='bbox 317 671 375 720; x_wconf 86' lang='lat' dir='ltr'>lacti.</span> <span class='ocrx_word' id='word_1_60' title='bbox 387 670 518 719; x_wconf 79' lang='lat' dir='ltr'>Fremebant</span> <span class='ocrx_word' id='word_1_61' title='bbox 528 691 615 730; x_wconf 86' lang='lat' dir='ltr'>nanque</span> <span class='ocrx_word' id='word_1_62' title='bbox 625 684 696 729; x_wconf 90' lang='lat' dir='ltr'>patres</span> <span class='ocrx_word' id='word_1_63' title='bbox 707 672 730 720; x_wconf 92' lang='lat' dir='ltr'>in</span> <span class='ocrx_word' id='word_1_64' title='bbox 741 671 810 731; x_wconf 87' lang='lat' dir='ltr'>plebis</span> <span class='ocrx_word' id='word_1_65' title='bbox 820 673 949 729; x_wconf 71' lang='lat' dir='ltr'>audaciam,</span> <span class='ocrx_word' id='word_1_66' title='bbox 1019 665 1034 688; x_wconf 52' lang='lat'>³</span> 
     </span>
     <span class='ocr_line' id='line_1_8' title="bbox 149 739 1026 803; baseline 0.001 -11"><span class='ocrx_word' id='word_1_67' title='bbox 149 739 218 800; x_wconf 75' lang='lat' dir='ltr'>&#39;plebs</span> <span class='ocrx_word' id='word_1_68' title='bbox 232 763 283 792; x_wconf 85' lang='lat' dir='ltr'>vero</span> <span class='ocrx_word' id='word_1_69' title='bbox 299 757 389 800; x_wconf 51' lang='lat' dir='ltr'>patrum¹</span> <span class='ocrx_word' id='word_1_70' title='bbox 401 756 422 789; x_wconf 87' lang='lat' dir='ltr'>et</span> <span class='ocrx_word' id='word_1_71' title='bbox 437 743 561 800; x_wconf 84' lang='lat' dir='ltr'>superbiam</span> <span class='ocrx_word' id='word_1_72' title='bbox 576 757 597 790; x_wconf 90' lang='lat' dir='ltr'>et</span> <span class='ocrx_word' id='word_1_73' title='bbox 612 745 725 791; x_wconf 81' lang='lat' dir='ltr'>avariciam</span> <span class='ocrx_word' id='word_1_74' title='bbox 741 746 830 792; x_wconf 78' lang='lat' dir='ltr'>nimiam</span> <span class='ocrx_word' id='word_1_75' title='bbox 840 765 864 791; x_wconf 90' lang='lat' dir='ltr'>ac</span> <span class='ocrx_word' id='word_1_76' title='bbox 875 764 939 803; x_wconf 86' lang='lat' dir='ltr'>supra</span> <span class='ocrx_word' id='word_1_77' title='bbox 1023 747 1026 754; x_wconf 56' lang='lat'><em>⁴</em></span> 
     </span>
    </p>
   </div>
   <div class='ocr_carea' id='block_1_3' title="bbox 117 816 944 2986">
    <p class='ocr_par' dir='ltr' id='par_1_3' title="bbox 117 816 941 1809">
     <span class='ocr_line' id='line_1_9' title="bbox 157 816 939 876; baseline 0.004 -12"><span class='ocrx_word' id='word_1_78' title='bbox 157 837 223 876; x_wconf 88' lang='lat' dir='ltr'>quam</span> <span class='ocrx_word' id='word_1_79' title='bbox 236 816 322 865; x_wconf 87' lang='lat' dir='ltr'>tolerari</span> <span class='ocrx_word' id='word_1_80' title='bbox 335 828 408 875; x_wconf 90' lang='lat' dir='ltr'>posset</span> <span class='ocrx_word' id='word_1_81' title='bbox 420 816 485 874; x_wconf 89' lang='lat' dir='ltr'>pleno</span> <span class='ocrx_word' id='word_1_82' title='bbox 497 816 570 864; x_wconf 86' lang='lat' dir='ltr'>animo</span> <span class='ocrx_word' id='word_1_83' title='bbox 582 816 716 865; x_wconf 80' lang='lat' dir='ltr'>incusabant.</span> <span class='ocrx_word' id='word_1_84' title='bbox 729 816 793 865; x_wconf 85' lang='lat' dir='ltr'>Plebe</span> <span class='ocrx_word' id='word_1_85' title='bbox 805 829 878 866; x_wconf 88' lang='lat' dir='ltr'>autem</span> <span class='ocrx_word' id='word_1_86' title='bbox 890 838 939 876; x_wconf 87' lang='lat' dir='ltr'>per-</span> 
     </span>
     <span class='ocr_line' id='line_1_10' title="bbox 157 890 939 951; baseline 0.001 -14"><span class='ocrx_word' id='word_1_87' title='bbox 157 902 272 939; x_wconf 82' lang='lat' dir='ltr'>severante</span> <span class='ocrx_word' id='word_1_88' title='bbox 282 910 307 937; x_wconf 88' lang='lat' dir='ltr'>ac</span> <span class='ocrx_word' id='word_1_89' title='bbox 323 910 346 937; x_wconf 90' lang='lat' dir='ltr'>se</span> <span class='ocrx_word' id='word_1_90' title='bbox 361 901 475 937; x_wconf 87' lang='lat' dir='ltr'>venturam</span> <span class='ocrx_word' id='word_1_91' title='bbox 490 890 513 937; x_wconf 89' lang='lat' dir='ltr'>in</span> <span class='ocrx_word' id='word_1_92' title='bbox 529 902 659 947; x_wconf 81' lang='lat' dir='ltr'>potestatem</span> <span class='ocrx_word' id='word_1_93' title='bbox 674 902 761 948; x_wconf 89' lang='lat' dir='ltr'>patrum</span> <span class='ocrx_word' id='word_1_94' title='bbox 777 892 800 939; x_wconf 90' lang='lat' dir='ltr'>ni</span> <span class='ocrx_word' id='word_1_95' title='bbox 815 891 939 951; x_wconf 85' lang='lat' dir='ltr'>adaequatis</span> 
     </span>
     <span class='ocr_line' id='line_1_11' title="bbox 119 957 940 1022; baseline 0.001 -10"><span class='ocrx_word' id='word_1_96' title='bbox 119 966 145 1012; x_wconf 80' lang='lat'>10</span> <span class='ocrx_word' id='word_1_97' title='bbox 159 963 242 1021; x_wconf 80' lang='lat' dir='ltr'>legibus</span> <span class='ocrx_word' id='word_1_98' title='bbox 257 957 349 1011; x_wconf 84' lang='lat' dir='ltr'>omnino</span> <span class='ocrx_word' id='word_1_99' title='bbox 362 976 461 1020; x_wconf 79' lang='lat' dir='ltr'>negante,</span> <span class='ocrx_word' id='word_1_100' title='bbox 477 962 571 1019; x_wconf 79' lang='lat' dir='ltr'>legatum</span> <span class='ocrx_word' id='word_1_101' title='bbox 586 963 615 1011; x_wconf 88' lang='lat' dir='ltr'>ad</span> <span class='ocrx_word' id='word_1_102' title='bbox 631 963 717 1020; x_wconf 79' lang='lat' dir='ltr'>plebem</span> <span class='ocrx_word' id='word_1_103' title='bbox 733 966 771 1022; x_wconf 82' lang='lat' dir='ltr'>qui</span> <span class='ocrx_word' id='word_1_104' title='bbox 787 965 814 1011; x_wconf 89' lang='lat' dir='ltr'>de</span> <span class='ocrx_word' id='word_1_105' title='bbox 829 964 940 1014; x_wconf 89' lang='lat' dir='ltr'>condicio-</span> 
     </span>
     <span class='ocr_line' id='line_1_12' title="bbox 157 1035 941 1094; baseline 0.001 -11"><span class='ocrx_word' id='word_1_106' title='bbox 157 1036 220 1083; x_wconf 85' lang='lat' dir='ltr'>nibus</span> <span class='ocrx_word' id='word_1_107' title='bbox 235 1048 308 1093; x_wconf 83' lang='lat' dir='ltr'>ageret</span> <span class='ocrx_word' id='word_1_108' title='bbox 327 1037 433 1082; x_wconf 83' lang='lat' dir='ltr'>miserunt</span> <span class='ocrx_word' id='word_1_109' title='bbox 451 1048 530 1092; x_wconf 86' lang='lat' dir='ltr'>patres.</span> <span class='ocrx_word' id='word_1_110' title='bbox 551 1035 571 1082; x_wconf 91' lang='lat' dir='ltr'>ls</span> <span class='ocrx_word' id='word_1_111' title='bbox 590 1035 632 1082; x_wconf 80' lang='lat' dir='ltr'>luit</span> <span class='ocrx_word' id='word_1_112' title='bbox 651 1035 767 1083; x_wconf 82' lang='lat' dir='ltr'>Menenius</span> <span class='ocrx_word' id='word_1_113' title='bbox 785 1036 888 1094; x_wconf 75' lang='lat' dir='ltr'>Agrippa,</span> <span class='ocrx_word' id='word_1_114' title='bbox 908 1038 941 1085; x_wconf 89' lang='lat' dir='ltr'>vir</span> 
     </span>
     <span class='ocr_line' id='line_1_13' title="bbox 157 1107 940 1166; baseline 0 -10"><span class='ocrx_word' id='word_1_115' title='bbox 157 1109 238 1166; x_wconf 85' lang='lat' dir='ltr'>quippe</span> <span class='ocrx_word' id='word_1_116' title='bbox 253 1121 377 1165; x_wconf 86' lang='lat' dir='ltr'>patrumex</span> <span class='ocrx_word' id='word_1_117' title='bbox 388 1107 463 1166; x_wconf 77' lang='lat' dir='ltr'>ordine</span> <span class='ocrx_word' id='word_1_118' title='bbox 475 1128 565 1165; x_wconf 80' lang='lat' dir='ltr'>magnus</span> <span class='ocrx_word' id='word_1_119' title='bbox 577 1107 614 1154; x_wconf 90' lang='lat' dir='ltr'>sed</span> <span class='ocrx_word' id='word_1_120' title='bbox 626 1108 695 1165; x_wconf 91' lang='lat' dir='ltr'>plebis</span> <span class='ocrx_word' id='word_1_121' title='bbox 706 1108 765 1156; x_wconf 83' lang='lat' dir='ltr'>omni</span> <span class='ocrx_word' id='word_1_122' title='bbox 777 1108 847 1157; x_wconf 87' lang='lat' dir='ltr'>officio</span> <span class='ocrx_word' id='word_1_123' title='bbox 857 1111 940 1157; x_wconf 82' lang='lat' dir='ltr'>amicus</span> 
     </span>
     <span class='ocr_line' id='line_1_14' title="bbox 157 1180 940 1239; baseline 0.001 -10"><span class='ocrx_word' id='word_1_124' title='bbox 157 1194 178 1229; x_wconf 85' lang='lat' dir='ltr'>et</span> <span class='ocrx_word' id='word_1_125' title='bbox 192 1180 271 1229; x_wconf 78' lang='lat' dir='ltr'>fautor.</span> <span class='ocrx_word' id='word_1_126' title='bbox 287 1180 369 1229; x_wconf 87' lang='lat' dir='ltr'>Missus</span> <span class='ocrx_word' id='word_1_127' title='bbox 383 1180 449 1238; x_wconf 78' lang='lat' dir='ltr'>igitur</span> <span class='ocrx_word' id='word_1_128' title='bbox 463 1192 534 1228; x_wconf 89' lang='lat' dir='ltr'>orator</span> <span class='ocrx_word' id='word_1_129' title='bbox 547 1200 559 1228; x_wconf 88' lang='lat' dir='ltr'>a</span> <span class='ocrx_word' id='word_1_130' title='bbox 572 1180 669 1239; x_wconf 90' lang='lat' dir='ltr'>patribus</span> <span class='ocrx_word' id='word_1_131' title='bbox 683 1182 723 1229; x_wconf 87' lang='lat' dir='ltr'>iste</span> <span class='ocrx_word' id='word_1_132' title='bbox 735 1181 822 1239; x_wconf 84' lang='lat' dir='ltr'>plebem</span> <span class='ocrx_word' id='word_1_133' title='bbox 835 1181 875 1230; x_wconf 87' lang='lat' dir='ltr'>hac</span> <span class='ocrx_word' id='word_1_134' title='bbox 887 1203 940 1231; x_wconf 90' lang='lat' dir='ltr'>con-</span> 
     </span>
     <span class='ocr_line' id='line_1_15' title="bbox 157 1252 941 1312; baseline 0.001 -11"><span class='ocrx_word' id='word_1_135' title='bbox 157 1254 242 1301; x_wconf 89' lang='lat' dir='ltr'>dicione</span> <span class='ocrx_word' id='word_1_136' title='bbox 256 1254 346 1308; x_wconf 87' lang='lat' dir='ltr'>sedavit,</span> <span class='ocrx_word' id='word_1_137' title='bbox 358 1266 385 1301; x_wconf 75' lang='lat' dir='ltr'>&#39;ut</span> <span class='ocrx_word' id='word_1_138' title='bbox 398 1252 457 1310; x_wconf 90' lang='lat' dir='ltr'>plebi</span> <span class='ocrx_word' id='word_1_139' title='bbox 471 1253 544 1301; x_wconf 89' lang='lat' dir='ltr'>liceret</span> <span class='ocrx_word' id='word_1_140' title='bbox 557 1274 640 1301; x_wconf 90' lang='lat' dir='ltr'>annuos</span> <span class='ocrx_word' id='word_1_141' title='bbox 654 1253 753 1301; x_wconf 89' lang='lat' dir='ltr'>tribunos</span> <span class='ocrx_word' id='word_1_142' title='bbox 767 1254 852 1309; x_wconf 88' lang='lat' dir='ltr'>habere,</span> <span class='ocrx_word' id='word_1_143' title='bbox 867 1254 905 1312; x_wconf 84' lang='lat' dir='ltr'>qui</span> <span class='ocrx_word' id='word_1_144' title='bbox 919 1269 941 1303; x_wconf 90' lang='lat' dir='ltr'>et</span> 
     </span>
     <span class='ocr_line' id='line_1_16' title="bbox 120 1325 941 1383; baseline 0.001 -10"><span class='ocrx_word' id='word_1_145' title='bbox 120 1328 143 1374; x_wconf 61' lang='grc' dir='ltr'>ὅ</span> <span class='ocrx_word' id='word_1_146' title='bbox 159 1327 287 1373; x_wconf 86' lang='lat' dir='ltr'>sacrosancti</span> <span class='ocrx_word' id='word_1_147' title='bbox 298 1338 369 1373; x_wconf 89' lang='lat' dir='ltr'>essent</span> <span class='ocrx_word' id='word_1_148' title='bbox 380 1338 401 1371; x_wconf 88' lang='lat' dir='ltr'>et</span> <span class='ocrx_word' id='word_1_149' title='bbox 413 1325 500 1383; x_wconf 87' lang='lat' dir='ltr'>plebem</span> <span class='ocrx_word' id='word_1_150' title='bbox 510 1326 570 1372; x_wconf 90' lang='lat' dir='ltr'>omni</span> <span class='ocrx_word' id='word_1_151' title='bbox 580 1345 593 1373; x_wconf 92' lang='lat' dir='ltr'>a</span> <span class='ocrx_word' id='word_1_152' title='bbox 604 1327 624 1373; x_wconf 92' lang='lat' dir='ltr'>vi</span> <span class='ocrx_word' id='word_1_153' title='bbox 635 1338 722 1382; x_wconf 91' lang='lat' dir='ltr'>patrum</span> <span class='ocrx_word' id='word_1_154' title='bbox 733 1345 758 1374; x_wconf 88' lang='lat' dir='ltr'>ac</span> <span class='ocrx_word' id='word_1_155' title='bbox 768 1326 883 1374; x_wconf 87' lang='lat' dir='ltr'>consulum</span> <span class='ocrx_word' id='word_1_156' title='bbox 892 1339 941 1374; x_wconf 81' lang='lat' dir='ltr'>tue·</span> 
     </span>
     <span class='ocr_line' id='line_1_17' title="bbox 158 1397 940 1458; baseline 0.003 -12"><span class='ocrx_word' id='word_1_157' title='bbox 158 1410 238 1447; x_wconf 85' lang='lat' dir='ltr'>rentur.</span> <span class='ocrx_word' id='word_1_158' title='bbox 253 1397 314 1447; x_wconf 89' lang='lat' dir='ltr'>Tum</span> <span class='ocrx_word' id='word_1_159' title='bbox 322 1400 418 1458; x_wconf 88' lang='lat' dir='ltr'>primum</span> <span class='ocrx_word' id='word_1_160' title='bbox 426 1397 508 1447; x_wconf 91' lang='lat' dir='ltr'>tribuni</span> <span class='ocrx_word' id='word_1_161' title='bbox 517 1397 586 1457; x_wconf 90' lang='lat' dir='ltr'>plebis</span> <span class='ocrx_word' id='word_1_162' title='bbox 596 1399 661 1447; x_wconf 89' lang='lat' dir='ltr'>creari</span> <span class='ocrx_word' id='word_1_163' title='bbox 671 1401 735 1457; x_wconf 87' lang='lat' dir='ltr'>cepti;</span> <span class='ocrx_word' id='word_1_164' title='bbox 744 1400 841 1458; x_wconf 83' lang='lat' dir='ltr'>quinque</span> <span class='ocrx_word' id='word_1_165' title='bbox 850 1420 940 1448; x_wconf 88' lang='lat' dir='ltr'>numero</span> 
     </span>
     <span class='ocr_line' id='line_1_18' title="bbox 126 1469 941 1533; baseline 0 -13"><span class='ocrx_word' id='word_1_166' title='bbox 126 1492 128 1504; x_wconf 84' lang='lat'><em>·</em></span> <span class='ocrx_word' id='word_1_167' title='bbox 157 1472 245 1533; x_wconf 77' lang='lat' dir='ltr'>luerunt</span> <span class='ocrx_word' id='word_1_168' title='bbox 255 1469 327 1530; x_wconf 88' lang='lat' dir='ltr'>primi.</span> <span class='ocrx_word' id='word_1_169' title='bbox 344 1471 430 1519; x_wconf 83' lang='lat' dir='ltr'>Deinde</span> <span class='ocrx_word' id='word_1_170' title='bbox 446 1491 549 1519; x_wconf 89' lang='lat' dir='ltr'>numerus</span> <span class='ocrx_word' id='word_1_171' title='bbox 560 1469 636 1519; x_wconf 76' lang='lat' dir='ltr'>eorum</span> <span class='ocrx_word' id='word_1_172' title='bbox 645 1472 673 1520; x_wconf 92' lang='lat' dir='ltr'>ad</span> <span class='ocrx_word' id='word_1_173' title='bbox 688 1472 764 1520; x_wconf 88' lang='lat' dir='ltr'>decem</span> <span class='ocrx_word' id='word_1_174' title='bbox 781 1484 856 1521; x_wconf 89' lang='lat' dir='ltr'>auctus</span> <span class='ocrx_word' id='word_1_175' title='bbox 867 1474 941 1521; x_wconf 86' lang='lat' dir='ltr'>crevit.</span> 
     </span>
     <span class='ocr_line' id='line_1_19' title="bbox 158 1543 941 1603; baseline 0.003 -11"><span class='ocrx_word' id='word_1_176' title='bbox 158 1545 202 1592; x_wconf 81' lang='lat' dir='ltr'>Sed</span> <span class='ocrx_word' id='word_1_177' title='bbox 216 1545 305 1592; x_wconf 84' lang='lat' dir='ltr'>victoria</span> <span class='ocrx_word' id='word_1_178' title='bbox 313 1544 349 1592; x_wconf 91' lang='lat' dir='ltr'>illa</span> <span class='ocrx_word' id='word_1_179' title='bbox 356 1543 426 1602; x_wconf 87' lang='lat' dir='ltr'>plebis</span> <span class='ocrx_word' id='word_1_180' title='bbox 434 1544 518 1591; x_wconf 90' lang='lat' dir='ltr'>animus</span> <span class='ocrx_word' id='word_1_181' title='bbox 526 1544 555 1591; x_wconf 88' lang='lat' dir='ltr'>ad</span> <span class='ocrx_word' id='word_1_182' title='bbox 562 1544 654 1598; x_wconf 85' lang='lat' dir='ltr'>honores</span> <span class='ocrx_word' id='word_1_183' title='bbox 662 1543 731 1592; x_wconf 86' lang='lat' dir='ltr'>lactus</span> <span class='ocrx_word' id='word_1_184' title='bbox 739 1546 821 1593; x_wconf 90' lang='lat' dir='ltr'>avidior</span> <span class='ocrx_word' id='word_1_185' title='bbox 828 1565 941 1603; x_wconf 89' lang='lat' dir='ltr'>nunquam</span> 
     </span>
     <span class='ocr_line' id='line_1_20' title="bbox 158 1615 941 1674; baseline 0 -10"><span class='ocrx_word' id='word_1_186' title='bbox 158 1618 221 1664; x_wconf 85' lang='lat' dir='ltr'>desiit</span> <span class='ocrx_word' id='word_1_187' title='bbox 235 1618 315 1672; x_wconf 79' lang='lat' dir='ltr'>agitare</span> <span class='ocrx_word' id='word_1_188' title='bbox 330 1629 400 1673; x_wconf 85' lang='lat' dir='ltr'>patres</span> <span class='ocrx_word' id='word_1_189' title='bbox 414 1616 486 1672; x_wconf 88' lang='lat' dir='ltr'>quoad</span> <span class='ocrx_word' id='word_1_190' title='bbox 492 1615 587 1662; x_wconf 83' lang='lat' dir='ltr'>··tandem</span> <span class='ocrx_word' id='word_1_191' title='bbox 599 1635 664 1662; x_wconf 90' lang='lat' dir='ltr'>cursu</span> <span class='ocrx_word' id='word_1_192' title='bbox 676 1628 800 1673; x_wconf 90' lang='lat' dir='ltr'>temporum</span> <span class='ocrx_word' id='word_1_193' title='bbox 813 1629 941 1674; x_wconf 84' lang='lat' dir='ltr'>potestatem</span> 
     </span>
     <span class='ocr_line' id='line_1_21' title="bbox 117 1687 941 1746; baseline 0 -9"><span class='ocrx_word' id='word_1_194' title='bbox 117 1689 145 1737; x_wconf 86' lang='lat'>20</span> <span class='ocrx_word' id='word_1_195' title='bbox 159 1688 246 1737; x_wconf 88' lang='lat' dir='ltr'>creandi</span> <span class='ocrx_word' id='word_1_196' title='bbox 260 1709 272 1736; x_wconf 93' lang='lat' dir='ltr'>e</span> <span class='ocrx_word' id='word_1_197' title='bbox 283 1687 346 1746; x_wconf 87' lang='lat' dir='ltr'>plebe</span> <span class='ocrx_word' id='word_1_198' title='bbox 357 1700 378 1735; x_wconf 92' lang='lat' dir='ltr'>et</span> <span class='ocrx_word' id='word_1_199' title='bbox 389 1687 488 1735; x_wconf 90' lang='lat' dir='ltr'>consules</span> <span class='ocrx_word' id='word_1_200' title='bbox 499 1701 520 1736; x_wconf 90' lang='lat' dir='ltr'>et</span> <span class='ocrx_word' id='word_1_201' title='bbox 532 1708 587 1746; x_wconf 85' lang='lat' dir='ltr'>quos</span> <span class='ocrx_word' id='word_1_202' title='bbox 598 1689 707 1737; x_wconf 86' lang='lat' dir='ltr'>nominavi</span> <span class='ocrx_word' id='word_1_203' title='bbox 719 1709 794 1737; x_wconf 87' lang='lat' dir='ltr'>omnes</span> <span class='ocrx_word' id='word_1_204' title='bbox 805 1689 941 1746; x_wconf 79' lang='lat' dir='ltr'>magistratus</span> 
     </span>
     <span class='ocr_line' id='line_1_22' title="bbox 158 1762 252 1809; baseline 0 -1"><span class='ocrx_word' id='word_1_205' title='bbox 158 1762 252 1809; x_wconf 87' lang='lat' dir='ltr'>haberet.</span> 
     </span>
    </p>

    <p class='ocr_par' dir='ltr' id='par_1_4' title="bbox 157 1831 941 2037">
     <span class='ocr_line' id='line_1_23' title="bbox 199 1831 941 1891; baseline -0.001 -11"><span class='ocrx_word' id='word_1_206' title='bbox 199 1831 293 1881; x_wconf 87' lang='lat' dir='ltr'>Tribuni</span> <span class='ocrx_word' id='word_1_207' title='bbox 308 1852 396 1891; x_wconf 88' lang='lat' dir='ltr'>quoque</span> <span class='ocrx_word' id='word_1_208' title='bbox 411 1831 505 1880; x_wconf 83' lang='lat' dir='ltr'>militum</span> <span class='ocrx_word' id='word_1_209' title='bbox 518 1833 570 1880; x_wconf 89' lang='lat' dir='ltr'>odio</span> <span class='ocrx_word' id='word_1_210' title='bbox 583 1832 697 1880; x_wconf 89' lang='lat' dir='ltr'>consulum</span> <span class='ocrx_word' id='word_1_211' title='bbox 711 1833 775 1880; x_wconf 88' lang='lat' dir='ltr'>creati</span> <span class='ocrx_word' id='word_1_212' title='bbox 789 1844 847 1880; x_wconf 84' lang='lat' dir='ltr'>sunt.</span> <span class='ocrx_word' id='word_1_213' title='bbox 861 1832 906 1881; x_wconf 88' lang='lat' dir='ltr'>Sed</span> <span class='ocrx_word' id='word_1_214' title='bbox 919 1833 941 1880; x_wconf 87' lang='lat' dir='ltr'>hi</span> 
     </span>
     <span class='ocr_line' id='line_1_24' title="bbox 157 1904 941 1965; baseline 0 -11"><span class='ocrx_word' id='word_1_215' title='bbox 157 1905 274 1965; x_wconf 87' lang='lat' dir='ltr'>aliquando</span> <span class='ocrx_word' id='word_1_216' title='bbox 289 1904 452 1964; x_wconf 82' lang='lat' dir='ltr'>gubernandam</span> <span class='ocrx_word' id='word_1_217' title='bbox 467 1904 495 1953; x_wconf 88' lang='lat' dir='ltr'>ad</span> <span class='ocrx_word' id='word_1_218' title='bbox 509 1925 555 1953; x_wconf 93' lang='lat' dir='ltr'>rem</span> <span class='ocrx_word' id='word_1_219' title='bbox 574 1904 685 1963; x_wconf 86' lang='lat' dir='ltr'>publicam</span> <span class='ocrx_word' id='word_1_220' title='bbox 704 1906 819 1954; x_wconf 90' lang='lat' dir='ltr'>consulum</span> <span class='ocrx_word' id='word_1_221' title='bbox 833 1905 888 1960; x_wconf 83' lang='lat' dir='ltr'>loco,</span> <span class='ocrx_word' id='word_1_222' title='bbox 902 1906 941 1954; x_wconf 82' lang='lat' dir='ltr'>ali-</span> 
     </span>
     <span class='ocr_line' id='line_1_25' title="bbox 157 1977 941 2037; baseline -0.001 -10"><span class='ocrx_word' id='word_1_223' title='bbox 157 1980 246 2037; x_wconf 87' lang='lat' dir='ltr'>quando</span> <span class='ocrx_word' id='word_1_224' title='bbox 254 1979 295 2026; x_wconf 91' lang='lat' dir='ltr'>sub</span> <span class='ocrx_word' id='word_1_225' title='bbox 304 1977 438 2031; x_wconf 87' lang='lat' dir='ltr'>consulibus,</span> <span class='ocrx_word' id='word_1_226' title='bbox 446 1991 471 2025; x_wconf 90' lang='lat' dir='ltr'>ut</span> <span class='ocrx_word' id='word_1_227' title='bbox 479 1992 551 2025; x_wconf 86' lang='lat' dir='ltr'>essent</span> <span class='ocrx_word' id='word_1_228' title='bbox 559 1979 581 2026; x_wconf 89' lang='lat' dir='ltr'>in</span> <span class='ocrx_word' id='word_1_229' title='bbox 590 1978 684 2026; x_wconf 86' lang='lat' dir='ltr'>exercitu</span> <span class='ocrx_word' id='word_1_230' title='bbox 692 1978 720 2025; x_wconf 89' lang='lat' dir='ltr'>ad</span> <span class='ocrx_word' id='word_1_231' title='bbox 728 1978 814 2026; x_wconf 88' lang='lat' dir='ltr'>ordines</span> <span class='ocrx_word' id='word_1_232' title='bbox 823 1978 941 2031; x_wconf 89' lang='lat' dir='ltr'>ducendos,</span> 
     </span>
    </p>

    <p class='ocr_par' dir='ltr' id='par_1_5' title="bbox 118 2045 881 2100">
     <span class='ocr_line' id='line_1_26' title="bbox 118 2045 881 2100; baseline -0.003 0"><span class='ocrx_word' id='word_1_233' title='bbox 118 2045 148 2100; x_wconf 48' lang='grc' dir='ltr'>25Ἰ</span> <span class='ocrx_word' id='word_1_234' title='bbox 160 2052 219 2100; x_wconf 77' lang='lat' dir='ltr'>lacti.</span> <span class='ocrx_word' id='word_1_235' title='bbox 879 2050 881 2052; x_wconf 35' lang='lat'><strong><em>¹</em></strong></span> 
     </span>
    </p>

    <p class='ocr_par' dir='ltr' id='par_1_6' title="bbox 157 2124 942 2403">
     <span class='ocr_line' id='line_1_27' title="bbox 200 2124 942 2183; baseline 0 -10"><span class='ocrx_word' id='word_1_236' title='bbox 200 2124 230 2173; x_wconf 90' lang='lat' dir='ltr'>Hi</span> <span class='ocrx_word' id='word_1_237' title='bbox 245 2125 340 2183; x_wconf 88' lang='lat' dir='ltr'>denique</span> <span class='ocrx_word' id='word_1_238' title='bbox 352 2138 403 2173; x_wconf 90' lang='lat' dir='ltr'>sunt</span> <span class='ocrx_word' id='word_1_239' title='bbox 416 2125 551 2182; x_wconf 79' lang='lat' dir='ltr'>magistratus</span> <span class='ocrx_word' id='word_1_240' title='bbox 564 2124 644 2183; x_wconf 88' lang='lat' dir='ltr'>quibus</span> <span class='ocrx_word' id='word_1_241' title='bbox 656 2127 688 2173; x_wconf 84' lang='lat' dir='ltr'>est</span> <span class='ocrx_word' id='word_1_242' title='bbox 701 2125 798 2173; x_wconf 89' lang='lat' dir='ltr'>Romana</span> <span class='ocrx_word' id='word_1_243' title='bbox 810 2144 843 2173; x_wconf 92' lang='lat' dir='ltr'>res</span> <span class='ocrx_word' id='word_1_244' title='bbox 855 2124 942 2182; x_wconf 89' lang='lat' dir='ltr'>publica</span> 
     </span>
     <span class='ocr_line' id='line_1_28' title="bbox 157 2196 942 2254; baseline -0.001 -7"><span class='ocrx_word' id='word_1_245' title='bbox 157 2218 226 2247; x_wconf 88' lang='lat' dir='ltr'>annos</span> <span class='ocrx_word' id='word_1_246' title='bbox 241 2196 421 2252; x_wconf 83' lang='lat' dir='ltr'>CCCCLXHH,</span> <span class='ocrx_word' id='word_1_247' title='bbox 437 2197 478 2244; x_wconf 92' lang='lat' dir='ltr'>hoc</span> <span class='ocrx_word' id='word_1_248' title='bbox 491 2209 523 2245; x_wconf 88' lang='lat' dir='ltr'>est</span> <span class='ocrx_word' id='word_1_249' title='bbox 535 2218 548 2244; x_wconf 95' lang='lat' dir='ltr'>a</span> <span class='ocrx_word' id='word_1_250' title='bbox 560 2196 646 2254; x_wconf 79' lang='lat' dir='ltr'>regibus</span> <span class='ocrx_word' id='word_1_251' title='bbox 659 2197 739 2245; x_wconf 86' lang='lat' dir='ltr'>exactis</span> <span class='ocrx_word' id='word_1_252' title='bbox 751 2197 779 2245; x_wconf 91' lang='lat' dir='ltr'>ad</span> <span class='ocrx_word' id='word_1_253' title='bbox 794 2197 878 2246; x_wconf 86' lang='lat' dir='ltr'>lulium</span> <span class='ocrx_word' id='word_1_254' title='bbox 887 2197 942 2246; x_wconf 81' lang='lat' dir='ltr'>Cae-</span> 
     </span>
     <span class='ocr_line' id='line_1_29' title="bbox 158 2269 942 2328; baseline -0.001 -10"><span class='ocrx_word' id='word_1_255' title='bbox 158 2290 234 2324; x_wconf 90' lang='lat' dir='ltr'>sarem,</span> <span class='ocrx_word' id='word_1_256' title='bbox 250 2271 368 2328; x_wconf 81' lang='lat' dir='ltr'>gubernata</span> <span class='ocrx_word' id='word_1_257' title='bbox 381 2282 488 2327; x_wconf 87' lang='lat' dir='ltr'>auctaque</span> <span class='ocrx_word' id='word_1_258' title='bbox 501 2290 527 2316; x_wconf 88' lang='lat' dir='ltr'>ac</span> <span class='ocrx_word' id='word_1_259' title='bbox 541 2270 629 2316; x_wconf 87' lang='lat' dir='ltr'>domina</span> <span class='ocrx_word' id='word_1_260' title='bbox 643 2271 709 2317; x_wconf 91' lang='lat' dir='ltr'>totius</span> <span class='ocrx_word' id='word_1_261' title='bbox 724 2289 792 2327; x_wconf 87' lang='lat' dir='ltr'>prope</span> <span class='ocrx_word' id='word_1_262' title='bbox 806 2270 864 2317; x_wconf 91' lang='lat' dir='ltr'>orbis</span> <span class='ocrx_word' id='word_1_263' title='bbox 878 2269 942 2318; x_wconf 85' lang='lat' dir='ltr'>lacta.</span> 
     </span>
     <span class='ocr_line' id='line_1_30' title="bbox 158 2340 942 2403; baseline -0.003 -10"><span class='ocrx_word' id='word_1_264' title='bbox 158 2344 188 2393; x_wconf 85' lang='lat' dir='ltr'>Eo</span> <span class='ocrx_word' id='word_1_265' title='bbox 198 2344 287 2403; x_wconf 84' lang='lat' dir='ltr'>quidem</span> <span class='ocrx_word' id='word_1_266' title='bbox 295 2355 392 2401; x_wconf 86' lang='lat' dir='ltr'>ternpore</span> <span class='ocrx_word' id='word_1_267' title='bbox 402 2341 520 2400; x_wconf 86' lang='lat' dir='ltr'>republica</span> <span class='ocrx_word' id='word_1_268' title='bbox 530 2340 596 2390; x_wconf 89' lang='lat' dir='ltr'>libera</span> <span class='ocrx_word' id='word_1_269' title='bbox 606 2362 693 2390; x_wconf 89' lang='lat' dir='ltr'>omnem</span> <span class='ocrx_word' id='word_1_270' title='bbox 702 2341 747 2390; x_wconf 76' lang='lat' dir='ltr'>lere</span> <span class='ocrx_word' id='word_1_271' title='bbox 756 2354 861 2394; x_wconf 88' lang='lat' dir='ltr'>terrarum</span> <span class='ocrx_word' id='word_1_272' title='bbox 866 2342 942 2391; x_wconf 88' lang='lat' dir='ltr'>orbem</span> 
     </span>
    </p>

    <p class='ocr_par' dir='ltr' id='par_1_7' title="bbox 117 2415 944 2766">
     <span class='ocr_line' id='line_1_31' title="bbox 117 2415 943 2478; baseline -0.004 -12"><span class='ocrx_word' id='word_1_273' title='bbox 117 2419 145 2467; x_wconf 77' lang='lat'>30</span> <span class='ocrx_word' id='word_1_274' title='bbox 160 2418 253 2478; x_wconf 81' lang='lat' dir='ltr'>domuit</span> <span class='ocrx_word' id='word_1_275' title='bbox 261 2417 337 2464; x_wconf 87' lang='lat' dir='ltr'>Roma.</span> <span class='ocrx_word' id='word_1_276' title='bbox 352 2416 427 2464; x_wconf 89' lang='lat' dir='ltr'>Postea</span> <span class='ocrx_word' id='word_1_277' title='bbox 437 2417 519 2464; x_wconf 87' lang='lat' dir='ltr'>veroin</span> <span class='ocrx_word' id='word_1_278' title='bbox 529 2434 594 2473; x_wconf 85' lang='lat' dir='ltr'>quem</span> <span class='ocrx_word' id='word_1_279' title='bbox 603 2417 720 2470; x_wconf 86' lang='lat' dir='ltr'>nominavi,</span> <span class='ocrx_word' id='word_1_280' title='bbox 732 2415 812 2463; x_wconf 89' lang='lat' dir='ltr'>lulium</span> <span class='ocrx_word' id='word_1_281' title='bbox 821 2415 943 2474; x_wconf 79' lang='lat' dir='ltr'>Caesarem,</span> 
     </span>
     <span class='ocr_line' id='line_1_32' title="bbox 158 2489 943 2548; baseline -0.001 -11"><span class='ocrx_word' id='word_1_282' title='bbox 158 2491 241 2544; x_wconf 87' lang='lat' dir='ltr'>incidit,</span> <span class='ocrx_word' id='word_1_283' title='bbox 257 2490 295 2548; x_wconf 87' lang='lat' dir='ltr'>qui</span> <span class='ocrx_word' id='word_1_284' title='bbox 304 2503 325 2538; x_wconf 88' lang='lat' dir='ltr'>et</span> <span class='ocrx_word' id='word_1_285' title='bbox 335 2503 435 2537; x_wconf 88' lang='lat' dir='ltr'>senatum</span> <span class='ocrx_word' id='word_1_286' title='bbox 444 2489 552 2546; x_wconf 85' lang='lat' dir='ltr'>oppressit</span> <span class='ocrx_word' id='word_1_287' title='bbox 561 2501 582 2535; x_wconf 84' lang='lat' dir='ltr'>et</span> <span class='ocrx_word' id='word_1_288' title='bbox 590 2490 711 2545; x_wconf 86' lang='lat' dir='ltr'>imperandi</span> <span class='ocrx_word' id='word_1_289' title='bbox 720 2494 791 2536; x_wconf 81' lang='lat' dir='ltr'>mores</span> <span class='ocrx_word' id='word_1_290' title='bbox 799 2489 854 2536; x_wconf 90' lang='lat' dir='ltr'>adeo</span> <span class='ocrx_word' id='word_1_291' title='bbox 863 2490 943 2536; x_wconf 85' lang='lat' dir='ltr'>immu-</span> 
     </span>
     <span class='ocr_line' id='line_1_33' title="bbox 157 2559 943 2620; baseline -0.003 -8"><span class='ocrx_word' id='word_1_292' title='bbox 157 2563 210 2612; x_wconf 84' lang='lat' dir='ltr'>tavit</span> <span class='ocrx_word' id='word_1_293' title='bbox 224 2577 249 2611; x_wconf 87' lang='lat' dir='ltr'>ac</span> <span class='ocrx_word' id='word_1_294' title='bbox 266 2560 394 2611; x_wconf 88' lang='lat' dir='ltr'>dominandi</span> <span class='ocrx_word' id='word_1_295' title='bbox 411 2580 436 2609; x_wconf 89' lang='lat' dir='ltr'>ea</span> <span class='ocrx_word' id='word_1_296' title='bbox 452 2561 559 2620; x_wconf 87' lang='lat' dir='ltr'>principia</span> <span class='ocrx_word' id='word_1_297' title='bbox 575 2560 636 2609; x_wconf 87' lang='lat' dir='ltr'>dedit</span> <span class='ocrx_word' id='word_1_298' title='bbox 659 2559 718 2609; x_wconf 90' lang='lat' dir='ltr'>unde</span> <span class='ocrx_word' id='word_1_299' title='bbox 734 2560 787 2609; x_wconf 89' lang='lat' dir='ltr'>urbs</span> <span class='ocrx_word' id='word_1_300' title='bbox 803 2559 891 2609; x_wconf 89' lang='lat' dir='ltr'>tandem</span> <span class='ocrx_word' id='word_1_301' title='bbox 907 2559 943 2610; x_wconf 84' lang='lat' dir='ltr'>illa</span> 
     </span>
     <span class='ocr_line' id='line_1_34' title="bbox 158 2634 944 2696; baseline -0.005 -11"><span class='ocrx_word' id='word_1_302' title='bbox 158 2637 249 2696; x_wconf 88' lang='lat' dir='ltr'>imperio</span> <span class='ocrx_word' id='word_1_303' title='bbox 264 2649 296 2685; x_wconf 84' lang='lat' dir='ltr'>est</span> <span class='ocrx_word' id='word_1_304' title='bbox 312 2656 338 2684; x_wconf 89' lang='lat' dir='ltr'>ac</span> <span class='ocrx_word' id='word_1_305' title='bbox 354 2636 452 2684; x_wconf 88' lang='lat' dir='ltr'>libertate</span> <span class='ocrx_word' id='word_1_306' title='bbox 468 2635 556 2683; x_wconf 86' lang='lat' dir='ltr'>nudata.</span> <span class='ocrx_word' id='word_1_307' title='bbox 572 2634 660 2693; x_wconf 87' lang='lat' dir='ltr'>Quippe</span> <span class='ocrx_word' id='word_1_308' title='bbox 676 2648 763 2682; x_wconf 86' lang='lat' dir='ltr'>auctore</span> <span class='ocrx_word' id='word_1_309' title='bbox 781 2634 835 2682; x_wconf 89' lang='lat' dir='ltr'>lulio</span> <span class='ocrx_word' id='word_1_310' title='bbox 852 2634 944 2682; x_wconf 83' lang='lat' dir='ltr'>Caesare</span> 
     </span>
     <span class='ocr_line' id='line_1_35' title="bbox 158 2701 943 2766; baseline -0.005 -9"><span class='ocrx_word' id='word_1_311' title='bbox 158 2709 317 2766; x_wconf 81' lang='lat' dir='ltr'>magistratibus</span> <span class='ocrx_word' id='word_1_312' title='bbox 331 2722 353 2757; x_wconf 88' lang='lat' dir='ltr'>et</span> <span class='ocrx_word' id='word_1_313' title='bbox 366 2709 455 2756; x_wconf 87' lang='lat' dir='ltr'>nomina</span> <span class='ocrx_word' id='word_1_314' title='bbox 468 2720 550 2755; x_wconf 92' lang='lat' dir='ltr'>mutata</span> <span class='ocrx_word' id='word_1_315' title='bbox 563 2720 584 2754; x_wconf 87' lang='lat' dir='ltr'>et</span> <span class='ocrx_word' id='word_1_316' title='bbox 596 2719 691 2765; x_wconf 85' lang='lat' dir='ltr'>potestas</span> <span class='ocrx_word' id='word_1_317' title='bbox 704 2701 811 2755; x_wconf 85' lang='lat' dir='ltr'>diminuta</span> <span class='ocrx_word' id='word_1_318' title='bbox 824 2719 863 2754; x_wconf 86' lang='lat' dir='ltr'>est.</span> <span class='ocrx_word' id='word_1_319' title='bbox 877 2706 943 2754; x_wconf 91' lang='lat' dir='ltr'>Nulla</span> 
     </span>
    </p>

    <p class='ocr_par' dir='ltr' id='par_1_8' title="bbox 117 2778 944 2986">
     <span class='ocr_line' id='line_1_36' title="bbox 117 2778 943 2838; baseline -0.005 -6"><span class='ocrx_word' id='word_1_320' title='bbox 117 2782 145 2833; x_wconf 79' lang='lat'>35</span> <span class='ocrx_word' id='word_1_321' title='bbox 160 2780 238 2831; x_wconf 87' lang='lat' dir='ltr'>deinde</span> <span class='ocrx_word' id='word_1_322' title='bbox 248 2779 352 2838; x_wconf 82' lang='lat' dir='ltr'>patribus,</span> <span class='ocrx_word' id='word_1_323' title='bbox 363 2779 422 2829; x_wconf 87' lang='lat' dir='ltr'>nulla</span> <span class='ocrx_word' id='word_1_324' title='bbox 431 2780 513 2838; x_wconf 91' lang='lat' dir='ltr'>populo</span> <span class='ocrx_word' id='word_1_325' title='bbox 524 2779 629 2833; x_wconf 83' lang='lat' dir='ltr'>Romano,</span> <span class='ocrx_word' id='word_1_326' title='bbox 639 2778 698 2827; x_wconf 89' lang='lat' dir='ltr'>nulla</span> <span class='ocrx_word' id='word_1_327' title='bbox 707 2779 847 2838; x_wconf 73' lang='lat' dir='ltr'>reipublicae</span> <span class='ocrx_word' id='word_1_328' title='bbox 856 2778 943 2828; x_wconf 79' lang='lat' dir='ltr'>libertas</span> 
     </span>
     <span class='ocr_line' id='line_1_37' title="bbox 158 2852 944 2912; baseline -0.003 -10"><span class='ocrx_word' id='word_1_329' title='bbox 158 2852 207 2903; x_wconf 79' lang='lat' dir='ltr'>luit.</span> <span class='ocrx_word' id='word_1_330' title='bbox 222 2852 283 2902; x_wconf 89' lang='lat' dir='ltr'>Nihil</span> <span class='ocrx_word' id='word_1_331' title='bbox 298 2854 358 2902; x_wconf 90' lang='lat' dir='ltr'>enim</span> <span class='ocrx_word' id='word_1_332' title='bbox 372 2853 463 2901; x_wconf 92' lang='lat' dir='ltr'>consilio</span> <span class='ocrx_word' id='word_1_333' title='bbox 477 2852 566 2911; x_wconf 91' lang='lat' dir='ltr'>publico</span> <span class='ocrx_word' id='word_1_334' title='bbox 584 2865 664 2906; x_wconf 85' lang='lat' dir='ltr'>actum,</span> <span class='ocrx_word' id='word_1_335' title='bbox 683 2852 722 2900; x_wconf 88' lang='lat' dir='ltr'>sed</span> <span class='ocrx_word' id='word_1_336' title='bbox 740 2853 812 2900; x_wconf 88' lang='lat' dir='ltr'>omnia</span> <span class='ocrx_word' id='word_1_337' title='bbox 831 2852 869 2912; x_wconf 87' lang='lat' dir='ltr'>qui</span> <span class='ocrx_word' id='word_1_338' title='bbox 887 2864 944 2900; x_wconf 87' lang='lat' dir='ltr'>esset</span> 
     </span>
     <span class='ocr_line' id='line_1_38' title="bbox 158 2924 943 2986; baseline -0.004 -11"><span class='ocrx_word' id='word_1_339' title='bbox 158 2927 258 2986; x_wconf 89' lang='lat' dir='ltr'>princeps</span> <span class='ocrx_word' id='word_1_340' title='bbox 265 2947 305 2975; x_wconf 92' lang='lat' dir='ltr'>suo</span> <span class='ocrx_word' id='word_1_341' title='bbox 312 2928 358 2975; x_wconf 90' lang='lat' dir='ltr'>iure</span> <span class='ocrx_word' id='word_1_342' title='bbox 365 2938 386 2974; x_wconf 88' lang='lat' dir='ltr'>et</span> <span class='ocrx_word' id='word_1_343' title='bbox 392 2926 481 2974; x_wconf 88' lang='lat' dir='ltr'>arbitrio</span> <span class='ocrx_word' id='word_1_344' title='bbox 489 2925 622 2983; x_wconf 83' lang='lat' dir='ltr'>gubernavit.</span> <span class='ocrx_word' id='word_1_345' title='bbox 630 2924 736 2973; x_wconf 89' lang='lat' dir='ltr'>Consules</span> <span class='ocrx_word' id='word_1_346' title='bbox 745 2943 795 2973; x_wconf 85' lang='lat' dir='ltr'>vero</span> <span class='ocrx_word' id='word_1_347' title='bbox 802 2925 943 2984; x_wconf 82' lang='lat' dir='ltr'>aliquamdiu,</span> 
     </span>
    </p>
   </div>
   <div class='ocr_carea' id='block_1_4' title="bbox 0 0 1057 3253">
    <p class='ocr_par' dir='ltr' id='par_1_9' title="bbox 0 0 1057 3253">
     <span class='ocr_line' id='line_1_39' title="bbox 0 0 1057 3253; baseline 0 0"><span class='ocrx_word' id='word_1_348' title='bbox 0 0 1057 3253; x_wconf 95' lang='lat' dir='ltr'> </span> 
     </span>
    </p>
   </div>
  </div>
 </body>
</html>
