2093 3253
141 137 178 187 194
441 148 532 179 srccours
546 149 662 179 Poirurour

182 266 247 313 simos
273 264 387 323 superavit,
412 263 521 321 siquidem
545 263 655 321 pontificia
680 263 773 321 dignitas
798 264 967 322 haudquaquam
1026 267 1034 273 .,

182 359 253 387 annua
265 339 297 386 uti
310 338 446 395 magistratus
459 337 497 395 qui
511 336 674 394 gubernandam
687 329 773 384 adrem
786 336 896 394 publicam
909 357 967 386 crea·

161 450 163 452 ψ
183 423 264 465 rentur,
275 410 313 459 sed
323 410 355 459 uti
365 408 483 458 sacerdotia
494 430 549 469 quae
559 409 587 458 ad
597 409 723 468 religionem
733 421 854 468 spectarent
864 424 966 468 perpetua
1024 409 1038 464 'ff

162 526 164 528 >
183 498 235 534 erat.
250 484 337 533 Praetor
346 495 419 532 autem
429 495 513 532 creatur
523 483 609 537 deinde,
620 504 671 531 nam
680 483 745 531 simul
756 495 777 531 et
787 483 912 541 pontificem
922 503 967 533 esse

157 558 169 605 5
185 570 207 605 et
222 558 321 615 quemvis
336 556 485 613 magistratum
500 575 539 613 per
552 555 609 613 leges
622 556 682 603 obire
698 555 782 603 licebat.
801 555 848 603 Hos
863 574 915 608 vero
930 576 968 614 per

117 693 119 695 ‚
184 631 230 679 dies
244 629 375 678 detestabilis
390 629 510 677 coniuratio
525 628 630 677 Catilinae
645 628 751 688 patefacta
766 641 805 678 est.
820 627 909 678 'Consul
924 643 967 679 erat
1032 624 1035 661 s

184 716 236 751 tunc
247 701 369 755 Cicerals,
378 701 439 759 quod
447 720 479 749 res
492 721 557 750 novas
568 701 603 749 alii
615 700 749 756 molirentur,
760 700 888 753 aliieonscii
897 719 968 751 rerum

185 790 286 825 eventum
305 775 382 836 animis
402 775 474 823 dubiis
489 788 633 834 expectarent,
648 776 711 834 pauci
727 775 770 823 fide
785 776 868 832 integra
883 795 969 824 conser-

185 849 277 898 vendam
289 849 317 897 ad
330 866 376 896 rem
388 847 498 906 publicam
511 847 629 905 vigilarent,
638 867 713 896 omnes
722 867 800 906 magno
811 846 907 907 periculo
917 847 969 896 sub-

146 925 172 981 lO
187 918 287 983 iacerent,
300 923 408 987 'advocato
424 934 499 970 senatu
513 940 562 978 rem
573 942 661 970 omnem
672 921 744 970 relert.
757 920 872 983 Catilinam
883 920 970 979 expellit

175 995 246 1049 urbe,
261 996 358 1043 conscios
372 995 436 1053 capit,
456 994 510 1053 quid
524 994 551 1041 de
567 994 619 1052 ipsis
634 994 680 1041 fieri
696 993 778 1052 placeat
796 994 912 1042 sententias
927 993 968 1043 dici

185 1080 251 1127 atque
264 1067 350 1116 decerni
364 1081 431 1125 rogat.
446 1066 503 1115 Ante
517 1086 592 1115 omnes
606 1085 646 1124 pro
660 1065 764 1124 dignitate
778 1066 864 1124 rogatus
878 1065 907 1114 D.
922 1066 969 1124 Syl·
1027 1083 1041 1132 js

150 1192 152 1195 ,
186 1141 255 1195 lanus,
271 1142 308 1200 qui
325 1140 448 1198 designatus
464 1139 539 1188 consul
555 1139 655 1188 Ciceroni
671 1158 810 1189 successurus
826 1152 877 1195 erat,
894 1138 970 1189 ultimo

186 1214 293 1273 supplicio
309 1233 356 1263 reos
373 1234 418 1262 esse
435 1213 556 1271 puniendos
573 1226 653 1262 censet.
672 1213 734 1262 Hanc
750 1214 773 1262 in
788 1214 917 1262 sententiam
932 1234 969 1272 pe·

148 1289 173 1336 15
190 1288 253 1336 dibus
269 1287 329 1336 ibant
344 1306 426 1334 omnes.
444 1287 516 1344 Ipsam
531 1305 582 1334 vero
598 1286 682 1340 Caesar,
699 1287 736 1334 ubi
754 1306 780 1334 ex
793 1287 869 1334 ordine
882 1299 971 1334 ventum
1029 1284 1047 1353 Ξ

187 1358 263 1408 estad
279 1379 337 1415 eum,
358 1379 396 1408 seu
413 1360 520 1419 particeps
539 1359 624 1409 sceleris
642 1359 766 1409 timendum
786 1359 852 1408 etiam
868 1357 909 1407 sibi
926 1379 971 1408 esse

187 1447 287 1493 putaret.
304 1447 328 1482 ut
352 1433 428 1482 volunt
452 1434 548 1492 quidam,
573 1455 611 1482 seu
635 1452 676 1492 pro
700 1435 772 1482 innata
794 1433 834 1481 sibi
858 1433 970 1482 clementia
1028 1429 1047 1503 ᾗ]

189 1519 248 1553 tanta
263 1507 364 1554 severitas
379 1505 508 1562 displiceret,
524 1518 548 1553 ut
563 1506 629 1563 aliqui
646 1506 736 1559 malunt,
757 1506 892 1563 impugnavit
906 1506 971 1551 solus.
1029 1503 1039 1548 3:

189 1577 244 1625 Reos
268 1577 357 1636 quidem
381 1576 550 1636 haudquaquam
572 1576 680 1625 necandos
704 1577 743 1625 sed
764 1577 878 1636 publicatis
897 1595 971 1625 eorum
1028 1583 1042 1632 ’ἓξ

147 1653 176 1699 20
190 1651 253 1699 bonis
266 1652 323 1708 ipsos
336 1651 359 1698 in
371 1649 480 1705 vincliset
492 1669 576 1698 carcere
588 1651 681 1698 obscuro
693 1651 798 1699 tenendos
811 1651 856 1698 sine
869 1671 907 1707 spe
920 1649 972 1698 libe·

189 1725 277 1772 rationis
288 1724 349 1772 dixit.
364 1723 452 1782 Quippe
463 1725 503 1771 ista
514 1724 541 1771 de
552 1742 575 1771 re
586 1723 665 1772 Caesar
675 1724 697 1772 in
709 1737 784 1772 senatu
796 1724 915 1772 orationem
926 1724 972 1771 lon·

189 1817 238 1852 gam
252 1809 274 1844 et
284 1795 466 1849 accuratissimam
478 1795 553 1844 habuit
564 1810 629 1854 atque
640 1798 669 1843 ita
677 1796 765 1844 'locutus
776 1809 808 1844 est
819 1797 879 1854 quod
890 1796 913 1843 in
924 1816 971 1843 sen·
1031 1805 1043 1821 '³

189 1872 279 1936 tentiam
296 1890 358 1918 suam
374 1889 442 1928 prope
460 1890 535 1919 omnes
552 1871 675 1925 adduceret,
694 1870 795 1927 Syllanus
813 1890 901 1929 quoque
918 1889 972 1927 quae

191 1942 272 1992 dixerat
284 1943 314 1992 ita
326 1943 502 2000 interpretaretur
514 1956 579 2001 atque
592 1942 717 1998 reflecteret,
731 1963 782 1992 eum
795 1956 878 1991 mutare
891 1963 935 1991 non
948 1941 973 1989 li·
1030 1945 1034 2005 ζ’

149 2017 176 2064 25
192 2029 256 2070 ceret,
264 2029 289 2064 ut
297 2016 375 2064 dixisse
383 2015 480 2064 Caesaris
488 2037 499 2064 e
507 2017 612 2065 sententia
619 2017 735 2065 videretur.
743 2017 775 2065 Eo
783 2016 877 2074 denique
885 2034 918 2064 res
926 2033 974 2074 pern
1029 2020 1042 2056 3²2

190 2089 249 2138 venit
263 2089 330 2147 quod,
344 2088 366 2137 ni
381 2087 436 2137 Cato
450 2089 472 2138 in
487 2091 618 2138 contrarium
632 2091 740 2145 suasisset,
755 2091 854 2139 omnium
868 2108 973 2138 consensu

190 2175 235 2210 erat
252 2161 349 2211 Caesaris
366 2163 472 2211 sententia
489 2163 535 2211 sine
551 2162 619 2211 dubio
635 2183 767 2212 remansuras
784 2163 867 2211 Omnes
885 2162 974 2221 quidem

191 2234 250 2283 flexit
261 2234 316 2283 Cato
327 2235 423 2282 oratione
433 2254 479 2289 sua:
490 2248 534 2283 erat
546 2234 634 2283 Catonis
645 2236 796 2284 auctoritasvin
805 2248 882 2286 senatu,
892 2253 974 2293 magna.
1040 2231 1043 2253 ³

192 2308 271 2357 Caesar
282 2327 339 2364 vero,
352 2320 376 2356 ut
387 2321 486 2357 senatum
498 2322 581 2358 mutare
593 2310 726 2359 voluntatem
737 2311 811 2364 sensit,
823 2309 901 2358 exarsit
912 2308 975 2358 vehe-
1037 2309 1045 2344 ῘῙ

150 2383 179 2432 30
194 2396 277 2431 menter
293 2396 358 2441 atque
375 2403 402 2430 ne
420 2382 509 2431 Catonis
526 2384 549 2430 in
566 2384 695 2432 sententiam
712 2396 782 2441 patres
799 2384 855 2431 irent
872 2381 976 2441 impedire

192 2474 330 2519 summopere
344 2474 369 2503 ac
384 2455 453 2504 multo
467 2456 532 2504 etiam
547 2455 639 2504 clamore
654 2451 744 2506 conatus
758 2469 797 2506 est.
813 2455 873 2504 Tum
888 2454 976 2514 quidem

192 2529 253 2587 quod
264 2529 310 2579 eius
321 2527 445 2578 vociferatio
457 2529 540 2577 senatui
551 2529 641 2577 molesta
653 2542 716 2584 esset,
728 2530 787 2590 missi
798 2530 826 2579 ad
837 2549 888 2578 eum
900 2528 976 2577 milites

192 2602 254 2650 silere
265 2603 338 2661 ipsum
349 2601 428 2650 strictis
440 2601 516 2663 gladiis
527 2616 650 2661 coegerunt.
662 2602 722 2651 Tum
733 2622 784 2651 vero
795 2616 870 2651 senatu
881 2618 977 2660 egressus
1038 2626 1042 2643 2

193 2674 283 2722 domum
292 2695 314 2722 se
322 2675 403 2732 recepit
411 2695 450 2730 nec
458 2696 515 2723 anno
523 2674 567 2730 illo,
574 2675 675 2733 quamvis
684 2688 770 2733 praetor
778 2688 840 2729 esset,
849 2675 871 2723 in
880 2687 978 2723 senatum
1031 2696 1034 2706 ³
1045 2709 1047 2712 -

150 2747 179 2797 35
194 2748 260 2796 venit.

192 2924 211 2967 2.
226 2923 260 2978 qui
274 2930 287 2967 i.
302 2942 317 2967 r.
376 2923 405 2968 10.
420 2938 462 2967 rem
476 2940 558 2967 omnem
571 2930 584 2968 ἰ.
600 2942 622 2974 r.;
637 2932 679 2968 erat
694 2924 806 2969 Catilinam.
