2093 3253
208 177 359 240 'scutatorum
374 182 502 231 rLLusrmuu
515 195 529 200 —
537 183 602 231 Lmen
617 183 649 214 ιιι.
754 228 755 231 ι
826 168 886 220 85Ἰ

69 299 186 360 Hispaniae
200 296 297 359 populi
292 296 327 345 rsti
344 308 395 362 sunt
409 295 517 362 Pyrineis
524 295 635 362 montibus
651 310 673 346 et
689 295 758 362 Gallis
779 296 855 356 vicini)

69 376 148 424 litteras
163 393 222 433 nunc
236 373 372 431 precatorias,
382 368 447 436 nunc
463 372 535 436 etiam,
550 357 612 423 sed
605 383 657 420 istas
673 372 801 434 periocum,
812 373 853 420 mi

69 447 161 496 natorias
175 446 285 504 scriberet,
300 457 325 491 ut
339 444 367 491 ad
381 464 404 491 se
419 445 537 502 quicquam
551 446 623 502 coepti
637 444 728 506 operis
726 431 854 509 destinaret.

69 518 244 593 Responsionum
256 528 332 575 poetae
343 516 372 574 ad
382 514 505 581 Caesarem,
517 536 573 581 quae
586 536 644 565 meas
656 516 685 564 ad
697 536 774 580 manus
787 518 853 572 venit,

43 588 138 644 §haec
135 611 179 640 una
191 603 230 650 est:
244 588 284 638 «Ρ.
298 588 400 648 Virgilius
413 576 478 637 Maro
490 589 609 638 Octaviano
622 577 708 643 Caesari
721 588 759 638 sal
773 589 795 639 d
807 588 855 648 Ego

69 684 119 714 vero
128 662 252 724 frequentes
261 674 304 712 ate
313 661 393 712 litteras
401 662 491 721 accipio.
501 661 536 711 De
544 661 618 711 Aenea
626 650 717 722 quidem
726 682 782 729 meo,
791 662 809 710 si
819 682 854 711 me

70 736 153 785 hercle
147 755 191 783 ram
199 735 290 793 dignum
298 734 352 793 quid
360 734 462 783 hauribus
471 734 573 783 haberem
580 735 631 788 tuis,
638 734 734 783 libenter
738 724 854 805 mitterem
909 744 911 748 '

70 809 114 858 Sed
127 821 187 865 tanta
201 808 300 857 incohata
311 826 344 855 res
356 819 389 855 est
400 820 424 856 ut
435 828 497 866 pene
502 809 555 856 vitio
567 809 645 856 mentis
657 813 743 872 tantum
753 827 811 867 opus
820 810 855 856 in

70 901 154 941 gressus
169 880 222 929 mihi
237 880 317 935 videar,
330 901 381 929 cum
394 881 514 939 presertim,
528 894 552 929 ut
565 882 614 936 scis,
627 869 668 930 alia
681 901 769 944 quoque
782 882 855 930 studia

33 958 58 1006 ll)
71 956 99 1003 ad
113 954 136 1001 id
151 973 206 1012 opus
221 954 334 1011 multoque
349 954 433 1011 potiora
447 954 565 1019 impartiar
580 953 640 1001 Vale
649 974 657 997 ι
673 954 767 1015 Reverso
782 967 856 1019 autem

71 1027 162 1075 Romam
171 1025 270 1092 Augusto
280 1038 301 1074 et
311 1025 380 1074 multo
390 1016 496 1074 desiderio
505 1045 530 1092 ac
539 1025 606 1075 veluti
616 1012 703 1084 gravida
712 1015 806 1092 quadam
815 1047 854 1075 vo

70 1100 151 1147 luntate
165 1098 246 1156 petenti
261 1097 370 1155 Virgilius,
385 1117 519 1156 quamquam
533 1107 579 1146 esse
593 1118 637 1145 non
651 1097 704 1145 satis
709 1111 806 1156 purgata
820 1118 854 1146 res

70 1191 110 1219 suo
122 1170 231 1219 videretur
243 1170 331 1225 iudicio,
344 1182 417 1218 tamen
429 1190 463 1237 ne
480 1158 601 1218 differendo
619 1159 705 1219 Caesari
725 1160 854 1230 displiceret,

70 1243 136 1292 libros
147 1257 198 1298 tres,
209 1256 286 1302 utpote
295 1243 425 1309 secundum,
438 1256 547 1302 quartum,
559 1256 651 1306 sextum,
663 1256 688 1291 ut
700 1244 774 1307 scripti
786 1257 853 1298 erant,

34 1319 57 1367 15
72 1317 173 1372 ostendit,
182 1316 240 1375 legit,
249 1316 345 1365 recitavit
356 1329 415 1366 tanta
423 1337 474 1365 cum
482 1329 592 1372 suavitate
601 1336 661 1372 voce,
665 1330 732 1377 gestu
740 1317 807 1375 quod
816 1310 854 1366 ubi

70 1388 117 1438 illos
132 1389 160 1438 ad
174 1406 248 1438 versus
260 1389 298 1449 qui
310 1401 361 1438 sunt
372 1388 400 1438 ad
411 1389 478 1438 linem
490 1390 543 1438 sexti
555 1408 580 1438 ac
592 1402 713 1438 memorant
723 1384 855 1457 Marcellum

70 1464 136 1518 venit,
147 1484 185 1523 qur
180 1464 285 1511 aderant
296 1483 371 1511 omnes
383 1484 406 1512 se
416 1464 470 1527 alius
482 1464 549 1512 alium
559 1452 700 1529 obstupentes
711 1484 737 1512 ac
747 1446 861 1524 lacrimosi

71 1535 226 1593 conspicerent.
241 1534 303 1583 Adeo
314 1535 404 1593 quidem
415 1548 466 1584 sunt
477 1555 553 1584 omnes
564 1536 624 1584 ad
603 1549 712 1594 pietatem,
723 1536 752 1584 ad
763 1537 855 1584 commi

70 1609 206 1662 serationem,
222 1608 250 1656 ad
265 1608 348 1656 luctum
364 1610 467 1656 commoti
482 1621 512 1656 ut*
523 1629 550 1656 ne
565 1608 645 1666 legeret
660 1608 753 1674 amplius
769 1609 854 1667 saepius

30 1680 58 1728 20
72 1693 190 1735 exorarent,
203 1681 282 1740 vixque
292 1680 359 1729 finem
369 1680 444 1729 adesse
456 1681 541 1729 dicente
551 1681 600 1740 ipso
611 1680 712 1740 progredi
723 1693 855 1748 paterentur.

70 1752 150 1802 Aderat
164 1753 220 1803 forte
232 1753 331 1803 Marcelli
342 1754 406 1804 huius
418 1768 486 1804 mater
497 1767 519 1803 et
526 1754 622 1813 'Augusti
634 1773 694 1803 soror
706 1754 804 1804 Octavia.
816 1754 854 1811 Ea,
887 1800 888 1803 ,

66 1845 121 1888 cum
133 1825 273 1884 recitarentur
286 1827 316 1874 illi
330 1847 411 1881 versus,
425 1844 434 1867 ι(
443 1827 499 1881 Heu,
513 1827 634 1875 miserande
647 1846 709 1885 puer,
722 1828 740 1874 si
754 1820 798 1886 qua
810 1826 854 1875 lata

70 1916 144 1957 aspera
160 1916 254 1963 rumpas,
271 1911 295 1947 tu
312 1898 428 1948 Marcellus
445 1900 494 1947 eris.
513 1898 617 1947 Manibus
634 1899 683 1947 date
699 1899 743 1947 lilia
759 1898 835 1958 plenis,
846 1915 855 1939 ι

70 1973 123 2020 adeo
145 1986 207 2032 capta
227 1986 259 2021 est
280 1973 338 2022 dulci
359 1974 506 2022 recordatione
529 1974 624 2021 nominis
647 1973 680 2028 sui
704 1973 855 2021 iocundissimi

31 2045 57 2092 25
73 2044 120 2103 filii,
129 2047 166 2103 qui
176 2046 301 2094 adolescens
317 2047 411 2105 optimae
426 2047 505 2094 indolis
521 2060 542 2094 et
555 2046 700 2105 amplissimae
715 2046 761 2104 spei
775 2046 856 2093 obisset

71 2116 135 2172 diem,
151 2117 212 2177 quod
226 2117 319 2166 lacrimis
333 2138 358 2167 ac
374 2117 447 2167 dolore
463 2118 533 2179 plena,
547 2130 573 2166 ut
589 2130 667 2166 matres
681 2118 758 2184 solent,
774 2118 798 2166 in
811 2130 855 2166 ter-

71 2209 117 2239 ram
131 2192 234 2240 exanimis
247 2191 340 2249 procidit
352 2212 392 2239 nec
404 2192 450 2240 sine
462 2191 597 2240 medicorum
609 2191 696 2246 auxilio,
710 2191 808 2246 consilio,
821 2211 855 2240 re-

54 2328 56 2330 ι
71 2264 143 2312 medio
157 2263 226 2312 levata
240 2277 262 2312 et
276 2264 374 2313 restituta
388 2277 427 2313 est.
443 2263 522 2322 Neque
536 2282 587 2312 vero
602 2263 701 2312 beneficii
716 2259 799 2321 ingrata
809 2262 855 2325 luit

71 2336 109 2384 sed
123 2336 177 2384 tanti
185 2334 236 2384 lecit
244 2356 325 2384 nornen
333 2336 371 2384 filii
380 2356 426 2400 esse
435 2337 550 2385 memoriae
558 2337 702 2395 sempiternae
711 2336 787 2384 datum
795 2337 855 2395 quod

30 2405 58 2456 30
72 2407 128 2458 dena
142 2409 245 2458 sextercia
254 2428 294 2467 pro
303 2409 389 2468 singulo
398 2428 461 2460 versu
471 2410 517 2459 dari
526 2409 585 2476 dano
594 2408 771 2469 poetaeiuberet.

111 2477 214 2545 Virgilius
224 2495 298 2532 autem
308 2502 395 2542 perraro
405 2483 464 2543 apud
474 2483 554 2532 amicos
565 2495 631 2543 atque
640 2495 694 2532 tunc
704 2482 740 2531 illa
751 2481 817 2540 modo
827 2483 856 2531 de

71 2556 150 2612 quibus
160 2556 204 2604 ulla
214 2556 255 2604 sibi
265 2576 312 2618 esse
322 2556 421 2605 dubietas
429 2554 545 2611 videretur,
553 2568 578 2604 ut
589 2557 695 2614 cuiusque
702 2556 788 2605 audiret
797 2557 856 2604 iudi·

71 2628 136 2686 cium,
146 2629 249 2680 recitavit.
258 2627 374 2679 Caeterum
382 2628 447 2679 huius
456 2627 586 2679 emendandi
595 2628 666 2688 operis
674 2627 748 2678 studio
756 2626 856 2678 secedere
900 2626 903 2629 „

31 2737 171 2748 κ...

65 2798 81 2835 5.
95 2799 169 2839 Macrob.
183 2801 219 2839 Sar.
234 2800 246 2838 1,
260 2800 288 2839 24.
304 2799 329 2837 ll.
379 2801 407 2838 22.
420 2801 468 2845 Verg.
480 2801 521 2839 Aen.
534 2799 564 2838 Vl.
577 2800 662 2839 882·883.

32 2896 172 2908 'R—

73 2954 88 3000 l.
103 2957 225 3015 (p)yrin(eis)
239 2964 252 3005 ι’.
267 2977 283 3004 r.
337 2956 357 3003 4.
371 2957 442 3015 (me)as
455 2964 469 3004 ι’.
483 2975 500 3003 r.
557 2956 587 3003 18.
601 2968 648 3003 sunt
661 2976 707 3003 sscr.
751 2999 766 3016 4
