2093 3253
181 265 222 310 484
477 276 571 309 srcconrs
584 276 703 309 notantem

224 392 298 441 derato
313 391 361 440 ocio
375 382 474 450 elargiri(
482 391 530 439 Nec
543 389 623 450 gloriae
637 403 687 439 tuae
700 390 818 450 quicquam
832 391 956 440 detrimenti
970 392 1010 441 erit

224 479 246 515 te
260 466 341 515 amicos
357 463 435 514 habere
449 464 488 524 qui
503 464 568 514 etiam
589 483 655 523 parvo
675 465 772 514 contenti
792 464 843 514 sint.
864 463 926 514 Tibi>
936 476 1009 515 autem

224 552 249 589 ut
259 536 335 587 vme³et
350 538 455 587 senectuti
469 557 529 587 meae
542 537 654 587 consulere
667 551 689 586 et
702 536 750 586 ocio
763 536 831 586 libero
844 538 876 586 uti
890 538 947 587 sinas
960 558 1009 597 per-

225 611 315 662 suadere
330 611 410 660 debent
423 610 516 670 plurima
529 610 634 670 exempla,
647 610 686 659 sed
698 609 734 659 illa
746 611 860 670 presertim
872 632 928 670 quae
940 611 1010 660 haud-

198 687 211 733 5
227 703 337 744 quaquam
350 683 377 731 ab
392 682 518 742 aequalibus
528 683 581 731 meis
591 701 668 731 verum
676 703 689 731 a
697 683 741 732 tuis
751 683 868 732 maioribus
878 696 949 732 extare
958 703 1011 732 con·

225 750 275 806 stat.
287 755 392 806 Attavum
404 769 475 812 tuum,
488 756 633 806 Octavianum
644 755 776 815 Augustum,
789 754 939 804 felicissimum
951 755 1010 814 prin-

205 864 207 867 ·
221 832 304 888 'eipem‚
314 830 383 877 babeo
392 830 508 878 memoriae
518 843 647 888 potestatem
658 829 734 879 fecisse
745 829 772 878 C.
783 829 893 878 Mecenati
903 841 925 877 et
936 828 972 879 Nl.-
981 828 1011 878 Ᾱκ

227 902 322 963 grippae,
337 896 460 951 clarissimis
479 913 500 951 et
519 901 607 961 optimis
625 901 683 957 viris.
702 914 727 951 ut
746 914 845 962 optatum
863 901 936 950 ocium
954 921 1011 949 asse-

227 988 352 1036 querentur,
367 996 419 1025 cum
433 975 525 1025 alterum
539 975 647 1025 bellorum
662 975 752 1031 socium,
768 975 860 1025 alterum
875 975 974 1025 maximis
989 976 1012 1025 in

187 1050 213 1097 t0
228 1047 292 1096 rebus
306 1047 410 1096 comitem
419 1060 441 1096 et
450 1049 572 1096 adiutorem
581 1049 691 1096 habuisset
701 1061 723 1096 et
732 1050 850 1105 utrumque
860 1049 888 1096 de
897 1068 921 1095 se
930 1048 1012 1106 optime

229 1119 330 1168 meritum
345 1118 483 1178 amplissimis
497 1119 585 1179 premiis
599 1118 730 1169 exornasset.
745 1120 784 1169 Me
798 1118 888 1178 quidem
902 1119 935 1168 his
949 1119 1012 1169 adae-

229 1191 342 1251 quandum
357 1192 446 1240 minime
460 1212 545 1259 censeo,
563 1193 609 1248 sed,
626 1193 813 1251 quemadmodum
830 1212 885 1251 quae
902 1212 954 1242 suae
970 1193 1013 1243 vir·

227 1264 280 1314 tutis
292 1277 352 1313 erant
364 1263 394 1313 illi
407 1285 447 1314 suo
459 1265 551 1324 principi
563 1265 715 1321 exhibuerunt,
728 1265 757 1315 ita
769 1264 860 1324 egotibi
872 1285 928 1324 quae
940 1265 1012 1320 habui,

228 1358 284 1398 quae
299 1338 360 1397 potui
375 1337 449 1387 animo
463 1339 547 1398 integro
562 1352 584 1388 et
598 1337 642 1388 fide
657 1359 742 1389 summa
756 1337 877 1398 persolvi.»

191 1413 216 1460 15
273 1410 332 1459 Cum
343 1410 430 1459 dicendi
441 1411 508 1459 linem
519 1411 602 1460 Seneca
613 1410 671 1468 tecit,
683 1411 711 1460 ad
722 1432 747 1459 ea
758 1411 825 1465 Nero,
838 1423 862 1459 ut
878 1413 922 1459 erat
938 1423 1013 1460 natura

230 1476 349 1541 simulatus,
359 1483 388 1533 ita
396 1482 459 1543 vultu
467 1482 529 1532 hilari
538 1495 605 1532 et-ore
613 1481 821 1543 blandorespondit:
830 1503 839 1527 a
849 1482 936 1531 Gratias
945 1483 1014 1532 debeo

229 1556 269 1605 tibi
284 1556 434 1616 amplissimas,
448 1550 538 1612 Seneca,
552 1558 612 1617 quod
625 1576 666 1616 pro
679 1577 766 1606 summo
778 1569 817 1606 tuo
830 1575 880 1614 erga
893 1577 929 1606 me
942 1557 1014 1607 studio

229 1642 251 1679 et
265 1629 376 1687 diligentia
390 1629 445 1678 adeo
460 1631 578 1679 instructus
594 1630 648 1679 mihi
664 1642 685 1678 et
700 1642 787 1688 paratus
803 1649 850 1677 esse
865 1629 940 1678 videor
954 1630 1015 1688 quod

231 1700 345 1750 meditatae
360 1714 381 1750 et
395 1703 533 1760 gravissimae
545 1703 637 1751 orationi
648 1714 699 1751 tuae
711 1723 755 1751 non
768 1702 867 1751 dubitem
879 1722 906 1750 ex
917 1714 1015 1760 tempore

189 1775 218 1822 20
233 1792 258 1822 ac
272 1774 345 1822 subito
360 1775 497 1833 respondere.
513 1774 575 1832 Quae
590 1775 691 1833 accepisti
707 1795 719 1822 a
732 1795 774 1829 me,
785 1795 919 1832 quamquam
929 1774 1015 1823 modes¹

231 1846 273 1896 tiae
287 1858 337 1896 tuae
351 1867 376 1896 ac
390 1845 507 1907 frugalitati
520 1867 566 1897 esse
580 1847 672 1897 maxima
684 1847 805 1902 videantur,
819 1867 843 1896 ea
860 1859 933 1896 tamen
951 1865 1015 1906 parva

231 1938 278 1968 esse
292 1939 332 1977 pro
347 1912 496 1978 magnitudine
514 1919 546 1968 tui
566 1920 588 1968 in
608 1941 643 1968 me
660 1919 768 1975 beneficii,
786 1920 879 1975 virtutis,
899 1920 1015 1979 sapientiae

232 2011 276 2040 non
291 1985 427 2050 incognitum
441 1992 518 2041 babeo.
542 1993 628 2042 Maiora
650 1992 709 2041 enim
733 1993 795 2041 multi
819 2005 893 2041 tenent
917 1992 1016 2058 homines¹

231 2064 296 2114 etiam
303 2063 404 2115 libertini
414 2079 436 2115 et
445 2065 504 2115 nulla
513 2085 536 2115 re
545 2065 585 2116 tibi
595 2065 737 2126 adaequandi.
747 2066 826 2126 Neque
835 2065 895 2126 apud
902 2078 925 2114 te
935 2064 1015 2119 sileam

188 2139 217 2187 25
231 2157 283 2185 cum
296 2151 345 2187 tuos
359 2138 382 2188 in
396 2159 431 2187 me
441 2137 534 2194 labores,
548 2158 652 2194 amorem,
666 2137 733 2187 fidem
746 2138 787 2188 sub
801 2138 869 2188 oeulis
879 2137 972 2204 colligo,⁴
982 2158 1016 2187 me

231 2210 290 2259 tedet
300 2210 442 2270 negligentiae
453 2232 513 2261 meae
524 2212 585 2270 quod
595 2223 627 2266 tu,
636 2212 822 2271 quemadmodum
833 2211 893 2270 apud
904 2231 940 2259 me
951 2212 1017 2270 gratia

232 2295 253 2330 et
267 2302 341 2331 amore
353 2283 455 2332 omnibus
466 2296 568 2351 praestas,
581 2284 611 2344 ita
623 2303 698 2332 omnes
711 2282 798 2338 divitiis,
812 2282 902 2345 honore
913 2282 1017 2341 dignitate

233 2375 277 2403 non
292 2355 395 2405 excellere
409 2356 508 2404 videaris.
521 2356 569 2405 Nec
581 2356 697 2415 quisquam
710 2356 809 2404 omnium
821 2369 853 2404 est
865 2355 920 2404 adeo
931 2375 1017 2404 summo

233 2430 282 2477 loco
296 2442 359 2478 natus
374 2429 409 2478 cui
424 2429 473 2488 plus
486 2428 587 2477 nobilitas
600 2450 639 2477 sua
651 2428 754 2488 prodesse
767 2449 834 2487 quam
846 2428 886 2476 tibi
899 2441 937 2476 tua
949 2427 1016 2477 virtus

188 2503 219 2553 30
234 2514 255 2550 et
269 2498 324 2551 fides
335 2519 384 2561 erga
395 2522 431 2549 me
442 2502 526 2551 debeat.
537 2500 587 2550 Ocii
598 2513 671 2550 autem
682 2501 783 2560 potiundi
793 2500 919 2549 facultatem
929 2500 957 2550 C.
968 2500 1018 2549 Me·

231 2575 301 2623 cenati
315 2587 337 2623 et
352 2574 386 2624 M.
400 2574 509 2634 Agrippae
525 2596 569 2624 non
585 2575 645 2634 prius
660 2574 721 2623 dedit
736 2586 825 2623 attavus
835 2594 897 2635 meus
907 2573 1018 2633 Augustus

234 2668 300 2706 quam
310 2661 363 2696 natu
374 2642 429 2695 esset
440 2647 483 2696 iam
493 2647 580 2706 grandis
590 2660 656 2705 atque
665 2648 740 2696 aetatis
750 2660 822 2695 tantae
832 2647 893 2705 quod
903 2647 1018 2695 senectutis

235 2720 354 2770 reuerentia
370 2740 478 2769 summam
492 2720 643 2769 auctoritatem
658 2720 753 2770 haberet.
768 2718 848 2779 Neque
862 2731 935 2768 tamen
950 2716 1019 2766 ullum

235 2811 311 2841 eorum
325 2792 374 2841 ullis
389 2792 468 2851 opibus
484 2792 597 2842 exuitsssed
611 2813 667 2851 quos
683 2793 781 2842 maximis
797 2794 820 2841 in
835 2791 943 2851 periculis,
959 2790 1019 2840 labo*

195 2868 223 2914 35
239 2866 306 2918 ribus,
320 2864 383 2913 bellis
399 2865 516 2919 adiutores,
534 2866 610 2920 socios,
628 2866 708 2914 amicos
726 2865 836 2919 babuerat,
854 2886 898 2919 eos,
915 2864 948 2912 uti
961 2875 1020 2911 erant

158 3074 161 3078 ,
214 3015 216 3018 *
239 3047 268 3093 13.
282 3046 314 3092 Ex
327 3047 438 3094 exhibuere
452 3046 488 3101 (sic
502 3047 527 3101 F)
541 3053 609 3092 statim
621 3065 669 3092 corr.
683 3047 709 3092 Or
