2093 3253
243 131 376 164 somniorum
384 132 519 165 „reinmarum
532 145 547 149 -
560 133 617 164 irem
632 134 646 164 1.
830 120 856 165 33

72 245 151 304 Neque
159 265 210 295 vero
218 246 246 294 de
253 247 301 305 ipso
309 246 351 294 deo
360 248 432 296 minus
440 248 498 296 varIe
505 248 622 306 minusque
629 268 683 296 vane
691 268 716 295 ac
723 247 801 295 stolide
808 248 858 306 qui-

73 318 124 366 dam
138 320 220 377 opinati
231 333 289 369 sunt.
306 318 393 377 Nempe
403 319 491 369 luerunt
501 322 539 379 qui
551 320 617 369 deum
627 342 673 369 esse
684 319 769 369 nullum
777 319 816 368 sed
824 321 858 377 agi

73 391 146 438 omnia
157 390 247 440 lortuito
258 391 362 441 dicerent.
374 392 471 442 Fuerunt
482 393 520 452 qui
532 393 598 441 deum
608 392 809 451 intelligerentesse
820 392 858 440 sed

73 462 127 510 nihil
141 482 204 522 agere
218 465 371 519 coniectarent,
386 466 432 514 vim
440 477 514 513 autem
522 465 633 524 quandam
642 465 706 513 rebus
715 465 786 512 inesse
794 476 858 523 puta·

47 536 60 586 5
75 547 123 584 rent
133 556 188 594 quae
198 537 274 586 ordine
284 551 343 586 certo
352 558 377 586 ac
387 558 472 587 summa
482 539 564 587 ratione
574 539 646 601 omnia
655 538 790 597 gubernaret.
802 537 858 587 Fue·

74 621 125 657 runt
139 611 177 667 qui
192 611 259 659 deum
273 631 319 658 esse
333 631 403 672 unum
417 611 556 670 eundemque
570 623 733 670 praepotentem
747 631 772 658 ac
786 612 858 659 omnia

74 694 184 737 regentem
194 702 234 729 suo
244 695 300 730 nutu
310 702 395 740 suoque
405 684 496 741 imperio
506 684 625 732 crederent.
638 684 722 731 Inventi
732 695 783 730 sunt
793 684 858 730 etiam

75 754 112 813 qui
126 753 195 803 solem
208 774 255 804 esse
268 755 335 804 deum
348 755 486 805 affirmarent.
502 755 586 805 Inventi
600 756 638 815 qui
652 775 696 805 non
711 754 779 804 solem
793 755 858 804 modo

74 828 112 875 sed
125 827 199 876 lunam
211 829 276 876 etiam
290 849 315 876 ac
327 828 398 878 stellas
410 828 505 877 colerent
516 842 592 887 totque
604 830 656 878 deos
668 848 715 877 esse
726 829 823 877 dicerent
834 842 859 877 ut

37 903 62 951 ll}
77 919 167 948 numero
176 901 255 950 infiniti
264 914 342 955 essent,
352 922 392 951 nec
400 902 484 951 caelum
493 901 559 950 modo
567 902 606 950 sed
614 921 669 956 aera,
678 901 775 954 flumina,
785 901 859 956 maria,

74 986 140 1020 terras
156 986 177 1022 et
192 974 233 1021 diis
242 986 264 1022 et
273 974 355 1022 deabus
364 974 486 1034 implerent.
498 974 582 1023 Inventi
592 975 630 1034 qui
639 973 765 1029 Saturnum,
778 973 858 1028 lovem,

76 1046 219 1101 Mercurium,
231 1046 338 1095 Venerem
349 1059 370 1095 et
381 1048 445 1096 huius
457 1048 517 1096 modi
528 1047 629 1106 reliquos,
641 1048 678 1114 qui
690 1047 859 1105 haudquaquam

75 1120 137 1177 pauci
150 1133 222 1168 essent
234 1133 256 1168 et
268 1120 333 1178 vulgo
345 1121 437 1169 deorum
449 1122 538 1169 nomine
550 1116 678 1175 colerentur,
691 1141 735 1168 non
748 1120 800 1168 deos
813 1121 858 1174 sed,

75 1193 106 1239 uti
120 1206 178 1247 sunt,
191 1193 261 1240 sidera
274 1213 320 1240 esse
333 1206 494 1250 cognoscerem
509 1193 628 1251 eademque
640 1194 685 1241 vim
698 1193 777 1240 habere
790 1213 859 1250 quan-

30 1264 61 1319 l5
78 1264 128 1312 dam
140 1264 236 1314 dicerent
247 1286 303 1324 quae
315 1286 365 1314 suos
377 1285 453 1315 cursus
464 1265 493 1314 ad
504 1265 650 1315 conservanda
662 1279 683 1314 et
694 1264 775 1314 tuenda
787 1266 860 1315 omnia

76 1338 158 1386 ratione
167 1338 261 1396 quadam
270 1352 292 1387 et
300 1338 376 1387 ordine
385 1339 516 1393 moderetur,
526 1359 550 1387 ea
559 1346 610 1387 vero
618 1339 668 1387 ideo
677 1348 698 1387 et
706 1338 781 1396 figuris
790 1351 811 1386 et
820 1360 860 1387 no·

61 1455 63 1459 ,
77 1409 173 1457 minibus
186 1410 300 1458 hominum
311 1402 455 1468 designarent,
467 1411 527 1469 quod
537 1430 560 1458 re
571 1410 612 1458 alia
622 1403 681 1458 nulla
689 1430 753 1468 posse
761 1410 821 1468 loqui
832 1411 860 1458 de

76 1483 128 1540 ipsis
139 1483 275 1532 commodius
286 1483 402 1533 videretur.
416 1484 500 1533 Inventi
511 1503 599 1543 quoque
609 1496 661 1533 sunt
671 1484 709 1543 qui
725 1482 806 1542 templa
822 1484 859 1532 Li-

53 1562 55 1564 ’
76 1556 160 1611 bertati‚
172 1557 264 1612 Honori,
273 1556 415 1612 Concordiae,
424 1557 501 1622 Saluti,
510 1557 571 1607 Fidei
580 1570 730 1606 consecrarent
737 1556 860 1616 vellentque

35 1630 64 1676 20
78 1630 128 1676 istas
137 1648 170 1677 res
181 1650 261 1678 nomen
270 1630 368 1678 obtinere
377 1631 412 1678 dei
421 1643 486 1689 atque
495 1643 520 1678 ut
529 1630 595 1678 deum
605 1630 653 1685 coli,
663 1630 723 1688 quod
732 1648 806 1678 earum
815 1631 860 1679 vim

68 1702 123 1757 *sine
131 1702 172 1749 deo
180 1723 225 1750 non
236 1722 282 1750 esse
293 1716 413 1751 censerent.
424 1701 476 1750 Non
488 1702 652 1761 defueruntqui
664 1723 700 1750 eos
712 1703 811 1750 homines
822 1703 861 1762 qui

77 1786 114 1821 aut
122 1793 210 1823 suarum
221 1774 310 1823 urbium
318 1773 414 1823 luissent
426 1774 548 1823 conditores
561 1788 598 1823 aut
606 1775 690 1824 virtute
701 1774 773 1834 aliqua
785 1794 810 1822 ac
822 1774 861 1823 be-

54 1881 58 1886 -2
69 1846 154 1897 ,neficio
165 1847 291 1896 excellentes
302 1847 394 1896 deorum
403 1848 529 1907 progeniem
543 1847 676 1907 appellarent
691 1847 823 1906 eosdemque
837 1849 860 1896 in

77 1919 161 1967 caelum
176 1941 221 1977 spe,
238 1919 302 1973 fama,
319 1921 422 1977 opinione
431 1920 572 1968 transferrent
582 1941 607 1968 ac
617 1921 719 1968 colerent.
731 1920 789 1967 Hinc
802 1922 861 1968 enim

36 1990 64 2040 25
80 1991 153 2041 llllauri
170 1991 253 2048 Iubam,
265 1992 366 2052 Aegyptii
381 1993 461 2043 Isidem
472 2014 497 2042 ac
509 1992 598 2049 Osirim,
612 1993 683 2043 latini
697 1992 803 2049 Faunum,
817 1993 860 2043 Ro-

78 2067 136 2114 mani
152 2066 276 2124 Quirinum,
291 2067 390 2116 Athenae
406 2067 536 2122 Minervam,
552 2067 604 2116 Peni
618 2068 725 2116 'Uraniam
740 2067 861 2117 coluerunt.

78 2139 145 2187 Erant
153 2141 190 2197 qui
199 2139 262 2188 bruta
270 2141 335 2188 etiam
342 2160 367 2188 ac
375 2140 424 2189 leda
432 2141 539 2199 quaedam
547 2160 587 2188 suo
595 2160 635 2198 pro
643 2142 733 2189 numine
740 2141 862 2190 adorarent.

79 2212 136 2261 Sunt
150 2213 215 2261 etiam
229 2213 275 2261 ausi
292 2213 382 2272 quidam
398 2214 526 2272 investigare
542 2213 611 2272 qualis
629 2227 766 2273 quantusque
783 2213 817 2261 dei
834 2214 862 2261 sit

79 2286 172 2340 habitus,
184 2306 240 2344 quae
251 2299 353 2343 potestas,
366 2306 421 2345 quae
433 2286 509 2340 forma,
523 2307 567 2344 quo
579 2290 637 2335 certo
650 2286 697 2335 loco
709 2286 808 2335 resideat.
820 2286 861 2335 Di-

33 2356 66 2410 ,30
80 2358 153 2406 vinam
162 2357 251 2416 quidem
260 2371 355 2405 mentem
365 2378 420 2417 quae
428 2359 501 2406 omnia
510 2358 616 2415 gubernet
624 2378 670 2406 esse
679 2359 702 2406 in
710 2357 861 2416 aquisThales

80 2431 180 2479 Milesius
196 2430 277 2478 docuit.
293 2429 408 2488 Crisippus
424 2443 497 2479 autem
512 2443 540 2485 et,
557 2432 594 2488 qui
610 2431 674 2489 longe
689 2430 731 2480 luit
745 2431 862 2489 antiquior,

79 2502 203 2553 Nemuroth
217 2524 263 2552 esse
279 2503 301 2551 in
318 2504 368 2561 igne
383 2504 491 2552 dixerunt.
508 2503 648 2554 Deum'vero
658 2504 760 2553 'habitare
775 2505 798 2552 in
814 2523 863 2554 aere

79 2579 185 2643 sententia
201 2577 341 2626 Anaximenis
358 2576 414 2626 luit.
425 2577 470 2626 Sed
486 2577 571 2625 divinae
589 2580 667 2627 mentis
679 2579 759 2627 sedem
776 2597 823 2627 esse
839 2580 863 2627 in

79 2663 154 2712 centro
168 2664 236 2699 terrae
250 2649 314 2707 prisci
320 2649 423 2698 “Arcades
437 2662 575 2708 putaverunt.
590 2649 699 2709 Equidem
713 2650 826 2700 videome
840 2652 863 2700 in

81 2849 110 2895 l5.
124 2850 150 2895 ad
164 2868 214 2896 eros.
227 2858 270 2902 post
284 2863 337 2892 suos.
396 2849 425 2893 16.
440 2849 471 2895 Ex
486 2849 613 2895 moderentur
627 2870 684 2896 corr.v
730 2853 764 2898 30.
773 2852 863 2903 quidam.

38 2915 71 2961 34.
85 2916 116 2963 Ex
129 2915 230 2962 archades
246 2933 294 2958 corr.
354 2946 355 2950 ,

75 3072 85 3107 3
