2093 3253
422 198 516 229 srcconrs
530 198 649 237 tonantum

154 332 208 370 „que
218 314 339 371 perspexit.
353 313 494 372 Tranquillus
508 317 592 368 autem,u
603 313 688 373 quiest
701 313 819 364 Suetonius
833 312 898 361 etiarn
911 332 950 370 ap·
1005 297 1025 367 Μ]

163 382 265 451 pellatus,
280 405 331 436 cum
346 386 373 436 de
402 387 471 445 poetis
486 386 610 445 loqueretur
625 386 647 434 in
662 407 689 434 eo
703 384 758 443 libro
774 404 840 445 quem
854 384 882 435 de
897 384 950 434 llln-
1007 380 1030 432 ᾖ

168 457 248 525 strihus
269 457 326 507 Viris
347 460 440 518 scripsit,
462 460 583 508 sacerdotes
604 458 746 507 inveniendae
767 457 837 517 poesis
853 469 951 506 auctores

167 529 234 577 luisse
248 531 321 580 tradit.
339 531 395 579 lllud
409 551 497 590 quoque
512 532 534 579 in
549 531 586 578 lite
602 543 681 584 manet,
696 530 757 588 quod
771 530 817 578 aliis
832 528 951 583 Hebraeos,

142 602 153 650 5
169 602 216 652 aliis
226 603 323 661 gentium
333 602 426 663 populos
437 603 499 652 metri
510 623 556 651 esse
567 604 689 653 inventores
699 602 776 661 placet.
787 601 895 661 Equidem
906 622 952 650 mc·

168 688 202 724 tro
214 675 293 725 dixisse
306 696 439 736 quemquam
451 696 478 725 ex
490 677 536 725 istis
549 675 582 725 vel
596 675 637 724 illis
647 689 697 727 ante
710 675 783 734 Moysi
791 689 889 733 tempora
900 683 953 723 nus·

169 769 235 806 quam
250 750 343 798 invenio.
356 749 457 805 Moysem
467 767 519 796 vero
528 761 579 796 ante
590 748 680 795 Troiam
689 766 787 796 eversam
802 746 869 795 luisse
884 766 953 795 annos

169 821 197 869 ad
207 820 235 869 V
246 822 383 881 eundemque
390 822 450 881 apud
457 822 576 880 Aegyptios
584 822 692 871 doctrinas
700 840 776 869 ornnes
785 822 880 870 hausisse
887 833 953 879 atque

170 895 258 943 tandem
265 895 325 954 apud
332 894 443 944 Hebraeos
449 896 647 944 Deuteronomium
654 915 726 949 suum
732 915 755 943 ιιι
760 915 805 953 quo
812 895 882 952 legem
887 914 953 942 evan

132 968 158 1015 10
172 967 262 1026 gelicam
277 967 413 1027 praefigurat
430 966 516 1016 heroico
531 968 626 1016 carmine
635 967 766 1017 decantasse
781 979 871 1017 constat
887 958 954 1027 Apud
1017 961 1039 1031 ι’]

172 1053 245 1099 gentes
260 1060 310 1089 vero
323 1041 499 1100 antiquissimum
513 1041 582 1089 habeo
599 1041 638 1088 lob
654 1054 723 1089 metro
739 1060 811 1088 usum.
832 1040 852 1087 Is
868 1044 970 1098 nanque*
1021 1052 1040 1106 ij

172 1108 367 1171 patientiaepater
387 1111 556 1172 haudquaquam
574 1111 673 1162 Hebraeo
691 1112 729 1161 sed
745 1112 818 1171 gentili
836 1132 848 1160 e
865 1111 969 1176 populo„

173 1198 197 1233 ut
211 1184 277 1235 relert
292 1185 417 1245 Gregorius,
427 1184 531 1245 vpontifex
544 1206 650 1240 summus,
666 1185 714 1235 luit.
730 1185 832 1244 Nloysem
841 1205 892 1234 vero
903 1206 956 1234 con·

116 1269 117 1272 ’
172 1273 338 1318 temporaneum
352 1258 428 1307 habuit
439 1272 505 1317 atque
516 1259 549 1308 vir
562 1260 638 1308 doctus
651 1274 672 1307 et
684 1259 755 1308 bonus
768 1259 893 1307 calamitatis
905 1279 957 1307 suae

135 1332 159 1380 15
175 1332 269 1379 mediam
286 1344 370 1389 partem
386 1331 506 1384 exametris,
529 1331 661 1389 principium
677 1344 750 1380 autem
767 1344 788 1379 et
807 1331 873 1379 finem
893 1348 956 1389 prosa
1033 1343 1044 1380 ἢ

174 1405 269 1453 oratione
282 1403 400 1454 contexuit.
413 1403 489 1453 Postea
502 1423 553 1453 vero
566 1404 625 1462 apud
639 1403 734 1453 Graecos
748 1404 864 1459 Homerus,
878 1402 956 1452 Hesio·

147 1539 148 1542 Ἴ
175 1478 224 1531 dus,
232 1476 376 1526 Antimachus
384 1476 463 1536 aliique
471 1490 537 1536 atque
546 1477 582 1526 alii
594 1490 670 1536 poetae
680 1477 730 1526 clari
741 1478 787 1525 acie
800 1497 877 1535 magna
890 1472 957 1525 secuti
1029 1488 1035 1533 ς’

175 1564 232 1598 sunt.
490 1608 492 1611 y

217 1621 278 1670 Haec
287 1622 314 1670 de
324 1622 386 1670 metri
396 1622 478 1704 origine
488 1642 544 1680 quae
553 1622 619 1670 habui
629 1623 712 1681 magnis
722 1641 749 1670 ex
757 1621 881 1671 auctoribus
890 1621 959 1681 expli·

135 1696 164 1743 20
177 1695 232 1743 cavi
246 1693 313 1744 Nunc
320 1714 372 1744 vero
380 1695 450 1754 poesis
460 1694 556 1744 officinm
565 1714 717 1745 memoremus
726 1694 814 1754 Quippe
823 1694 885 1744 metri
894 1714 959 1744 usum
1029 1688 1033 1719 ‘3

176 1769 213 1826 qui
228 1789 272 1817 non
287 1781 338 1817 sunt
347 1768 381 1816 his
390 1767 466 1815 litteris
475 1761 554 1816 assueti
563 1788 610 1816 esse
618 1768 646 1815 ad
655 1767 738 1815 fabulas
748 1768 814 1815 modo
822 1781 888 1825 atque
896 1766 960 1815 lemi
1036 1759 1044 1766 ‚

177 1860 227 1887 neas
237 1840 265 1888 acl
275 1860 343 1898 nugas
353 1838 484 1897 effingendas
495 1840 667 1899 enarrandasque
677 1839 742 1898 vulgo
751 1852 773 1889 et
782 1839 906 1889 institutum
915 1839 961 1899 pri
1036 1890 1047 1897 ,

178 1934 214 1961 mo
229 1926 250 1961 et
265 1912 344 1962 deinde
359 1926 463 1972 perpetuo
478 1926 629 1982 conservatum
644 1925 728 1971 putant.
738 1912 857 1962 Falluntur
871 1912 961 1972 quidem
1033 1919 1047 1939 ³

177 1999 293 2045 atque
254 1986 298 2034 id«
300 1985 395 2040 iaciunt,
402 2002 411 2026 t
419 1999 444 2034 ut
452 1984 586 2034 Terentius
580 1979 658 2044 inquit,
670 2006 679 2030 (ι
674 2006 716 2033 ‹ne
728 1985 867 2043 intelligendo
874 1998 899 2033 ut
907 1981 961 2033 nihil

138 2059 165 2106 25
181 2057 326 2115 intelligant»
317 2057 427 2105 »Partem
443 2057 502 2105 enim
517 2058 541 2105 in
551 2058 647 2121 peiorem
658 2057 746 2106 trahunt
758 2058 829 2106 omnia
840 2069 905 2117 atque
916 2076 962 2106 reni

180 2130 286 2189 poeticam
296 2143 421 2190 pervertunt
430 2129 501 2180 multi.
511 2130 555 2188 Qui
564 2143 637 2179 autern
646 2131 686 2179 ista
696 2131 723 2179 de
733 2150 755 2178 re
764 2131 860 2179 sentiunt
870 2131 963 2189 gravius,

181 2217 274 2254 metrum
288 2218 310 2253 et
321 2205 435 2254 inventum
447 2205 519 2262 primo
531 2204 559 2252 ad
572 2204 695 2252 exornanda
707 2223 766 2253 sacra
778 2217 800 2252 et
812 2217 963 2253 conservatum

181 2291 255 2344 postea
269 2277 432 2326 memorandam
445 2276 474 2324 ad
487 2277 590 2328 virtutem
604 2276 687 2325 dicunt.
701 2276 816 2332 Affirmant
830 2277 889 2324 enim
903 2278 963 2325 testi

182 2347 260 2394 moniis
274 2338 335 2394 claris
347 2348 429 2406 priscos
436 2346 497 2394 viros
508 2347 546 2404 qui
558 2358 629 2394 essent
640 2347 760 2395 sacerdotes
777 2345 928 2406 religionisque
939 2366 965 2394 ac

141 2422 169 2469 30
184 2421 300 2479 sapientiae
314 2411 404 2469 studiosi
419 2419 460 2467 hoc
474 2419 579 2468 dicendi
574 2420 681 2468 rnvenisse
695 2439 770 2476 genus
785 2419 859 2476 quod.
866 2421 898 2467 uti
912 2429 965 2473 erat,¹

182 2505 283 2548 putarent
291 2492 358 2546 netas,
367 2493 384 2538 si
393 2491 579 2549 quemadmodum
586 2491 667 2548 templa
675 2504 696 2539 et
704 2510 792 2539 ornnem
800 2501 927 2548 apparatum
935 2491 964 2537 ita

183 2565 249 2612 etiam
259 2563 324 2612 verba
334 2564 420 2612 divinus
433 2562 504 2612 cultus
518 2574 539 2611 et
552 2575 626 2612 ornata
639 2575 661 2612 et
673 2562 746 2613 suavia
759 2582 803 2626 non
816 2562 911 2612 haberet.
924 2562 964 2611 Αι-

150 2641 151 2645 ’
183 2658 226 2698 que
235 2638 290 2686 illud
300 2649 391 2692 constat,
402 2636 462 2695 quod
473 2636 593 2685 sacerdotes
604 2656 655 2685 suos
666 2635 764 2690 Graecia,
776 2636 836 2695 quod
850 2648 966 2685 tractarent

181 2773 195 2809 l.
208 2771 254 2809 Suet.
260 2771 304 2815 apud
316 2770 354 2808 lsid.
366 2771 419 2816 Etym.
432 2769 476 2807 VllI,
490 2769 507 2806 7,
522 2769 556 2810 12,
609 2769 636 2807 15,
649 2770 699 2813 (greg.
711 2770 772 2818 Mamp-
786 2774 802 2807 fn
814 2769 848 2808 Iob·
862 2769 901 2811 711,
913 2767 968 2809 praef·

143 2832 278 2878 24.Ter.,And.
294 2832 320 2870 17.
686 2849 688 2852 .
739 2849 741 2851 .
788 2845 789 2848 ,

142 2914 286 2921 ..η’-..ῳ-

182 2956 200 2999 8,
215 2960 228 2999 ι’.
238 2972 254 2998 e.
268 2952 296 3003 D;
310 2972 333 2998 cx
348 2952 404 2997 CCC
417 2970 467 2997 corr.
525 2952 554 2997 l3.
568 2963 751 3006 contempraneum.
