2093 3253
464 191 557 222 stecouls
572 190 687 222 POLENTON!

204 327 271 367 quam
286 306 353 362 domi,
370 306 407 366 qui
424 318 567 362 remanerent,
583 305 703 355 amicorum
713 306 785 355 studia
795 306 940 365 comparabat.
951 312 986 362 Ci·

203 379 276 429 cerani
291 379 382 437 quidem
396 377 459 427 lacile
472 378 501 427 ob
515 398 569 437 quas
583 378 627 428 dixi
641 398 715 427 causas
728 378 838 428 annuebat
852 378 937 437 Caesar,
951 388 987 436 sed
1036 380 1047 439 {t

203 451 454 510 utriusqueconsilium
469 451 559 500 Clodius
589 451 697 500 insidiosis
726 451 879 500 blandimentis
907 459 986 508 evertit.

203 525 320 577 Enimvero
334 536 359 571 ut
374 524 486 571 Ciceronis
505 525 624 582 cogitatum
643 524 716 578 sensit,
737 524 790 571 nihil
802 524 889 572 'deinde
908 545 986 585 aspere,
1040 532 1043 565 ἶ

176 599 193 647 5'
206 598 260 646 nihil
275 597 394 651 minaciter,
409 597 441 645 uti
453 596 542 651 solebat,
553 596 613 655 loqui
624 617 718 655 usquam
729 597 767 644 sed
778 597 839 656 quasi
851 597 900 646 odia
905 601 986 656 posuis.
1040 595 1043 597 “

203 684 242 724 set,
253 670 329 723 amice,
340 670 433 724 laudate,
444 669 538 726 benigne
549 670 576 716 de
587 670 634 727 ipso
645 670 726 726 passim
736 670 814 727 coepit,
826 669 893 727 idque
902 672 987 723 tandem

203 743 243 789 hac
258 740 395 789 simulatione
405 740 456 789 lecit
466 753 490 788 ut
502 740 579 789 Cicero
589 741 686 799 penitere
696 740 758 789 illum
767 754 833 794 ratus,
839 740 986 799 proficiscendi
1042 773 1043 776 ¹

202 837 253 864 cum
268 814 360 863 Caesare
375 815 546 873 promissionem
559 828 580 863 et
594 814 709 864 consilium
722 828 838 864 revocaret.
853 814 951 866 Offendit
964 841 987 868 ea
1042 831 1047 873 ῥ’

203 908 236 937 res
252 888 384 947 permaxime
398 887 520 942 Caesarem,
534 888 650 946 ipsumque
662 888 691 936 ita
705 887 796 936 offendit
808 900 832 935 ut
845 909 912 946 quem
923 889 986 940 lenire
1041 913 1043 915 ’

164 963 190 1011 10
205 983 245 1011 nee
259 979 323 1021 prece
346 981 385 1010 nec
400 960 471 1009 officio
488 960 533 1010 ullo
550 975 629 1022 posset,
647 961 742 1010 eundern
759 960 826 1011 furori
851 961 986 1014 inimicorum

203 1035 296 1084 obiicere
310 1048 376 1093 atque
390 1048 415 1083 ut
430 1034 545 1083 inimicum
567 1034 679 1094 propalam
701 1035 792 1084 obruere
814 1049 895 1093 quanta
917 1051 985 1095 posset
1042 1068 1043 1071 ¹

204 1108 260 1156 mole
274 1120 366 1154 curaret.
382 1105 486 1154 Clodium
496 1128 582 1165 nanque
589 1108 612 1154 in
620 1128 671 1154 eum
677 1107 834 1161 adhortatione,
842 1106 922 1163 favore,
929 1111 985 1157 auxi·

203 1180 232 1227 lio
247 1181 311 1237 longe
325 1179 418 1238 amplius
434 1185 501 1237 quarn
516 1192 572 1227 esset
587 1180 624 1233 ira,
641 1179 763 1234 inimicicia,
779 1179 830 1228 odio
845 1179 986 1231 inflammatus

202 1252 308 1305 accendit
324 1252 351 1300 de
365 1252 447 1300 civium
463 1272 551 1310 quoque
569 1272 621 1300 nece
638 1252 667 1303 ad
684 1252 791 1310 populum
808 1265 898 1310 questus
916 1267 947 1301 est
963 1276 986 1302 ac

164 1328 189 1375 15
205 1326 316 1375 Ciceronis
331 1338 390 1384 gesta
401 1326 424 1373 in
434 1325 548 1374 consulatu
561 1325 706 1384 reprehendit.
717 1325 846 1385 Pompeium
856 1338 930 1374 autem
939 1346 987 1385 pro¹

203 1399 300 1448 ficiscens
314 1399 337 1446 in
346 1397 440 1446 Galliam
449 1397 564 1445 obstrinxit
575 1397 634 1446 omni
645 1415 744 1455 precene
753 1418 817 1456 opem
825 1396 855 1445 illi
864 1398 887 1446 in
894 1399 986 1456 periculo

202 1471 247 1519 ullo
261 1469 334 1519 terret.
1043 1462 1044 1465 ¹

246 1545 298 1594 Nec·
308 1543 377 1593 multo
392 1557 441 1604 post
458 1543 573 1593 Caesarem
589 1543 643 1593 urbe
659 1542 782 1603 proiectum
798 1543 914 1604 Pompeius
930 1545 986 1605 apud
1043 1595 1045 1597 ,

203 1633 274 1676 patres
289 1637 354 1675 opera
369 1617 455 1666 Luculli
466 1630 487 1665 et
498 1617 587 1665 Catonis
598 1618 626 1666 ob
637 1618 727 1667 nimiam
737 1618 856 1676 potentiam
866 1631 898 1665 est
909 1619 932 1666 in
941 1638 986 1666 eam
1041 1629 1044 1657 ἔ

161 1692 190 1739 20
205 1690 350 1751 suspicionem
365 1690 472 1739 adductus
485 1690 546 1749 quod
558 1689 664 1738 lremente
676 1690 699 1738 in
712 1710 762 1739 eum
775 1703 850 1738 senatu
863 1690 891 1738 ad
903 1690 986 1750 plebem
1043 1751 1044 1754 Ἴ

203 1778 263 1813 metu
277 1761 394 1822 confugere
409 1776 528 1821 cogeretur.
548 1762 608 1811 Tum
627 1783 678 1810 vero
702 1763 775 1821 ipsum
794 1762 986 1821 excepitbenigne

203 1837 294 1885 Clodius
309 1836 447 1895 eundemque
464 1849 540 1884 contra
558 1850 657 1884 senatum
674 1849 780 1894 potestate
796 1836 913 1884 tribunicia
928 1836 985 1889 texit,
1043 1882 1044 1885 ,

202 1909 312 1962 sustinuit,
328 1907 433 1957 defendit.
446 1907 508 1965 Quae
520 1926 554 1956 res
566 1909 620 1957 adeo
632 1921 691 1965 grata
703 1909 807 1967 Pompeio
820 1907 860 1956 tuit
872 1921 897 1956 ut
909 1928 985 1967 negari·
1041 1937 1042 1940 ¹

202 1983 256 2031 dum
271 1980 300 2029 illi
316 1979 418 2040 deinceps
433 1981 532 2030 omniurn
546 2002 602 2041 quae
616 1994 723 2041 praestare
742 1993 815 2041 posset
829 1979 883 2030 nihil
902 1981 986 2040 penitus
1043 2008 1045 2011 ¹

161 2058 188 2105 25
204 2076 250 2104 esse
265 2067 357 2114 putaret.

245 2128 347 2176 Restabat
361 2129 461 2176 omnium
478 2128 544 2176 modo
558 2148 622 2181 unus,
637 2128 670 2176 Μ.
685 2128 747 2182 Cato,
761 2149 827 2187 quern
840 2149 947 2177 summam
959 2127 985 2175 ob

202 2201 352 2250 auctoritatem
366 2213 476 2249 vereretur
491 2200 583 2249 Clodius
597 2213 746 2259 metueretque
760 2201 783 2249 in
797 2221 820 2248 se
834 2219 950 2259 provocare
963 2218 986 2247 ac
1045 2232 1047 2235 ι

203 2274 310 2323 diffideret
324 2272 361 2320 illo
376 2285 476 2331 presente
486 2273 563 2321 obesse
573 2273 673 2322 Ciceroni
684 2293 755 2331 posse.
767 2273 832 2322 Hunc
843 2274 923 2332 itaque,
934 2292 986 2331 quo·

175 2383 176 2387 ,
202 2348 261 2397 niam
276 2366 347 2406 neque
362 2367 423 2396 suam
438 2346 461 2395 in
476 2359 561 2406 partem
574 2347 653 2397 ducere
666 2366 705 2395 nec
719 2346 740 2396 vi
753 2347 830 2396 eiicere
842 2346 897 2396 urbe
908 2357 985 2405 posset,

160 2423 189 2471 30
203 2422 302 2481 ablegare
316 2422 435 2477 constituit,
451 2434 482 2476 ut,
501 2422 555 2471 dum
572 2421 608 2471 ille
624 2438 663 2480 per
680 2422 775 2480 speciem
792 2422 880 2471 honoris
897 2421 985 2471 abesset,
1042 2442 1043 2445 ¹

202 2496 270 2543 sevire
284 2494 307 2541 in
322 2493 452 2542 Ciceronem
465 2494 512 2552 ipse
525 2491 614 2543 liberius
628 2493 689 2542 nullo
702 2494 835 2552 impediente
847 2506 928 2552 posset.
941 2492 985 2540 Hos
1042 2492 1045 2516 ³

202 2588 289 2627 nanque
303 2586 342 2625 per
354 2566 403 2616 ‘dies
418 2566 562 2624 ptolomeum,
581 2567 619 2627 qui
635 2580 657 2616 et
674 2565 741 2627 Cypri
758 2587 795 2617 rex
811 2580 832 2616 et
847 2564 987 2632 Alexandriae

202 2642 257 2700 regis
268 2638 338 2689 virater
352 2653 418 2696 esset,
428 2661 562 2700 quamquam
574 2639 656 2701 populo
668 2641 767 2690 Romano
777 2641 891 2690 devinctus
903 2639 987 2689 loedere
1025 2665 1027 2667 ¹
1044 2647 1045 2650 ’

175 2751 177 2753 -
202 2728 224 2762 et
238 2714 335 2762 amicicia
350 2714 466 2768 videretur,
486 2727 613 2772 suspectum
631 2727 712 2768 tamen,
733 2735 760 2762 ne
779 2713 862 2762 bellum
881 2713 986 2762 excitaret,

161 2788 189 2836 35
205 2808 257 2845 opes
271 2786 417 2844 amplissimae
430 2786 545 2840 faciebam
559 2787 690 2855 pecuniosus
704 2787 794 2845 quidem
807 2798 852 2834 erat
865 2804 902 2834 rex
915 2785 955 2833 iste
967 2792 986 2828 et

202 2964 235 3008 29.
250 2980 286 3007 nec
300 2962 320 3008 vi
334 2968 348 3007 ἰ,
363 2953 378 3006 r.
434 2960 467 3006 29.
481 2962 511 3007 Er
526 2962 587 3006 eicere
602 2979 650 3007 corr.
