2093 3253
120 175 160 223 224
423 188 514 220 srccoms
528 189 643 220 nocturum

162 305 206 352 sius
222 303 287 363 igitur
297 303 361 351 dicto
372 303 438 362 patris
450 303 518 351 sancti
532 303 649 361 Augustini
663 301 748 362 parens,
763 301 890 349 obedienter
901 322 947 351 sus-

162 378 220 436 cepit
243 398 306 425 onus.
327 375 405 424 Libros
419 376 510 434 quidem
529 368 624 434 septem,
636 376 674 435 qui
689 364 806 423 Hermesta
820 374 901 423 Mundi
915 377 948 424 in·
1013 379 1026 435 ,ᾗῇ

164 451 296 505 scribuntur,
312 451 419 497 humanae
433 450 531 497 miseriae
543 470 568 497 ac
580 450 662 497 multae
674 448 800 496 calamitatis
813 447 896 506 plenos,
910 469 949 506 pro
1019 448 1026 509 ᾗ

165 544 203 571 sua
218 522 280 581 copia
289 535 311 571 et
320 518 422 570 facultate
431 522 563 580 composuit.
575 521 663 580 Quippe
673 522 733 569 brevi
743 519 821 569 tabella
831 534 902 578 partes
912 522 949 569 de·

137 598 149 644 5
166 596 241 644 scribit
251 596 309 642 orbis
319 595 422 653 primum,
433 595 512 642 deinde
521 615 547 642 ex
557 595 590 642 his
600 615 655 652 quae
665 595 761 642 historici
775 593 890 651 presertim
898 614 949 651 gen·
1027 601 1028 604 ’

165 668 213 716 tiles
229 668 346 716 memoriae
363 667 443 714 tradita
461 666 600 726 reliquissent
619 666 701 725 colligit
719 667 840 715 eversiones
854 665 950 720 urbium,

166 742 237 789 clades
252 759 335 799 regum,
351 752 433 798 strages
453 740 594 799 populorum,
614 740 753 794 calamitates,
772 737 828 788 bella
847 758 902 797 quae
912 759 950 788 an·

166 814 290 872 tiquissimo
299 833 311 860 a
320 813 388 866 Nino,
398 814 539 870 Assyriorum
548 832 605 871 rege,
616 814 653 872 qui
664 813 763 861 omnium
772 812 855 870 primus
865 823 886 859 et
896 812 951 860 bella

167 886 260 934 movisse
270 899 291 933 et
300 884 387 943 populis
397 904 498 943 regnasse
506 884 583 939 fertur,
593 905 658 934 suum
672 886 699 934 ad
709 885 767 934 diem
777 884 890 943 (Romanis
899 896 952 933 tunc

128 961 154 1007 l0
169 959 289 1018 imperabat
302 958 423 1019 Honorius)
435 977 528 1017 usquam
541 960 637 1008 humano
650 960 721 1017 generi
735 960 862 1007 evenissent.

210 1031 259 1079 Hoc
273 1030 342 1079 lerme
353 1031 375 1078 in
386 1050 464 1088 genere
480 1031 612 1090 colligendae
624 1032 724 1079 historiae
735 1050 790 1089 quae
805 1032 833 1079 ad
845 1031 953 1079 miseriam

168 1105 286 1162 pertineret
303 1103 408 1151 Iohannes
421 1104 539 1151 Buccacius
546 1105 611 1152 etiam
617 1116 713 1153 versatus
720 1102 861 1152 eseDicendi
867 1122 953 1161 nanque

169 1178 242 1225 studio
257 1177 375 1225 delectatus
387 1177 427 1223 iste
437 1178 540 1234 prodesse
551 1178 610 1224 omni
628 1177 738 1235 diligentia
749 1176 840 1235 posteris
851 1169 953 1235 vigilavit.

170 1250 249 1300 Orosio
260 1248 349 1298 inferior
359 1269 427 1298 annos
435 1251 463 1298 ad
471 1250 550 1299 Vllllc
570 1249 619 1299 luit.
633 1251 721 1310 Quippe
732 1250 784 1299 vixit
795 1270 846 1298 cum
857 1250 954 1299 Petrarca

132 1325 156 1371 15
172 1324 298 1371 Buccacius.
316 1321 355 1370 lllo
369 1335 442 1370 tamen
457 1337 582 1371 senescente
596 1324 632 1371 hic
645 1324 718 1370 studio
736 1343 762 1370 ac
775 1334 843 1370 aetate
857 1316 954 1369 florebat.

139 1430 141 1433 ι
174 1394 295 1453 imperabat
311 1394 443 1442 Boemorum
452 1414 490 1443 rex
499 1395 598 1451 Carolus,
608 1395 704 1444 nominis
714 1396 759 1444 eius
769 1407 859 1453 quartus
869 1394 954 1443 Caesar.

171 1467 304 1525 Sigismondi
320 1480 381 1526 pater
390 1466 425 1515 hic
434 1466 482 1522 luit,
493 1469 539 1517 eius
549 1469 617 1527 ipsius
627 1488 693 1527 quem
703 1486 773 1526 nuper
781 1487 836 1525 papa
846 1466 955 1525 Eugenius

172 1540 289 1588 coronavit.
304 1540 435 1588 Buccacium
451 1553 501 1588 ante
518 1541 591 1589 omnia
608 1540 697 1589 historia
713 1540 836 1589 oblectavit.
854 1539 956 1588 Scribens

171 1626 245 1660 autem
258 1612 344 1670 collegit
357 1633 384 1659 ex
397 1613 459 1661 novis
478 1627 499 1660 et
513 1615 608 1672 antiquis
622 1614 716 1661 historiis
730 1612 956 1662 illustriumvirorum

131 1687 159 1733 20
174 1684 270 1733 infelices
290 1704 352 1733 casus
374 1685 506 1744 eosdemque
529 1685 590 1735 libris
607 1707 685 1736 novem
706 1699 804 1735 accurate
823 1706 847 1733 ac
864 1684 957 1734 breviter

140 1819 142 1822 Α
173 1759 307 1807 memoravit.
329 1757 434 1806 Mulieres
458 1760 510 1807 item
529 1759 595 1808 claras
615 1780 670 1818 quae
689 1759 790 1807 omnihus
810 1757 957 1817 superioribus

173 1832 250 1879 seculis
266 1832 343 1889 dignae
354 1838 448 1888 usquam
459 1828 609 1880 nominatione
620 1832 712 1880 luissent
723 1831 779 1879 libro
791 1840 837 1878 uno
847 1824 958 1888 ampleirus

174 1916 213 1951 est.
230 1902 322 1951 Librum
338 1923 427 1961 quoque
439 1903 466 1951 de
481 1903 577 1951 Feminis
592 1905 711 1962 impudicis
724 1904 782 1952 lecit.
796 1904 895 1951 Deorum
907 1904 959 1951 item

175 1973 336 2034 Genealogiam
354 1974 430 2033 ingens
446 1976 536 2035 quidem
548 1998 573 2025 ac
585 1977 638 2026 utile
651 1978 753 2026 studiosis
766 1977 794 2025 ad
806 1991 880 2035 poetas
892 1978 959 2024 inter·

133 2051 160 2097 25
177 2050 292 2106 pretandos
308 2069 369 2107 opus,
390 2050 517 2108 quindecim
536 2050 596 2099 libris
616 2051 716 2099 absolvit.
737 2050 828 2108 Scripsit
848 2051 913 2097 etiam
933 2050 960 2097 de

176 2121 299 2175 Montibus,
308 2122 335 2169 de
344 2120 416 2174 Silvis,
425 2121 452 2169 de
461 2121 575 2177 Fontibus,
584 2124 611 2170 de
618 2124 729 2178 *Lacubus
744 2125 771 2172 de
779 2124 924 2177 Fluminibus,
930 2123 960 2169 ‘de

175 2192 300 2248 paludibus,
317 2193 344 2241 de
357 2193 456 2242 Maribus
470 2194 566 2243 Famosis
584 2195 650 2243 libros
667 2209 758 2255 septem.
771 2195 830 2245 Haec
847 2195 924 2245 Latine
935 2216 959 2243 ac

177 2266 252 2324 perite.
268 2265 374 2313 Sermone
388 2279 462 2314 autem
484 2269 554 2325 patrio
569 2281 635 2327 atque
650 2270 710 2318 suavi
724 2270 836 2328 complura
850 2269 960 2317 volumina

177 2337 333 2387 edidit'labulis
341 2339 492 2395 pulcherrimis
503 2361 528 2387 ac
539 2341 612 2388 multis
624 2342 694 2399 plena.
706 2343 805 2390 Decades
814 2355 910 2400 preterea
918 2354 960 2389 tres

136 2412 165 2460 30
179 2410 207 2459 T.
224 2410 279 2459 Livii
300 2411 395 2468 patrium
414 2411 436 2459 in
452 2431 574 2461 sermonem
594 2415 665 2462 vertit.
686 2415 755 2464 Patria
774 2434 825 2463 vero
841 2414 889 2468 sihi,
906 2434 961 2473 quae

178 2482 257 2532 florum
272 2482 365 2532 Tusciae
378 2484 418 2532 llos
432 2498 471 2538 est,
492 2485 600 2534 Florentia
615 2484 664 2536 luit.
681 2487 726 2535 Sed
739 2487 858 2546 plurimum
869 2486 961 2545 Neapoli

178 2555 236 2613 regia
249 2556 271 2603 in
285 2556 333 2604 aula
347 2556 473 2605 obversatus
487 2571 526 2606 est.
677 2557 678 2560 ¹

221 2629 268 2677 Nos
283 2642 356 2677 autern
371 2630 409 2688 qui
425 2649 498 2679 rerum
514 2646 661 2682 memorarunt
676 2646 774 2692 tempora
789 2633 908 2683 videamus.
924 2631 963 2682 Est
1036 2629 1043 2689 ᾖ

178 2703 268 2761 quidem
281 2722 360 2752 munus
373 2723 449 2752 eorum
461 2705 582 2753 tractandas
595 2706 623 2754 ad
635 2706 734 2755 historias
747 2708 858 2764 egregium
869 2720 891 2755 et
904 2727 962 2755 max·

194 2883 210 2927 l.
225 2883 285 2937 patris
299 2883 378 2938 s(ancti)
392 2890 428 2929 ἐπ.
484 2885 503 2930 6.
518 2885 827 2943 (colltitgit)t.r.;eratcotlegit.³
879 2888 960 2944 7.ca(la·
1034 2870 1045 2899 Τ

138 2949 251 3002 mitates)1'.
267 2969 283 2993 r.
337 2949 371 2995 23.
384 2963 466 3006 quoque
480 2971 525 2996 sscr.
919 2949 920 2952 Ἴ
