2093 3253
259 172 391 203 scauronuu
405 172 530 204 lucustarum
543 184 557 189 —
571 172 629 203 arnan
643 172 696 203 inin.
845 159 886 205 397

97 287 192 354 venienti
209 287 345 336 centuriones
363 287 414 336 dare
431 287 454 335 id
470 287 584 346 oppidum,
602 287 663 345 quod
678 288 746 336 trium
762 283 884 336 cohortium

99 359 206 418 praesidio
221 359 262 407 sub
278 358 355 418 Magni
371 359 467 417 Pompeii
484 360 572 408 nomine
587 359 715 414 retinebant,
731 372 756 406 ut
772 378 795 406 se
810 358 885 407 delen-

28 493 31 495 ,
99 432 160 480 deret
174 431 307 480 obtulerunt.
328 430 374 480 Sed
392 427 497 481 recusauit
516 431 600 487 Cicero,
619 444 668 481 tum
687 432 747 491 quod
765 432 885 481 traiiciendi

83 534 84 537 =
99 504 184 552 animus
199 516 261 558 esset,
271 516 320 552 tum
330 505 390 565 quod
399 523 423 552 ea
433 523 509 552 manus
518 505 546 552 ad
555 504 669 553 Caesareas
678 505 773 562 legiones
782 504 884 552 arcendas

74 579 87 627 5
103 596 168 636 parva
183 576 248 626 etiam
262 576 312 636 plus
327 575 395 625 nimio
410 576 526 625 videretur.
543 576 620 634 Ipsum
634 588 707 625 autem
716 576 822 635 vnavigare
834 595 885 635 pro-

100 663 212 708 perantem
227 649 309 699 diutius
326 662 400 708 optato
416 649 504 698 retinuit
520 661 541 697 et
558 642 621 697 maris
638 661 748 708 expectata
764 647 886 707 tranquilli-

100 735 133 771 tas
147 735 169 770 et
183 741 234 769 cura
248 720 337 770 fallendi
352 721 449 775 Antonii,
459 721 497 780 qui
507 741 583 769 omnes
592 733 613 769 et
623 721 702 779 Superi
712 734 733 770 et
745 720 811 769 lnleri
821 721 885 770 maris

87 854 90 862 Ι
101 807 183 853 portus,
195 814 222 843 ne
232 795 350 853 quisquam
359 814 384 842 ac
394 794 507 852 presertim
518 793 595 842 Cicero
604 794 717 848 traiiceret,
729 793 802 842 multis
813 807 885 843 custo-

101 867 165 915 dibus
181 867 310 918 observaret.
327 866 353 915 ld
366 866 424 914 enim
438 865 520 914 solicite
533 867 622 915 curabat
634 866 750 920 Antonius,
764 879 812 915 tum
825 866 886 925 quod

64 942 90 990 10
104 940 132 989 ita
146 953 202 989 esset
217 961 229 988 a
243 939 334 989 Caesare
347 940 418 989 iussus
429 951 598 998 suspectumque
608 940 681 998 ipsum
692 939 765 987 multis
776 938 885 1004 coniectu-

102 1014 131 1060 ris
146 1013 241 1067 haberet,
252 1025 302 1061 tum
312 1012 373 1071 quod
388 1013 524 1061 stomachum
537 1014 565 1060 in·
574 1013 703 1061 Ciceronem
718 1011 887 1071 haudquaquam

102 1085 153 1134 satis
167 1085 262 1134 amicum
270 1084 336 1134 terret
345 1085 445 1134 incitatus
454 1084 643 1134 lamentationibus
653 1085 733 1139 matris,
742 1105 798 1143 quae
807 1083 887 1132 diceret

102 1179 127 1207 ac
141 1178 297 1216 saepenumero
312 1171 438 1218 quereretur
453 1157 571 1207 Lentulum
586 1157 687 1226 Surramq
698 1158 800 1205 maritum
814 1177 886 1210 suum,

103 1230 141 1290 qui
155 1228 232 1279 luisset
245 1230 400 1279 coniurationis
414 1229 519 1279 Catilinae
532 1231 640 1289 princeps,
655 1228 726 1290 opera,
741 1230 797 1285 dole,
811 1229 890 1278 {raude

65 1304 90 1354 l5
106 1302 217 1353 Ciceronis
232 1317 253 1352 et
267 1303 383 1352 crudeliter
398 1303 494 1352 occisum
508 1316 529 1352 et
544 1304 611 1363 impie
625 1304 760 1363 prohibitum
778 1303 888 1362 sepultura

104 1376 178 1425 luisse.
192 1376 283 1425 Antonii
302 1376 392 1435 quidem
410 1376 507 1424 vitricus·
518 1376 588 1424 luerat
607 1370 728 1425 Lentulus
740 1375 818 1435 Neque
836 1394 887 1424 vero

105 1449 233 1498 Ciceronem
247 1448 335 1499 fallebat
348 1449 465 1497 Antonius.
480 1449 538 1498 Nam
553 1450 593 1498 etsi
607 1449 686 1498 blanda
701 1461 772 1497 essent
786 1444 888 1506 utrinque

104 1522 176 1576 verba,
190 1522 231 1570 sibi
244 1535 317 1571 tamen
330 1522 407 1571 Cicero
420 1523 479 1571 haud
491 1522 540 1580 plus
553 1522 604 1571 fidei
617 1543 683 1582 quam
696 1534 804 1580 oporteret
817 1521 888 1570 dabat.

105 1594 153 1641 Nec
167 1595 240 1651 ipsum
256 1594 298 1642 hoc
313 1608 412 1652 tempore
427 1593 494 1642 adivit
510 1615 609 1652 unquam
624 1595 740 1648 Antonius,
757 1594 847 1652 pudore,
864 1606 889 1640 ut

63 1667 92 1714 20
107 1665 198 1720 dicebat,
211 1679 314 1721 retentus,
326 1666 387 1727 quod
397 1666 417 1714 ei
429 1666 505 1715 Cicero
517 1679 659 1715 succenseret.
671 1666 695 1715 Si
707 1686 757 1714 vero
769 1665 812 1714 ulla
823 1664 890 1722 signi-

105 1738 184 1787 ficandi
195 1738 313 1796 quicquam
324 1738 424 1787 veniebat
435 1738 525 1793 occasio,
536 1752 585 1786 tum
595 1738 675 1787 litteras
685 1739 714 1787 ad
725 1759 775 1787 eum
785 1750 822 1787 aut
833 1758 890 1785 nun·

106 1811 165 1859 cium
179 1811 217 1870 qui
232 1809 321 1860 referret
337 1811 437 1861 mandata
452 1810 558 1859 mittebat.
591 1858 593 1861 ,
610 1835 612 1840 ’

98 1923 99 1927 ,
148 1883 250 1944 Denique
265 1884 484 1943 parataclandestine
498 1904 537 1942 per
551 1885 631 1933 amicos
647 1885 694 1933 navi
710 1884 787 1932 Cicero
800 1884 889 1933 tandem

106 1957 129 2004 in
144 1956 235 2015 Epirum
249 1970 315 2005 vento
329 1977 433 2016 prospero
447 1958 561 2017 navigavit,
577 1957 649 2016 Opere
663 1958 761 2015 precium
775 1970 830 2006 esset
844 1979 890 2006 me-

67 2030 94 2076 25
110 2047 193 2077 morare
207 2050 274 2089 quam
288 2032 345 2093 comi
363 2030 441 2085 fronte,
459 2051 526 2090 quam
543 2031 614 2081 verbis
631 2031 713 2085 amicis,
732 2050 799 2089 quam
816 2030 890 2079 stricto

107 2101 212 2160 amplexu
222 2102 296 2164 ipsum
311 2102 441 2161 optimatum
455 2104 547 2162 quisque
560 2124 585 2152 ac
597 2103 713 2161 Pompeius
726 2103 816 2162 excepit,
830 2103 890 2162 quod

107 2175 225 2224 adventum
240 2175 286 2223 eius
301 2176 402 2230 universi,
421 2197 465 2235 quo
483 2177 526 2225 iam
544 2176 616 2225 minus
633 2188 760 2235 sperassent,
779 2197 805 2224 eo
823 2176 890 2233 magis

108 2261 222 2306 acceptum
236 2261 365 2307 gratumque
378 2249 562 2298 haberent.›l·laec
575 2270 661 2309 nanque
672 2250 750 2307 'diebus
763 2249 838 2307 primis
851 2270 891 2297 nec

109 2319 183 2367 multis
194 2321 291 2382 quidem
303 2320 379 2368 dietim
388 2340 439 2369 vero
448 2321 624 2380 circumspiciens
634 2322 717 2377 Cicero,
728 2341 779 2369 cum
788 2340 828 2369 nec
837 2341 890 2379 quas

69 2391 98 2437 30
112 2389 181 2449 parari
196 2392 279 2440 videret
293 2393 365 2451 copias
381 2413 422 2440 nec
437 2413 493 2451 quae
503 2394 587 2442 audiret
598 2393 648 2441 belli
658 2392 746 2441 consilia
755 2393 890 2451 approbaret,

109 2463 132 2511 in
147 2472 267 2513 sementes
284 2465 383 2513 omnium
399 2464 461 2514 facile
477 2466 606 2515 obscuravit.
625 2465 683 2515 Illud
697 2479 747 2514 ante
763 2466 840 2514 omnia,
850 2466 891 2514 sibi

113 2536 239 2595 displicebat
259 2538 397 2595 permaxime,
425 2539 485 2597 quod
506 2552 577 2588 essent
599 2540 663 2588 minis
684 2539 742 2598 pleni
763 2538 901 2598 futurosque-

111 2609 177 2666 ipsos,
193 2609 210 2657 si
225 2610 343 2665 vincerent,
362 2611 459 2659 crudeles
477 2611 568 2659 audiret.
587 2611 655 2660 Nullo
673 2612 731 2660 enim
749 2612 847 2660 Romano
865 2612 892 2659 de

111 2681 158 2730 cive
172 2681 242 2740 (taceo
257 2683 295 2742 qui
310 2682 382 2741 palam
397 2682 510 2733 Caesarem
528 2684 680 2742 sequebantur,
699 2684 737 2733 sed
755 2684 792 2743 qui
811 2683 894 2732 Romae

70 2805 212 2814 ——-—.-—-

123 2871 142 2915 6.
157 2871 187 2916 Ex
200 2870 326 2923 tranquilitas
340 2891 389 2916 corr.
448 2874 467 2915 7.
484 2870 543 2915 Inleri
558 2891 581 2917 er
595 2861 644 2917 inari
657 2892 706 2918 corr.
768 2872 797 2919 l3.
814 2892 837 2918 ac
852 2892 895 2918 sae-

72 2936 197 2992 pelnumero)
212 2944 225 2982 i.
240 2955 263 2988 r.;
277 2957 301 2983 ex
315 2937 386 2983 Cicero
399 2945 467 2983 statim
480 2956 529 2983 corr.
587 2937 617 2982 14.
631 2941 661 2985 Ex
675 2939 775 2985 Catelinae
788 2958 836 2986 corr.
