2093 3253
437 204 528 236 SICCONIS
542 203 658 235 POLENTONI

178 332 277 374 vastatos,
293 317 456 378 suppelectilem
466 319 507 368 sub
517 319 577 369 basta
587 319 687 379 positam,
697 319 755 368 bona
765 319 837 368 omnia
847 319 961 378 publicata,
1023 312 1025 314 K

178 393 311 451 rogationem
326 392 348 440 in
363 392 435 440 curiae
448 405 510 450 poste
524 393 597 446 fixam,
612 392 722 441 neminem
736 392 763 439 de
777 393 825 450 ipso
839 390 918 440 relerre
931 392 962 441 lo·
1029 456 1031 460 .

178 464 243 521 quive
257 463 344 526 publice
363 464 481 522 quiequam
499 464 587 513 audere.
606 464 692 522 Nempe
711 464 784 511 omnia
803 463 856 511 haec
874 476 961 522 torque·
1027 459 1031 505 {

177 538 230 586 bant
240 557 291 586 eum
299 537 437 586 vehementer
445 536 484 585 sed
496 535 550 585 illud
561 536 718 592 vehementius,
727 537 788 596 quod
799 556 837 595 per
849 536 919 595 legem
930 556 962 586 re·
1031 600 1032 603 Ἴ

132 647 133 650 ¹
151 610 163 659 5
179 609 277 659 vertendi
292 609 374 658 nullam
388 610 429 657 sibi
444 629 506 667 spem
520 609 616 657 relictam
631 630 677 658 esse
691 621 783 666 putaret.
798 608 891 657 Videbat
905 610 962 660 enirn
1026 643 1033 663 ·;

178 683 277 731 inimicos
293 695 399 739 potentes,
416 681 569 740 implacabiles,
586 682 705 730 obstinatos
722 701 775 730 esse.
793 681 886 729 Videbat
902 700 962 740 roga·
1030 693 1032 695 ’

177 754 242 803 tionis
255 754 394 813 asperitatem
406 767 428 802 et
442 755 518 803 minas.
532 754 625 803 Videbat
639 774 694 812 quos
707 754 849 803 amicissimos
863 773 909 802 esse
922 774 963 812 pu-

177 827 236 876 tabat
251 839 316 886 atque
331 826 378 874 illos
393 827 451 885 ipsos
464 826 544 886 quibus
557 826 677 886 plurimum
689 826 816 876 credidisset
828 847 851 875 se
863 839 900 876 aut
913 846 962 886 pro-

178 901 259 949 didisse
272 900 353 948 invidia
366 912 403 949 aut
417 900 537 948 deseruisse
551 913 618 955 metu,
632 921 713 958 paucos
727 900 859 957 eosdemque
872 900 963 948 meticu-

139 975 165 1021 10
180 972 237 1020 losos
252 973 275 1020 in
289 972 332 1020 fide
344 973 455 1020 mansisse.
467 972 546 1031 Neque
556 991 607 1021 vero
623 984 707 1037 poterat
726 971 823 1021 oblivisci
843 971 899 1031 quis,
911 993 963 1032 qua-

178 1045 211 1101 lis,
224 1058 325 1104 quantus,
338 1058 420 1104 quanto
429 1047 454 1093 vin
465 1046 525 1100 flore,
538 1047 612 1103 gratia,
632 1046 714 1094 honore
733 1044 798 1104 paulo
814 1057 865 1094 ante
880 1044 963 1102 luisset,

178 1118 228 1176 quis
243 1138 301 1166 nunc
315 1131 378 1172 esset,
395 1131 477 1176 quanto
493 1139 504 1165 e
520 1131 577 1166 statu
593 1119 689 1166 deiectus
705 1131 767 1172 esset,
784 1118 870 1175 quantis
886 1118 965 1175 opibus

178 1190 282 1249 spoliatus
297 1203 360 1239 esset.
375 1190 489 1248 Cogitabat
502 1209 577 1238 secum
590 1210 656 1248 quam
669 1203 757 1248 repente
769 1189 904 1249 amplissimo
917 1209 963 1249 gra-

179 1263 209 1312 du
224 1263 339 1318 honorum,
358 1262 476 1311 clarissima
494 1263 555 1317 urbe.
569 1263 700 1311 amatissima
721 1264 819 1320 coniuge,
834 1262 962 1311 dulcissimis

137 1337 165 1389 ,15
180 1336 261 1390 amicis,
271 1328 361 1392 egregiis
372 1334 510 1383 facultatibus
521 1335 617 1393 privatus
629 1348 692 1383 esset.
703 1335 752 1382 Nec
764 1334 836 1383 dolere
848 1335 966 1394 aliquando

179 1428 223 1456 non
238 1419 322 1465 poterat
334 1406 452 1465 spoliatum
463 1426 486 1455 se
498 1408 573 1466 patria,
586 1426 660 1463 uxore,
673 1407 755 1462 amicis,
768 1407 879 1465 dignitate,
891 1406 965 1457 existi·

180 1483 281 1536 matione,
290 1480 383 1530 fortunis
396 1481 476 1539 quibus
489 1493 601 1540 tantopere
614 1480 728 1529 floruisset.
738 1480 779 1529 His
792 1493 879 1540 nanque
890 1501 964 1531 secum
1035 1478 1037 1480 i

180 1554 349 1604 discruciabatur
365 1574 428 1613 saepe
443 1567 509 1613 atque
525 1553 660 1603 existimabat
675 1553 721 1603 lore
737 1553 798 1612 quod
813 1554 886 1612 peiora
901 1554 965 1603 etiarn

180 1628 297 1675 evenirent.
323 1627 436 1676 Interdum
447 1646 499 1675 vero
511 1646 534 1675 se
545 1627 574 1675 ad
585 1627 711 1685 patientiam
724 1627 875 1684 componebat.
890 1627 965 1684 Ipsum

138 1701 167 1750 20
182 1700 240 1747 enim
255 1699 363 1747 recreabat
377 1698 477 1753 multum,
491 1719 542 1747 cum
555 1698 665 1747 fortunam
677 1718 724 1746 esse
736 1697 855 1747 volubilem
867 1698 966 1747 conside·
1037 1729 1038 1732 =

147 1801 149 1805 ν
180 1772 240 1820 rabat
254 1791 321 1829 seque
332 1792 376 1820 non
387 1771 440 1826 iure,
452 1791 497 1819 non
508 1771 598 1835 crimine
609 1791 656 1825 suo,
668 1790 745 1820 verum
755 1771 813 1825 odio,
825 1771 906 1820 invidia
917 1771 966 1830 pul·

152 1871 154 1875 ·
180 1865 229 1893 sum
243 1858 265 1893 et
279 1843 388 1893 abiectum
404 1863 450 1893 esse
466 1843 560 1892 videbat.
576 1843 624 1891 Nec
639 1842 748 1892 solabatur
764 1863 848 1902 parum,
865 1844 965 1902 quotiens

154 1976 155 1979 Ἴ
179 1918 253 1965 animo
264 1916 393 1970 revolvebat,
405 1937 435 1970 se,
446 1936 581 1975 quamquam
590 1916 645 1964 urbe
655 1916 731 1974 pulsus
742 1917 877 1974 coniugeque
887 1936 912 1964 ac
922 1915 967 1964 lor-

180 1990 239 2037 tunis
254 1989 350 2047 privatus
362 2002 424 2043 esset,
438 1987 473 2036 illa
485 2002 557 2037 tamen
570 2008 644 2037 secum
656 1989 735 2037 habere
747 2008 802 2047 quae
814 1989 871 2036 bona
883 1989 966 2048 potiora

138 2062 166 2111 25
182 2076 204 2110 et
219 2061 312 2111 bominis
328 2063 415 2121 propria
427 2074 478 2110 sunt
492 2062 622 2121 ingenioque
634 2082 660 2110 ac
672 2062 751 2111 virtute
764 2074 786 2109 et
799 2061 902 2120 sapientia
915 2082 966 2110 con·

180 2136 284 2185 tinentur.
300 2134 360 2183 Tum
375 2135 465 2194 quidem
480 2143 531 2184 cum
546 2154 621 2184 secum
636 2135 688 2183 haec
704 2135 844 2189 memorabat,
860 2135 968 2193 patienter

142 2257 144 2261 ,
181 2206 263 2256 herebat
278 2206 367 2255 exilium
377 2206 460 2261 Cicero,
471 2227 511 2255 nec
520 2219 583 2265 turpe
593 2206 634 2254 sibi
643 2206 712 2254 exulis
722 2227 809 2261 nomen,
819 2219 900 2255 ut-esse
909 2206 966 2264 vulgi

181 2278 235 2327 solet
246 2279 331 2337 opinio,
346 2279 479 2327 seddurum
493 2299 539 2326 esse
553 2278 747 2338 calamitosumque
761 2279 853 2329 dicebat.
869 2278 968 2328 Multum

181 2373 269 2412 quoque
284 2352 420 2400 recreationis
437 2365 503 2410 atque
519 2351 591 2400 solacii
609 2352 731 2400 summebat
748 2373 774 2400 ex
791 2351 836 2400 filio·
853 2352 887 2400 M.
905 2351 966 2400 Cice·

139 2422 170 2475 30⁴
183 2443 242 2479 rone,
255 2425 292 2483 qui
305 2425 407 2483 parvulus
418 2438 474 2473 esset
485 2445 511 2472 ac
522 2444 550 2473 ne
561 2416 695 2473 occideretur
706 2424 734 2473 ab
745 2425 839 2473 inimicis
850 2441 905 2483 puer
916 2425 968 2473 mis-

181 2517 218 2545 sus
233 2498 261 2546 ad
274 2511 359 2557 patrem
373 2511 436 2545 esset.
452 2497 526 2545 Frater
545 2511 619 2545 autem
642 2497 669 2553 Q.
693 2497 771 2546 Cicero
794 2498 920 2560 magistratu
935 2498 968 2545 in·

181 2582 239 2619 terea
250 2568 343 2619 iunctus
351 2569 454 2629 (triennio
466 2569 556 2628 quidem
567 2589 653 2618 summo
665 2589 717 2618 cum
728 2569 820 2628 imperio
831 2569 906 2618 Asiam
917 2589 968 2628 pro·

181 2643 256 2692 consul
268 2642 372 2701 obtinuit)
383 2643 474 2693 domum
485 2643 593 2693 rediturus
603 2644 699 2692 Athenas
711 2644 777 2698 venit;
788 2644 885 2692 traiicere
895 2644 966 2702 ipsum
976 2658 979 2662 ’

181 2718 208 2764 ad
231 2737 254 2763 se
276 2716 453 2763 Thessalonicam
471 2715 539 2764 vetuit
558 2715 642 2769 Cicero,
661 2735 688 2764 ne
705 2716 811 2764 afflictum
828 2735 852 2763 se
869 2715 967 2774 squalore

144 2910 150 2929 ¹'
184 2900 213 2944 14.
227 2899 364 2954 dullcissimis)
379 2905 393 2943 i.
408 2918 430 2948 r.;
440 2917 465 2944 ex
479 2898 662 2953 egrtegiistptatim
673 2918 722 2944 corr.
777 2898 809 2942 29.
821 2899 861 2944 Pro
870 2900 968 2945 sumebat.

138 2964 173 3011 34.
188 2966 217 3011 Ex
232 2964 384 3010 Thesalonicam
398 2982 447 3009 corr.
