2093 3253
244 167 373 198 scnrrronuu
388 167 512 200 nxusrnrun
526 179 540 184 -
553 168 611 199 arnan
625 167 678 199 vim,
834 155 872 200 263

87 297 131 331 tur.
149 281 225 340 lpsum
241 281 353 330 Aristoteli
369 302 394 329 ac
411 281 495 330 Platoni
512 283 618 341 adaequat
635 283 771 331 Plutarchus.
790 283 874 331 Laudat

88 356 161 413 ipsum
175 353 277 402 Aurelius
286 354 422 411 Augustinus
431 353 487 402 libro
497 355 525 403 de
530 354 624 404 Ciuitate
630 354 680 403 Dei.
687 354 772 404 Laudat
782 354 874 403 Lactan-

89 427 132 478 tius
146 426 275 483 Firmanus,
289 447 340 477 cum
352 426 423 477 Sacris
437 426 464 477 de
478 427 586 478 Institutis
598 427 681 478 scribit.
695 427 780 478 Laudat
798 427 875 478 Cicero

90 501 186 550 scribens
197 501 327 550 Academica
338 500 410 550 verbis
421 501 474 550 istis:
486 519 495 542 a
504 499 550 550 Nos
561 519 570 543 »
581 502 652 565 (quasi
663 502 692 550 ad
702 522 754 551 eum
764 501 876 560 loquatur)

62 578 75 625 5
91 575 163 632 inquit
178 590 186 613 «
196 586 269 621 nostra
278 574 301 621 iu
311 574 365 622 urbe
375 575 531 631 perigrinantes
540 587 681 633 errantesque
689 587 795 633 tanquam
802 574 875 631 bospi-

89 660 122 693 tes
130 647 163 693 tui
171 645 221 693 libri
229 646 291 704 quasi
299 646 391 693 domum
399 646 543 700 deduxerunt,
552 659 576 694 ut
584 666 698 704 possemus
706 646 824 705 aliquando
837 647 875 704 qui

90 732 110 766 et
126 718 164 766 ubi
180 739 277 768 essemus
289 737 412 777 agnoscere.
426 718 462 767 Tu
474 732 567 767 aetatem
580 721 668 777 patriae,
681 732 706 767 tu
719 720 876 778 descriptiones

89 807 221 850 temporum,
232 805 257 840 tu
268 812 379 841 sacrorum
389 792 443 847 iura,
454 806 479 841 tu
490 793 634 846 sacerdotum,
650 807 675 842 tu
691 793 840 847 domesticam,
851 807 876 841 tu

90 865 580 924 bellicamdisciplinam,tusedemregionum,
593 867 875 921 locorumtuomniumdi-
938 884 941 888 ’

53 944 78 991 10
93 941 193 988 vinarum
206 940 394 999 humanarumque
407 959 480 989 rerum
492 943 587 995 nomina,
601 960 686 999 genera,
704 937 788 995 officia,
801 933 876 989 causas

90 1013 201 1070 aperuisti.
213 1012 335 1060 Plurimum
346 1013 436 1070 quidem
447 1026 468 1060 et
477 1013 546 1070 poetis
558 1013 638 1060 nostris
649 1013 784 1071 omninoque
793 1012 876 1060 Latinis

91 1098 112 1133 et
126 1084 204 1134 litteris
214 1085 304 1133 luminis
314 1097 336 1134 et
346 1085 418 1134 verbis
429 1085 521 1133 attulisti
532 1097 598 1145 atque
608 1085 655 1144 ipse
666 1085 750 1134 varium
759 1097 780 1134 et
791 1084 877 1142 elegans

91 1159 151 1205 omni
167 1157 212 1205 lere
228 1178 319 1206 numero
335 1179 413 1216 poema
428 1158 498 1206 fecisti
514 1157 811 1223 philosophiamquetmultis
824 1158 876 1206 locis

92 1231 221 1279 inchoasti»
232 1231 291 1280 Haec
302 1232 386 1280 Cicero.
397 1227 464 1280 Omni
474 1231 570 1289 denique
579 1232 602 1279 in
611 1249 690 1289 genere
699 1231 820 1279 litterarum
830 1249 877 1278 ver-

57 1303 80 1352 15
97 1316 155 1351 satus
171 1317 203 1351 est
218 1303 294 1352 Varro.
315 1303 413 1357 Mortem
433 1323 484 1351 vero
504 1304 663 1361 nonagenarius
679 1302 741 1357 obiit;
757 1303 878 1360 imperabat

93 1389 146 1424 tunc
162 1375 295 1426 Octavianus
310 1377 430 1435 Augustus.
447 1375 495 1426 Nec
510 1377 572 1425 annis
588 1376 679 1435 quidem
694 1377 799 1440 vivacior*
812 1395 878 1434 quarn

93 1449 166 1498 studio
175 1463 196 1498 et
204 1449 262 1499 stillo
270 1449 319 1499 fuit.
327 1450 418 1498 Annum
426 1450 503 1512 agebat
511 1443 684 1507 octuagesimum
691 1463 765 1507 atque,
774 1462 798 1510 ut
807 1449 878 1507 inquit

92 1523 145 1577 ipse,
161 1522 218 1569 vitae
229 1523 323 1569 sarcinas
334 1521 456 1579 colligebat,
463 1542 514 1569 cum
525 1521 553 1568 ad
562 1517 691 1569 Fundanam
701 1539 793 1579 uxorem
803 1522 878 1570 Rusti-

93 1611 167 1643 carum
175 1593 258 1644 Rerum
265 1594 332 1644 libros
340 1595 434 1654 scripsit.
443 1593 527 1644 Eodem
535 1593 626 1653 quidem
633 1594 656 1642 in
664 1592 751 1649 lectulo,
766 1607 790 1642 ut
798 1591 878 1642 Valerii

52 1669 79 1716 20
95 1667 187 1716 Maximi
194 1668 267 1717 verbis
274 1681 330 1722 utar,
336 1682 358 1717 et
365 1670 455 1726 spiritus
463 1669 510 1717 eius
517 1681 639 1726 etoperum
646 1668 783 1725 egregiorum
790 1685 879 1716 cursum

93 1740 191 1789 extinxit.
202 1740 320 1789 Enimvero
330 1754 376 1788 tam
388 1741 456 1789 multa
467 1741 518 1798 legit
529 1741 590 1799 quod
601 1755 688 1798 tempus
699 1740 727 1788 ad
738 1740 879 1788 scribendum

93 1833 137 1861 non
148 1811 216 1861 luisse
226 1813 332 1868 videatur,
343 1826 389 1862 tam
400 1813 468 1862 multa
479 1813 565 1871 scripsit
577 1813 637 1872 quod
648 1832 673 1861 ea
683 1812 754 1871 legere
764 1812 800 1861 vix
811 1812 880 1871 possit

94 1886 218 1945 quisquam.
231 1886 291 1934 Haec
304 1887 331 1934 de
343 1886 448 1941 Varrone
462 1907 520 1934 nunc
533 1907 598 1934 suum
610 1885 638 1934 ad
650 1885 779 1933 familiarem
792 1884 880 1935 Cicero-

93 1979 144 2007 nem
159 1978 241 2008 eamus.

92 2117 145 2156 1.(ἶὶ
166 2117 209 2156 Plut.
229 2119 275 2157 Rom.
300 2119 325 2155 12.
346 2118 363 2155 5:
384 2118 441 2166 ἄνδρα
469 2116 568 2165 Ῥωμαίων
587 2116 606 2154 ὲν
625 2116 696 2165 ἱστορίᾳ
719 2116 879 2165 βυβλιακώτατον.

54 2180 268 2225 2,Aug.Cia.Dein.2.
319 2179 488 2219 2.Lact.Insr.t.6.
538 2180 554 2216 3.
563 2179 599 2216 Cic.
607 2180 714 2218 AcadsPosr.
727 2179 744 2215 9.
796 2178 822 2215 18.
834 2177 880 2215 Varr.

56 2242 96 2277 ΚΗ.
110 2243 122 2278 Ι.
139 2243 152 2278 l.
169 2243 182 2278 l.
234 2242 260 2278 l9.
273 2241 309 2278 Val.
322 2241 367 2278 Max.
380 2241 424 2278 Vlll.
438 2241 454 2277 7,
468 2242 484 2277 3.

97 2375 113 2418 l.
127 2374 158 2420 Ex
171 2373 272 2419 Plutarcus
287 2392 335 2418 corr.
350 2374 416 2427 (etiam
427 2379 446 2417 r’n
456 2372 533 2427 indice).
588 2373 608 2417 4.
623 2370 757 2427 Ᾱείαᾶεηιίεα)
774 2376 786 2415 ι’.
801 2389 824 2420 r.;
839 2380 881 2415 erat

55 2441 200 2487 Acbademica?
249 2439 289 2504 ll.
308 2438 338 2485 Ex
360 2440 473 2494 incubuit)
494 2445 561 2483 statim
581 2455 630 2482 corr.
688 2436 718 2484 18.
738 2436 881 2490 Rustlicarum)

54 2513 68 2551 i.
83 2527 105 2559 r.;
120 2518 162 2552 erut
176 2514 220 2553 res?
