2093 3253
266 155 396 185 scaurorum
411 154 535 184 rurusraruu
548 165 562 169 —
576 154 634 184 mean
649 155 675 184 iv.
843 140 880 184 129

89 286 146 334 post
161 291 227 331 quem
240 269 350 318 nominavi
367 267 489 318 Iuvenalem
503 281 614 318 mortuum
628 267 656 316 ad
670 266 728 316 mille
742 267 880 317 dormierant.

97 348 146 396 Hoc
160 363 210 393 vero
225 357 332 402 tempore,
338 356 363 390 ut
371 341 501 390 somnolenti
510 342 586 397 solent,
595 341 692 389 membra
700 354 793 397 movere,
807 341 880 389 oculos

97 435 185 477 tergere,
199 416 285 463 brachia
297 416 412 463 extendere
424 428 546 472 coeperant.
559 415 603 462 Sed
615 415 638 461 in
650 426 713 472 poeta
726 414 799 462 Dante-
810 433 881 472 neque
911 452 913 455 .

98 492 168 540 minus
184 489 285 537 scientiae
296 509 336 537 nec
346 487 395 548 plus
405 486 513 536 felicitatis
524 508 590 548 quam
600 487 623 535 in
634 485 723 538 Musato
733 486 782 536 luit.
793 486 881 546 Quippe

72 570 83 618 5
100 579 191 624 uterque
200 576 270 621 poeta,
280 576 371 621 uterque
380 561 455 620 pulsus
464 563 538 620 patria,
544 576 635 620 uterque
641 563 663 609 in
669 562 732 609 exilio
740 563 783 610 vita
791 560 882 610 defunc-

97 653 131 687 tus
152 650 191 685 est.
212 636 237 683 ln
250 636 322 683 Dante
337 654 388 683 vero
400 635 512 691 ingenium
524 648 569 683 erat
581 648 602 682 et
614 635 712 682 studium
724 635 818 683 liberale.
831 633 881 681 Erat

98 704 227 768 competens
233 707 425 766 eruditiooptimis
435 707 457 755 in
469 707 579 756 doctrinis.
590 706 641 755 Erat
651 706 768 756 multarum
778 725 850 756 rerum
860 718 882 754 et

98 801 203 831 novarum
214 794 235 829 et
246 793 343 829 veterum
354 801 398 828 non
406 781 478 828 ieiuna
486 781 588 838 cognitio.
600 778 676 828 Genus
684 793 757 828 autem
767 791 882 838 parentum

99 875 193 914 opesque
203 875 228 902 ac
239 867 320 902 caetera
329 875 384 912 quae
394 852 493 901 fortunae
503 853 638 911 appellantur
646 853 703 901 dona
713 853 881 911 haudquaquam

60 933 86 980 10
100 929 198 977 obscura.
207 927 273 975 Erant
281 927 374 986 denique
382 927 405 974 in
413 947 439 975 eo
448 926 515 975 multa
522 927 641 985 eademque
647 926 753 985 praeclara
758 927 813 975 vitae
819 945 882 974 orna-

71 1044 72 1047 ,
99 1014 170 1050 menta
181 1000 261 1059 quibus
272 999 387 1049 haberetur
403 1011 480 1058 magno
496 1001 518 1048 in
534 1000 615 1048 honore
625 1018 730 1059 carusque
741 1000 821 1048 civitati
832 1020 882 1048 suae

99 1098 123 1125 ac
134 1075 210 1124 exteris
224 1073 281 1123 fama
292 1075 387 1123 nominis
398 1094 444 1122 esse
455 1075 619 1123 commendatus
630 1087 710 1132 posset.
722 1068 806 1132 [lingua
817 1075 883 1122 modo

100 1149 188 1206 paulum
203 1168 249 1195 esse
263 1148 350 1196 liberior
360 1148 480 1206 quamsuis
490 1147 583 1206 placeret
593 1147 676 1194 civibus
687 1148 806 1200 uidebatur.
821 1147 883 1195 Hanc

99 1241 165 1269 unam
180 1220 269 1267 obrem
285 1221 307 1268 in
324 1241 372 1268 eam
388 1219 492 1267 invidiam
508 1232 573 1278 atque
590 1219 665 1267 odium
681 1233 713 1268 est
729 1221 842 1280 prolapsus
858 1234 883 1268 ut

62 1297 86 1344 15
102 1295 167 1342 veluti
182 1294 248 1341 homo
264 1295 301 1352 qui
316 1307 372 1342 esset
382 1292 481 1341 factionis
492 1294 592 1341 adversae
603 1313 627 1341 ac
637 1293 705 1341 hostis
715 1296 796 1352 patriae
806 1297 828 1343 in
839 1296 883 1342 ex'i-

100 1368 153 1416 lium
168 1366 289 1425 pelleretur.
303 1366 332 1416 Se
346 1366 435 1426 quidem
448 1379 501 1414 tunc
513 1366 542 1415 ad
556 1367 656 1425 primates
673 1364 849 1416 ltaliaecontulit
862 1381 884 1415 et

100 1440 158 1499 apud
173 1460 209 1486 eos
224 1439 353 1498 singularem
368 1438 402 1487 ob·
412 1439 514 1486 virtutem
524 1460 548 1487 ac
559 1458 631 1487 rerum
641 1439 758 1488 multarum
773 1440 884 1489 scientiam

101 1512 215 1561 liberaliter
227 1512 309 1571 ubique
321 1533 346 1560 ac
360 1511 428 1560 multo
441 1532 492 1559 cum
505 1511 586 1560 honore
599 1524 701 1571 exceptus
714 1526 779 1572 atque
792 1513 884 1561 donatus

101 1600 140 1636 est.
154 1586 230 1635 Annos
243 1587 297 1635 vixit
312 1586 358 1635 llll
373 1598 394 1634 et
410 1584 457 1633 LX.
471 1584 586 1634 Ravennae
599 1585 688 1634 tandem
701 1599 799 1636 mortuus
813 1607 837 1635 ac
850 1607 884 1635 se·
919 1587 921 1591 ’

61 1660 89 1706 20
103 1659 176 1716 pultus
189 1671 228 1706 est.
240 1658 317 1706 Annus
330 1671 374 1706 erat
386 1670 439 1705 tunc
451 1658 566 1710 nativitatis
580 1657 660 1706 Christi
673 1658 823 1708 MCCCXXl.
866 1672 870 1711 ἶ

143 1732 240 1789 Scriptae
250 1749 301 1779 vero
312 1730 340 1779 ab
351 1751 377 1778 eo
387 1730 549 1779 treshabentur
560 1731 690 1786 comoediae,
702 1732 783 1790 quibus
794 1732 849 1781 duce
860 1752 884 1779 ac

102 1806 202 1866 magistro
214 1802 304 1862 Virgilio
315 1803 407 1862 explicat
419 1823 474 1862 quae
484 1804 544 1862 apud
554 1803 641 1858 inferos,
653 1825 709 1862 quae
719 1805 742 1853 in
754 1806 884 1864 purgatorio.

102 1897 157 1934 quae
171 1878 229 1933 apud
244 1895 333 1934 superos
349 1876 488 1924 morientium
508 1878 591 1924 animae
612 1876 711 1925 habeant.
732 1877 792 1928 Haec
811 1879 885 1935 patriis

102 1950 191 2009 quidem
205 1949 276 1998 verbis
291 1949 336 2005 sed,
351 1962 457 2009 quantum
471 1949 495 1997 id
509 1949 616 1998 scribendi
631 1970 699 2008 genus
714 1963 735 1998 et
750 1952 812 1999 metri
832 1951 885 1999 ratio
923 1998 929 2008 „

62 2023 89 2070 25
105 2025 203 2081 patiatur,
219 2036 278 2071 tanta
289 2036 339 2071 sunt
350 2023 459 2082 gravitate,
471 2023 564 2081 ingenio,
575 2035 621 2071 arte
632 2024 689 2072 dicta
699 2037 724 2072 ut
735 2023 830 2083 prolecta
841 2037 885 2080 non

102 2117 114 2144 a
128 2109 192 2154 poeta
207 2097 272 2143 modo
287 2096 325 2143 sed
340 2096 409 2154 perito
420 2096 485 2143 etiam
496 2116 508 2143 a
519 2097 568 2161 viro·
576 2109 642 2154 atque
653 2098 716 2144 sacris
728 2098 750 2145 in
761 2097 836 2146 litteris
847 2118 886 2156 pe-

102 2171 143 2218 rito
157 2182 178 2218 et
194 2189 272 2228 magno
285 2189 297 2217 a
311 2168 412 2227 theologo
425 2169 546 2219 videantur.
560 2169 636 2219 Soluta
649 2190 700 2219 vero
710 2171 808 2220 ¹dictione
820 2183 886 2234 atque

104 2242 180 2291 Latine
194 2242 274 2291 librum
287 2263 357 2291 unum
368 2243 395 2291 de
410 2241 539 2291 Monarchia
553 2244 645 2302 scripsit.
660 2243 775 2292 Dictorum
785 2246 831 2294 eius
840 2264 885 2292 me-

104 2335 187 2364 morare
201 2336 271 2364 unum
287 2315 328 2363 hoc
343 2315 390 2363 loco
405 2314 482 2372 placet.
496 2315 628 2374 lnterogatus
639 2337 725 2375 nanque
736 2317 833 2365 Veronae
848 2336 887 2365 cur

63 2385 91 2435 30
106 2388 211 2443 histrioni,
226 2387 308 2436 homini
323 2386 413 2436 ridiculo
427 2400 448 2435 et
461 2387 544 2443 dicacis
556 2386 686 2437 dominantis
704 2389 752 2438 aula
770 2410 795 2440 ac
812 2390 886 2439 civitas

103 2475 148 2510 tota
162 2460 250 2516 faveret,
265 2460 306 2509 sibi
321 2470 401 2515 autem,
417 2461 455 2520 qui
470 2474 525 2509 esset
539 2462 572 2509 vir
586 2462 663 2510 doctus
678 2476 743 2522 atque
757 2475 827 2522 poeta,
842 2483 887 2512 non

33 2550 35 2554 “
103 2538 231 2583 amicaretur
246 2536 369 2592 quisquam,
391 2535 502 2592 respondit
522 2535 545 2582 id
566 2536 651 2583 evenire
672 2536 732 2594 quod
752 2536 832 2584 similes
853 2537 887 2585 sui

104 2608 183 2656 multos
199 2607 281 2661 histrio,
296 2607 343 2665 ipse
356 2599 504 2655 veronullum
517 2606 612 2655 haberet.
625 2606 786 2668 Salsaquidem
798 2627 887 2668 respon-

104 2681 136 2729 sio
146 2677 367 2738 etmordasteque
378 2684 428 2727 vero
440 2680 600 2739 quicquamest
612 2680 888 2744 quodjlaciliusthominem

63 2751 91 2800 35
106 2754 188 2802 homini
202 2773 267 2811 quam
281 2771 366 2800 morum
379 2753 497 2800 similitudo
515 2754 637 2811 coniungat.
659 2771 676 2803 ὦ
705 2790 711 2796 „
783 2776 785 2781 ·
868 2767 870 2769 ’

65 2862 204 2874 ,ιι-...ρ-

116 2925 135 2969 2.
150 2923 270 2969 somnulenti
284 2943 308 2970 ex
321 2924 363 2969 sole
375 2931 442 2968 statim
456 2943 505 2968 corr.
562 2925 580 2969 3.
595 2924 625 2969 Ex
639 2931 731 2977 'ceperant
744 2930 795 2986 coire
814 2922 816 2932 τ

99 3076 109 3111 9
