2093 3253
404 223 408 229 .
464 178 556 209 SICCONIS
570 178 686 220 POLENTONl
764 155 766 157 ι

204 306 255 342 sunt
266 312 321 352 quae
328 291 461 347 Vulturcius‚
473 311 528 359 quae
538 292 609 349 legati,
620 311 676 358 quae
684 291 712 347 Q.
719 291 799 339 Curius
808 290 906 339 dixerant
914 291 987 340 coniu—

155 429 157 431 ‚
203 365 292 415 rationis
302 384 348 413 esse
358 363 453 413 consilia.
465 365 542 413 Postea
552 384 681 432 vero-quam
691 364 719 412 de
729 363 885 419 coniuratione,
897 363 924 413 de
937 384 988 414 con·
1033 376 1046 432 j>-

204 432 471 493 iuratorumnominibus,
488 439 515 487 de
531 438 634 494 consiliis,
655 450 704 486 tum
722 459 748 485 ex
764 438 839 496 legatis
854 451 920 496 atque
935 437 988 488 Vul-

203 512 280 566 turcio,
289 524 337 560 tum
345 530 371 559 ex
379 523 500 560 reorumt
476 510 500 560 lit
501 511 559 565 teris,
571 511 645 570 signis
656 499 792 566 conlessione
802 511 853 559 satis
863 522 929 569 atque
939 512 989 561 satis
1039 519 1047 556 ’1-

174 584 189 634 5
206 597 342 643 compertum
349 583 398 639 tun
408 583 514 632 Lentulus
525 583 647 642 extemplo
642 603 713 632 russus
721 583 769 648 ipso
777 583 799 631 in
808 580 883 632 senatu
892 596 989 642 praetura
1036 581 1045 614 Q

205 678 227 704 se
237 649 353 706 abdicavit
355 669 384 712 et,
395 677 458 715 quae
461 658 567 714 praetoria
577 658 642 705 vestis
653 669 705 710 erat,
715 673 836 714 purpuram
846 656 925 737 posuit.
1045 706 1046 710 ,

248 728 354 776 Deinde
349 738 395 786 rpse'
410 734 431 776 et
445 728 484 787 qui
498 743 586 777 reorum
599 729 657 786 capti
671 740 732 776 erant
746 727 835 787 privatis
849 728 872 776 in
885 729 989 788 custodiis
1039 779 1046 786 ‚¹

205 802 265 862 apu'd
278 793 335 860 cives
350 801 462 861 primarios
477 802 550 862 quoad
563 821 602 863 per
616 816 715 852 senatum
729 802 757 851 de
770 802 823 861 ipsis
842 802 990 851 decerneretur
1039 816 1045 856 ζ

206 875 309 924 asservari
324 875 383 923 iussi.
406 875 465 922 Nam
484 876 513 923 ita
533 868 644 923 distributi
661 888 714 923 ‚sunt
733 888 757 923 ut
778 874 884 923 Lentulus
904 875 990 933 Spinter
1044 905 1047 932 χ

167 950 194 998 10
208 961 257 997 tum
264 947 338 998 aedilis
347 942 466 996 Lentulum
474 947 559 1010 Suram,
568 946 596 1003 Q.
606 946 736 996 Cornificius
744 947 874 1005 Cethegum,
882 946 910 996 C.
918 948 991 1004 Cesar,
1044 941 1046 944 ¹

207 1021 246 1080 qui
260 1032 335 1080 postea
351 1020 442 1081 dictator
457 1018 499 1068 luit
515 1019 617 1067 sedtum
632 1018 730 1078 pontilex
746 1020 852 1080 maximus
867 1040 892 1067 ac
908 1033 992 1078 praetor
1044 1045 1046 1071 1

209 1106 261 1149 erat,
276 1092 393 1147 Statilium,
414 1092 447 1142 M.
467 1091 558 1160 Crassus
578 1092 645 1156 Dives
665 1091 792 1147 Gabinium,
812 1091 857 1141 Gn.
876 1091 990 1142 Terentius
1045 1087 1047 1122 3

208 1159 294 1216 senator
300 1166 430 1226 Caeparium
439 1185 488 1215 suas
497 1166 590 1224 quisque
598 1166 621 1214 in
630 1166 706 1214 domos
714 1167 820 1214 tenendos
828 1166 991 1215 custodiendos-

209 1259 253 1297 que
267 1240 377 1286 haberent.

171 1311 196 1360 15
253 1309 340 1359 Deinde
354 1324 440 1359 senatus
453 1310 539 1359 decreto
551 1311 624 1370 legatis
641 1311 776 1370 Alogobrum
792 1311 821 1359 ob
838 1329 884 1360 rem
900 1311 957 1360 bona
973 1326 994 1361 et
1045 1339 1046 1343 =

209 1404 264 1443 pura
278 1405 329 1433 cum
343 1384 386 1432 lide
395 1384 524 1443 patefactam
533 1386 612 1442 gratiae
621 1384 766 1442 amplissimae
774 1397 834 1432 actae
843 1384 928 1443 illisque
938 1386 994 1434 dona

210 1471 231 1506 et
245 1457 340 1517 abeundi
359 1456 528 1515 remanendique
539 1456 602 1514 plena
618 1452 703 1504 licentia
714 1470 735 1504 et
746 1457 832 1505 libertas
844 1458 900 1505 data
911 1458 995 1520 Premia

210 1549 261 1579 vero
276 1530 361 1579 decreta
373 1529 435 1587 etQ
445 1529 513 1586 Curio
525 1528 587 1578 etT
596 1529 716 1598 Vuburcio,
730 1529 790 1589 quod
802 1529 855 1579 alter
863 1551 902 1580 sua
909 1545 992 1590 sponte

155 1646 156 1649 η
210 1605 285 1664 alter
279 1623 349 1654 iussus
365 1623 421 1663 quae
437 1604 501 1653 sciret
517 1595 571 1668 nibil
587 1590 719 1652 mendaciter
734 1603 867 1664 explicasset.
883 1605 994 1668 Postremo

170 1679 199 1726 20
213 1678 293 1725 laudati
304 1695 389 1724 summe
400 1677 426 1724 L.
437 1676 527 1723 Flaccus
537 1670 559 1723 et
570 1676 596 1742 C
607 1667 753 1740 Promptinus,
765 1677 832 1734 quod,
843 1678 882 1725 uti
885 1696 898 1724 a
908 1677 996 1725 consule

212 1751 264 1797 iussi
279 1761 469 1807 erantpastores
483 1749 525 1806 ipsi
538 1749 621 1806 integra
632 1748 677 1797 fide
689 1748 836 1831 singularique
849 1749 959 1808 diligentia
971 1770 995 1798 ac

212 1814 319 1887 eeleritate
330 1820 490 1881 proficiscentes
502 1820 583 1880 legatos
595 1842 647 1872 cum
657 1822 717 1871 omni
729 1822 833 1871 comitatu
845 1844 870 1870 ac
881 1822 957 1872 litteris
968 1824 997 1872 ad

165 1890 167 1893 ‚
212 1908 301 1953 pontem
315 1893 418 1943 Milvium
432 1894 626 1958 deprehendissent
639 1883 859 1953 deprehensosque
842 1915 888 1944 srne
900 1896 997 1944 tumultu

213 1968 241 2016 ad
255 1965 367 2017 consulem
383 1966 531 2015 adduxissent.
549 1965 649 2015 Ciceroni
667 1979 740 2015 autem
757 1965 863 2017 referente
881 1967 907 2018 L.
925 1967 994 2023 Cotta

171 2040 234 2091 25
215 2059 261 2090 viro
270 2060 356 2090 summo
364 2040 451 2099 ingenio
468 2060 596 2103 summaque
605 2040 720 2099 prudentia
728 2041 832 2099 praedito,
842 2042 931 2101 quod
911 2055 998 2096 virtute

213 2112 310 2167 consilio,
323 2113 438 2172 prudentia
449 2133 488 2161 sua
500 2126 521 2161 et
533 2113 653 2161 coniuratio
665 2113 800 2171 perditorum
812 2113 927 2182 bominum
938 2128 999 2173 pate-

213 2185 269 2234 lacta
278 2198 300 2234 et
309 2203 342 2233 res
352 2183 439 2245 publica
449 2184 543 2235 maximo
552 2205 565 2234 e
574 2176 686 2244 naufragio
695 2185 784 2235 liberata
793 2206 818 2246 ac
828 2186 925 2250 restituta
935 2200 998 2241 esset

214 2272 300 2308 senatus
313 2259 390 2317 gratias
403 2258 543 2324 amplissimis
556 2256 640 2306 verbis
641 2259 685 2316 egit
696 2259 837 2318 decrevitque
849 2261 938 2321 nomine
951 2275 998 2312 suo

177 2328 178 2331 ¹
214 2332 246 2381 uti
255 2344 299 2380 erat
308 2350 355 2381 mos
364 2349 388 2378 re
396 2330 452 2379 bene
460 2351 484 2379 ac
493 2329 584 2379 feliciter
592 2344 658 2389 gesta,
668 2351 747 2390 magno
755 2350 795 2390 pro
804 2318 886 2393 bonore
893 2327 922 2381 ad
928 2332 1000 2391 pulvi*

173 2404 201 2453 30
217 2404 275 2452 naria
286 2402 359 2452 omnia
367 2402 408 2451 diis
415 2402 573 2452 immortalibus
584 2402 753 2486 supplicationes
763 2390 845 2452 haberi
857 2405 945 2453 Decreti
955 2403 1000 2452 lor·

215 2476 306 2543 mulam
318 2475 370 2525 haec
380 2475 446 2539 verba
456 2473 505 2529 luit:
517 2492 526 2515 (
521 2475 646 2530 Ciceronis
657 2477 752 2532 nomine,
764 2477 825 2536 quod
835 2478 932 2527 urbem
925 2497 999 2527 rncen

210 2535 290 2604 dio,
272 2568 329 2599 cives
341 2549 413 2603 caede,
429 2538 513 2597 ltaliam
525 2545 607 2602 bello,
603 2565 650 2597 rem
662 2549 773 2607 publicam
785 2540 882 2608 periculo
894 2549 999 2601 liberavit

215 2620 383 2687 supplicationes
391 2621 419 2669 ad
427 2620 500 2669 omnia
508 2620 629 2679 pulvinaria
637 2620 679 2669 diis
687 2621 846 2671 immortalibus
855 2621 1001 2671 habeantur.t

216 2695 292 2743 Honos
307 2693 342 2743 hic
353 2693 445 2743 ducibus
457 2692 565 2743 bellorum
575 2694 701 2754 eisdemque
712 2695 879 2754 imperatoribus
890 2696 952 2752 claris
963 2693 1001 2754 qui

174 2766 203 2821 35]
218 2768 275 2817 bello
289 2787 323 2821 res
336 2785 439 2826 prospere
448 2767 564 2826 gessissent
574 2767 619 2815 dari
629 2767 705 2816 solitus
715 2781 760 2816 erat
770 2789 795 2816 ac
804 2768 951 2827 permaximus
960 2787 1001 2826 pu-

177 2886 320 2894 ---—-—-—-—

218 2953 234 2995 l.
248 2961 295 2994 sunt
308 2969 353 2994 sscr.
408 2950 440 2994 30.
455 2949 558 3005 (termula
572 2951 592 2995 in
607 2950 655 2995 baec
669 2957 682 2995 ι’.
697 2970 712 2995 r.
