2093 3253
243 167 375 196 scaurorum
390 147 517 197 musinium
532 166 617 197 -·trssen
632 167 645 197 r.
830 154 863 197 tr

73 302 126 343 quas
135 282 232 331 viderent
240 282 307 330 varias
316 281 436 339 qualitates,
445 282 601 339 generationes,
611 281 754 335 alterationes,
760 282 857 336 effectus,

72 376 154 405 causas.
170 353 322 412 Suspiciebant
335 350 425 413 q'uidem
436 355 520 403 caelum
531 355 566 402 isti
578 368 606 408 et,
618 375 674 413 quae
684 354 736 403 caeli
747 367 798 402 sunt
809 355 858 412 pul¹

72 428 178 478 cherrima
193 439 326 482 ornamenta,
342 427 417 482 solem,
431 427 512 482 lunam,
524 426 595 475 stellas
607 426 810 486 contemplabantur
820 427 858 474 ad-

72 502 248 559 mirabanturque
264 501 437 559 magnitudinem
450 501 511 550 caeli.
522 501 693 550 Admirabantur
704 500 754 549 solis
765 501 858 550 immen-

47 578 60 624 5
75 594 121 622 sam
135 575 206 621 lucem
217 586 390 631 perpetuumque
400 594 425 622 ac
435 574 572 621 celerrimum
582 592 678 622 cursum.
689 573 860 622 Admirabantur

73 647 201 695 continuum
216 645 280 693 lunae
292 666 317 693 ac
327 646 437 694 stellarum
448 659 540 694 motum.
553 645 727 694 Considerabant
737 666 793 704 quae
803 644 859 694 inle-

74 721 129 769 riora
144 732 202 774 sunt,
218 719 324 777 originem
338 732 403 778 atque
419 720 531 768 interitum
547 718 662 769 brutorum
675 732 696 768 et
707 719 809 769 hominis.
820 718 858 768 Vi·

74 792 159 842 debant¹
169 790 278 849 profundo
293 793 315 840 in
330 792 383 840 mari
398 792 493 840 infinitos
504 805 526 841 et
536 793 605 841 varios
617 805 692 841 nantes
704 793 781 851 pisces.
793 792 859 841 Vide·

74 867 127 915 bant
137 865 180 913 alto
190 866 213 912 in
223 883 272 912 aere
282 864 394 912 volitantes
404 884 460 913 aves.
472 864 581 913 Videbant
591 866 614 912 in
622 866 684 913 terris
693 865 813 913 aberrantia
821 885 858 923 pe-

38 941 62 989 l0
77 956 133 987 cora.
146 935 255 985 Videbam
267 956 328 994 agros
344 957 402 984 nunc
418 938 524 985 viriditate
540 938 632 986 nudatos
648 950 669 985 et
685 937 757 986 fructu
773 939 859 995 penitus

75 1032 160 1065 vacuos,
169 1010 387 1059 nunc‘revirescentes
396 1010 539 1069 gravidosque
546 1030 571 1059 ac
580 1030 673 1060 messem
682 1010 771 1060 uberem
777 1010 858 1069 produ-
894 1029 896 1033 ¹

75 1097 155 1133 centes.
164 1083 223 1132 Haec
231 1083 321 1142 quidem
328 1095 393 1141 atque
401 1084 465 1131 huius
474 1084 534 1131 modi
542 1083 590 1138 alia,
600 1087 627 1132 ne
638 1083 722 1142 singula
734 1103 859 1138 memorem,

75 1155 244 1213 contemplantes
260 1148 422 1203 admirabantur
437 1156 489 1202 boni
506 1155 605 1203 homines
616 1157 654 1203 illi.
666 1156 693 1203 Et
704 1158 808 1214 quoniam
818 1157 859 1213 ipsi

75 1244 119 1279 tam
127 1228 209 1278 excelsa
217 1228 284 1277 oculis
293 1249 337 1277 non
345 1228 443 1278 viderent
448 1249 488 1278 nec
496 1229 534 1287 qui
543 1228 630 1279 doceret
635 1250 727 1288 usquam
733 1229 860 1287 magistrum

38 1304 62 1353 15
77 1303 147 1352 ullum
157 1322 203 1350 esse
214 1315 321 1360 putarent,
333 1301 491 1350 descenderunt
504 1301 532 1350 ad
546 1302 678 1362 coniecturas
694 1303 860 1359 investigarunt·

76 1396 118 1434 que
126 1375 213 1432 ingenio
224 1388 245 1422 et
256 1374 395 1421 meditatione
405 1395 444 1422 sua
454 1395 507 1422 eane
517 1374 607 1422 fortuito
618 1375 694 1423 fierent
704 1395 731 1422 an
743 1375 815 1433 plures
825 1395 859 1423 es-

76 1460 124 1496 sent
140 1446 173 1495 vel
190 1446 256 1494 modo
272 1466 329 1493 unus
346 1446 383 1505 qui
398 1446 497 1494 omnium
512 1459 567 1494 esset
581 1448 704 1494 moderator
718 1460 739 1494 et
750 1447 859 1495 dominus.

119 1520 182 1568 Hanc
196 1538 247 1568 vero
257 1520 321 1567 istem
331 1540 409 1577 magno
419 1520 492 1567 animo
502 1540 527 1568 ac
539 1520 623 1568 excelso
634 1520 722 1578 dignam
732 1533 754 1569 et
764 1519 860 1568 nobilem

77 1593 219 1650 investigandi
234 1611 308 1640 curam
322 1594 418 1649 primum
426 1594 546 1649 suscepisse
554 1594 676 1641 sacerdotes
684 1593 802 1651 Aegyptios
811 1613 865 1655 per-v

36 1668 65 1714 20
79 1666 141 1714 multi
156 1677 221 1723 atque
235 1666 282 1722 ipse
296 1664 475 1722 philosophorum
495 1667 603 1723 princeps,
623 1665 756 1720 Aristoteles,
777 1660 861 1715 dicunt.

76 1737 224 1789 Abundabant
238 1738 297 1786 enim
311 1738 359 1786 ocio
373 1737 403 1785 illi
419 1751 440 1786 et
456 1738 509 1786 dum
524 1737 559 1787 alii
575 1738 609 1787 vel
626 1737 721 1788 colerent
735 1758 812 1797 agrum
827 1737 860 1787 vel

77 1825 164 1870 agerent
176 1807 251 1869 pecua,
265 1810 287 1857 hi
300 1811 361 1859 vacui
374 1811 430 1858 curis
444 1811 733 1869 contemplabanturanimo
745 1812 861 1869 investiga·
896 1851 897 1855 ,

78 1885 174 1942 bantque
183 1904 208 1931 ac
219 1882 335 1931 studebant
345 1884 447 1936 invenire,
459 1903 594 1941 cognoscere,
606 1885 661 1932 scire
671 1904 726 1943 quae
736 1884 809 1932 abdita
820 1884 861 1932 sibi

78 1950 149 2006 essent
164 1969 185 2004 et
199 1955 332 2003 admirabilia
346 1954 478 2004 viderentur.
489 1954 595 2004 Homines
604 1976 691 2014 nanque
700 1956 731 2005 illi
741 1975 781 2015 pro
790 1957 861 2015 digni-

37 2030 64 2079 25
79 2043 122 2079 tate
137 2029 245 2088 religionis
259 2028 306 2077 ocio
319 2028 377 2087 pleni
391 2041 451 2077 erant
464 2042 485 2077 et
498 2029 571 2078 innata
584 2029 679 2088 quadam
692 2030 806 2089 prudentia
819 2030 862 2078 cir-

78 2104 197 2161 cumspecti
211 2124 255 2151 non
267 2115 370 2157 armenta,
386 2102 571 2161 quemadmodum
585 2104 670 2158 caeteri,
684 2103 723 2152 sed
736 2118 861 2152 ornamenta

78 2176 130 2225 caeli
153 2175 311 2235 perspiciebant
339 2175 547 2234 considerabantque
570 2194 643 2223 rerum
668 2176 861 2233 pulchritudinem,

78 2251 209 2303 varietatem,
225 2248 330 2306 originem
338 2261 359 2296 et
369 2247 470 2306 singulari
482 2248 576 2307 quadam
586 2248 728 2297 admiratione
738 2249 779 2297 acti
791 2250 861 2297 invesa

79 2322 175 2380 tigabant
182 2311 240 2378 'quae
250 2320 319 2377 prima
330 2321 394 2367 rebus
404 2340 468 2367 causa
478 2332 499 2367 et
509 2321 569 2377 origo
579 2333 635 2368 esset
651 2333 801 2378 quantumque
817 2341 861 2369 meu

38 2392 66 2439 30
81 2393 191 2445 ditatione,
206 2391 300 2448 ingenio,
315 2402 394 2438 eventu
409 2400 504 2448 possent,
520 2391 543 2437 id
558 2392 631 2438 animo
646 2404 667 2438 et
683 2393 786 2445 memoria
801 2392 862 2439 colli-

79 2465 164 2524 gebant.
180 2463 305 2512 Zoroastem
319 2481 376 2517 vero,
389 2482 455 2521 quem
465 2463 629 2511 Bactrianorum
641 2481 714 2521 regem
725 2477 746 2512 et
757 2463 814 2512 bello
825 2477 862 2513 su'·

79 2551 178 2597 peratum
192 2556 205 2584 a
218 2533 286 2589 Nino,
296 2535 370 2592 Syriae
380 2536 451 2593 primo
461 2554 518 2593 rege,
529 2548 550 2583 et
561 2536 656 2593 magicae
666 2536 802 2584 inventorem
811 2539 862 2585 artis

78 2610 158 2663 ferunt,
174 2607 302 2665 spectavisse
314 2606 427 2663 diligenter
438 2608 544 2664 principia
557 2607 634 2654 mundi
646 2627 671 2654 ac
682 2608 779 2655 siderum
790 2622 863 2657 motus

79 2693 184 2731 memorat
201 2679 302 2733 lustinus,
312 2698 363 2725 cum
371 2696 404 2725 res
414 2676 526 2726 orientales
536 2677 647 2727 moderata
656 2678 759 2728 brevitate
768 2701 780 2727 e
789 2679 863 2741 Trogo

39 2753 65 2802 35
80 2754 185 2814 Pompeio
199 2750 271 2801 relert.

67 2937 103 2974 20.
115 2936 164 2974 Arist.
177 2936 221 2973 Met.
233 2933 265 2971 981
280 2932 333 2970 1³23.
383 2932 410 2970 34.
425 2932 464 2970 lust,
477 2933 489 2970 l.
506 2933 519 2970 1.
533 2936 549 2972 9.
