2093 3253
119 570 230 620 Siccours
250 568 385 619 Porruvour
407 568 477 620 Liaru
498 569 648 620 Scaurorum
671 570 813 622 Imusraruvr

120 657 221 707 Larinas
238 654 343 706 Liueuau
360 652 392 705 Vl
411 653 521 706 Exrucrr
541 672 568 706 av
590 656 680 708 Iucrvrr
698 656 814 709 Summus

250 755 280 790 ao
296 739 384 791 Frmuu
399 741 545 792 Pouvuouurv
561 740 682 792 Farrcrvaa

140 947 221 995 Rerum
230 966 285 1005 quae
295 946 338 995 sint
348 946 446 996 Romano
455 967 468 995 a
477 947 559 1006 populo
567 947 595 996 ab
605 947 666 996 initio
676 948 736 998 urbis
745 948 844 998 conditae
853 949 881 998 ad

99 1022 179 1072 Iulium
192 1020 307 1079 Caesarem
319 1041 412 1080 usquam
425 1033 503 1079 gestae,
517 1022 554 1080 qui
568 1022 682 1080 scriptores
695 1021 776 1072 fuerint
788 1022 881 1072 illustres

97 1095 155 1154 apud
171 1094 267 1147 Latinos,
283 1092 389 1151 Polydore
404 1094 434 1141 mi
449 1094 575 1142 suavissime
589 1092 627 1148 fili,
644 1096 810 1144 memoravimus
826 1095 881 1143 libro

97 1167 210 1225 superiori.
220 1164 287 1214 Nunc
296 1179 369 1214 autem
379 1167 427 1224 ipso
437 1186 463 1214 ex
473 1167 548 1215 ordine
554 1178 683 1224 temporum
692 1168 799 1242 institutio
809 1180 881 1220 nostra

71 1243 84 1291 5
99 1240 158 1290 iubet
172 1252 197 1288 ut
211 1237 372 1298 progredientes
386 1238 497 1289 veniamus
511 1238 540 1287 ad
553 1237 601 1287 illos
615 1239 653 1298 qui
668 1239 772 1289 Caesarea
786 1239 881 1298 descrip-

98 1325 178 1362 serunt.
194 1311 386 1368 Quemadmodum
402 1312 462 1360 enim
478 1332 490 1359 a
507 1311 631 1360 consulibus
649 1312 765 1371 imperium
780 1312 809 1378 ad
825 1311 880 1360 Cae·

96 1404 153 1434 sares
169 1383 297 1433 devolutum
313 1397 345 1433 est
361 1405 401 1433 nec
417 1384 496 1433 deinde
512 1384 550 1443 qui
566 1383 636 1433 fuerat
652 1386 682 1433 rei
699 1379 798 1443 publicae
814 1397 881 1434 status

98 1458 182 1513 mansit,
195 1458 224 1506 ita
235 1470 405 1506 consentaneum
416 1477 463 1505 esse
475 1457 548 1516 putavi
560 1456 616 1505 libro
627 1456 670 1505 alio'
681 1459 733 1506 istos
745 1476 842 1506 seorsum
853 1455 881 1505 ab

97 1531 138 1579 illis
153 1547 280 1579 memorare.
294 1528 366 1579 Aliam
384 1530 474 1590 quidem
491 1529 625 1589 gubernandi
643 1529 736 1579 formam
754 1530 829 1579 habuit
847 1549 880 1578 res

59 1606 85 1653 10
99 1605 196 1653 Romana
203 1624 255 1652 cum
262 1603 329 1661 libera
337 1604 411 1653 civitas
419 1616 475 1652 esset
483 1617 504 1652 et
512 1604 585 1652 omnia
593 1603 682 1652 consilio
691 1604 786 1661 publico,
795 1616 880 1652 senatus

97 1677 230 1732 auctoritate,
241 1675 316 1735 populi
327 1696 434 1725 consensu
445 1675 576 1739 disponeret,
586 1675 650 1725 aliam
660 1689 801 1736 posteaquam
811 1676 881 1725 victus

98 1764 153 1800 esset
169 1749 286 1809 Pompeius
303 1762 324 1799 et
341 1749 413 1799 omnia
430 1749 506 1799 victori
526 1748 580 1799 Iulio
598 1748 683 1799 Caesari
701 1749 820 1799 obedirent.
839 1748 881 1799 Res

99 1844 184 1883 nanque
197 1824 244 1882 ipsa
257 1822 354 1872 Romana
367 1824 463 1882 primum
476 1822 517 1871 sub
530 1823 616 1881 regibus
629 1824 761 1871 tenuissimis
774 1824 802 1871 ab
815 1824 881 1871 initiis

80 1936 82 1939 .
98 1908 144 1944 orta
157 1908 209 1950 erat,
224 1894 303 1943 deinde
316 1895 419 1944 virtutem
432 1895 547 1943 adiuvante
560 1893 647 1943 fortuna
660 1907 721 1944 tanto
734 1896 825 1954 imperio
839 1895 881 1943 sub

61 1968 85 2015 15
100 1968 225 2017 consulibus
241 1980 262 2016 et
277 1969 354 2017 annuis
371 1967 529 2025 magistratibus
544 1967 617 2028 {crevit
635 1969 695 2026 quod
710 1968 793 2016 domito
814 1987 882 2026 prope

97 2042 157 2089 omni
167 2054 274 2090 terrarum
285 2039 337 2090 orbe
348 2061 457 2100 nusquam
468 2061 514 2089 esse
525 2060 621 2100 quocum
632 2054 704 2099 posset
715 2041 798 2090 bellum
809 2060 880 2100 gerere

98 2116 214 2163 videretur.
347 2126 348 2129 ’

140 2186 184 2236 Sed
198 2186 270 2236 valent
283 2206 362 2245 parum
375 2187 481 2236 humanae
494 2187 550 2235 vires
563 2199 628 2245 atque
642 2187 731 2236 consilia
744 2208 796 2236 cum
809 2187 882 2237 divina

98 2260 210 2320 dispositio
229 2260 361 2311 adversatur.
381 2259 435 2309 Fam
454 2259 544 2320 quidem
562 2260 620 2310 viam
639 2260 768 2310 invenerunt
786 2259 836 2316 fata,
857 2275 882 2310 ut

59 2333 87 2380 20
101 2335 138 2392 qui
149 2334 243 2393 populus
254 2334 351 2391 gentium
361 2334 430 2382 victor
439 2347 495 2381 esset
506 2354 545 2382 nec
556 2334 678 2382 timendum
688 2334 741 2382 toris
749 2354 882 2393 quemquam

98 2426 143 2455 esse
158 2418 250 2466 putaret,
265 2407 284 2454 is
296 2406 356 2455 domi
369 2406 455 2455 hostem
467 2407 505 2467 qui
518 2418 610 2455 mutaret
623 2419 704 2456 statum
715 2427 740 2456 ac
752 2406 882 2456 belloever-

97 2492 151 2528 teret
166 2480 239 2528 omnia
251 2481 364 2529 inveniret.
378 2480 433 2537 Quis
446 2480 505 2529 enim
517 2479 633 2528 crediderit
645 2480 753 2539 populum
765 2480 834 2536 illum,
847 2481 882 2528 cui

98 2551 166 2600 fernae
180 2554 203 2600 in
217 2553 279 2600 terris
292 2553 364 2601 omnia
376 2552 497 2606 obedirent,
510 2572 536 2600 eo
548 2551 674 2610 prolapsum
686 2573 732 2600 esse
744 2553 804 2611 quod
816 2552 882 2601 veluti

39 2654 41 2658 ,
98 2625 156 2674 rabie
170 2625 645 2684 quadamac‘furoreaccensusverteretin
659 2645 682 2674 se
697 2646 773 2680 manus
786 2638 808 2674 et
820 2624 883 2674 facile

59 2694 85 2744 25
100 2697 157 2746 bello
171 2699 240 2747 victus
256 2698 284 2747 ad
300 2700 366 2748 unius
383 2698 477 2747 hominis
493 2699 617 2758 imperium,
634 2711 720 2754 nutum,
738 2698 883 2748 obedientiam

61 2812 118 2821 ἢ.--

83 2878 101 2922 2.
115 2898 201 2936 usquam
218 2901 241 2928 ex
257 2900 322 2936 usque
338 2882 416 2936 virgula
434 2900 483 2927 corr.
497 2881 591 2937 Ouaque
605 2882 633 2927 H.
688 2883 708 2927 4.
722 2898 788 2926 rerum
804 2900 827 2926 ac
839 2891 883 2936 post

57 2944 124 2991 ordine
137 2949 181 2999 det,
196 2963 245 3003 exp„
260 2967 315 2999 eras.¹
331 2955 397 2996 omnia
410 2950 467 2995 mole.
525 2950 555 2995 10.
569 2950 636 2994 omnia
649 2956 663 2994 ι’.
677 2969 703 3002 r.;
719 2957 761 2995 erat
775 2950 837 2994 omni.
