2093 3253
250 164 380 196 scnrrronum
395 164 522 196 ncusnuuu
535 176 549 180 —
563 163 621 197 nisan
634 165 675 196 xvi.
834 153 876 198 tat*

90 277 214 335 inveniendi
227 290 300 327 autem
313 279 357 327 veri
370 276 494 327 facultatem
507 279 547 343 sibi
561 269 663 333 defuisse,
677 299 721 327 non
734 279 876 333 voluntatem,

89 370 153 410 posse
161 350 365 410 intelligitvideatur.
375 350 426 400 Erat
434 351 524 410 quidem
530 353 589 402 inter
596 351 738 412 philosophos
747 352 877 412 opinionum

89 435 149 470 tanta
161 423 251 471 varietas
264 425 325 482 quod
337 423 390 472 falsa
402 425 500 473 convinci
513 424 597 474 lacilius
610 447 677 485 quarn
689 446 739 474 vera
750 425 842 475 inveniri
856 441 876 475 et

93 515 144 543 sane
158 497 258 554 cognosci
274 510 369 556 possent.

63 568 76 616 5
133 567 178 617 Sed
187 569 256 623 redeo
270 569 298 618 ad
311 571 455 628 propositum.
467 571 541 619 lllletro
554 583 627 620 autem
641 592 693 620 usus
709 583 741 619 est
757 591 801 619 non
816 584 878 620 annis

56 696 58 700 Α
92 641 158 689 modo
170 641 211 689 illis
223 642 380 691 adolescentiae
393 643 468 701 primis
481 662 532 692 cum
544 644 677 702 experiretur
688 643 802 701 ingenium
813 655 879 702 atque

92 712 129 762 illo
140 714 163 764 in
175 713 248 780 studio
261 715 381 774 plurimum
392 729 512 765 versaretur
524 729 545 765 et
558 736 613 776 quos
625 718 669 765 iam
681 717 799 765 memoravi
811 717 878 766 libros

92 787 199 846 quosdam
213 788 317 837 ioculares
333 801 354 836 et
369 790 484 837 amatorios
499 789 574 843 edidit,
590 790 629 838 sed
643 803 718 847 postea
733 792 799 840 etiarn
813 803 878 848 atque

90 875 139 910 turn
152 861 245 917 maxime
257 883 308 911 cum
321 862 428 911 orationes
441 877 490 921 post
503 862 592 912 exilium
605 862 707 912 scriberet
720 864 781 923 quasi
795 884 818 912 re
829 884 878 918 ora-

52 936 79 983 10
92 936 148 983 toria
161 935 271 988 fastiditus
285 936 396 985 interdum
410 937 504 995 quadam
519 956 559 995 pro
572 937 703 985 recreatione
717 937 783 986 animi
803 949 824 984 et
844 957 879 985 so-

91 1008 145 1057 lacio
158 1009 186 1058 ad
200 1010 294 1058 carmina
308 1009 378 1058 rediit.
393 1008 445 1058 Esse
459 1010 548 1069 quidem
567 1009 608 1057 sibi
628 1010 782 1059 mansuetiores
798 1009 879 1058 Musae

94 1083 289 1138 studiisoratoriis
308 1082 437 1133 videbantur
455 1084 572 1141 ipsumque
591 1101 721 1141 magnopere
739 1103 764 1131 ac
782 1081 834 1136 lere,
855 1094 879 1129 ut

94 1154 198 1208 solebant,
220 1173 258 1212 per
278 1154 445 1203 adolescentiam
466 1153 609 1203 oblectabant.
630 1153 691 1218 'lj'um
711 1155 784 1213 itaque
804 1155 878 1212 scripti

93 1240 143 1277 sunt
155 1228 183 1279 ab
195 1249 221 1277 eo
232 1240 276 1277 tres
287 1227 315 1277 de
327 1226 474 1288 Temporibus
487 1226 537 1277 Suis
549 1227 606 1276 libri.
619 1226 738 1276 Continent
750 1227 772 1275 hi
785 1246 818 1275 res
830 1247 879 1275 suas

54 1302 79 1349 l5
94 1302 117 1348 in
132 1301 245 1350 consulatu
262 1315 338 1360 gestas.
355 1302 390 1349 De
406 1302 537 1349 Pronosticis
553 1301 607 1348 liber
623 1322 687 1349 unus:
704 1300 828 1349 futurorum
844 1301 879 1347 hic

94 1375 282 1432 praesensionibus
304 1387 325 1423 et
347 1375 435 1441 scientia
456 1374 547 1422 refertus
569 1387 621 1422 erat.
643 1374 722 1422 Poema
743 1394 831 1433 quoque
851 1374 879 1421 ad

96 1446 176 1502 lulium
197 1447 312 1497 Caesarem
332 1460 380 1497 tum
401 1449 423 1496 in
445 1447 520 1498 Gallos
541 1459 651 1507 gerentem
672 1446 727 1495 bella
748 1447 878 1505 composuit.

93 1521 195 1569 Carmina
205 1540 256 1568 vero
265 1521 306 1578 alia
315 1534 381 1579 atque
390 1521 430 1569 alia
440 1534 491 1570 sunt
500 1521 528 1569 ab
538 1542 564 1569 eo
573 1520 685 1579 complura
694 1521 781 1578 scripta.
791 1519 879 1578 Quippe

94 1594 116 1640 in
130 1591 234 1640 faciendis
248 1593 322 1641 metris
336 1613 383 1641 earn
396 1592 521 1641 facilitatem
534 1607 566 1641 est
579 1613 631 1641 cum
643 1593 716 1641 studio
729 1606 777 1640 turn
790 1605 879 1640 naturae

51 1665 80 1712 20
95 1663 200 1712 beneficio
214 1677 324 1712 assecutus
339 1665 400 1723 quod
414 1683 488 1713 versus
502 1664 530 1713 ad
544 1664 681 1723 quingentos,
697 1665 714 1712 si
729 1685 777 1713 eam
791 1664 819 1713 ad
833 1685 879 1713 rem

95 1737 215 1789 intenderet
232 1738 337 1792 animum,
355 1758 398 1786 una
416 1751 478 1786 nocte
495 1751 625 1786 contexeret.

136 1807 225 1857 Graecis
239 1829 328 1869 quoque
342 1809 417 1858 litteris
432 1829 483 1863 usus
498 1821 530 1857 est
545 1809 621 1858 Cicero
636 1830 675 1857 nec
690 1810 756 1858 modo
770 1831 825 1869 quae
839 1832 878 1858 no-

94 1883 173 1931 minavi
194 1882 295 1937 Platonis,
316 1883 478 1937 Demosthenis,
498 1882 619 1938 Aeschinis,
639 1883 798 1941 Xenophontis,
818 1884 878 1932 Arati

86 1948 173 2013 ¹scripta
187 1956 209 2003 in
224 1955 327 2005 Latinum
341 1976 353 2002 e
367 1955 451 2003 Graeco
465 1957 528 2003 vertit
543 1956 581 2002 sed
596 1956 672 2002 Latina
686 1957 751 2003 etiam
764 1956 879 2014 quaedam,

52 2029 80 2077 25
95 2029 208 2087 presertim
223 2050 279 2088 quae
294 2049 334 2078 suo
349 2029 371 2076 in
387 2028 500 2077 consulatu
515 2028 621 2087 gessisset,
637 2027 727 2078 Graecis
742 2028 818 2077 litteris
833 2047 878 2077 mea'

95 2102 193 2152 moravit.
204 2101 245 2151 His
256 2122 342 2161 nanque
352 2101 379 2150 de
389 2101 454 2150 rebus
465 2122 518 2161 quas
529 2101 606 2150 Latine
615 2123 640 2150 ae
650 2103 720 2151 metro
729 2102 772 2151 iam
782 2102 878 2162 scriptas,

94 2189 118 2223 ut
136 2176 188 2229 dixi,
206 2176 276 2223 tribus
294 2175 354 2223 libris
372 2175 475 2228 ediderat,
494 2175 674 2222 commentarium
692 2174 776 2223 Graece
793 2176 879 2233 scripsit

94 2248 220 2306 curavitque
229 2260 253 2296 ut
262 2246 354 2295 Athenis
363 2266 387 2294 ac
397 2246 456 2294 omni
466 2248 488 2295 in
498 2246 589 2294 Graecia
598 2246 720 2295 haberetur.
730 2246 775 2295 Sed
783 2247 879 2306 primunr

94 2321 117 2369 id
125 2341 175 2368 suos
184 2321 212 2369 ad
220 2319 342 2374 familiares,
351 2321 449 2368 Atticum
457 2333 478 2368 et
487 2319 645 2373 Possidonium¹
656 2340 681 2368 eo
689 2320 779 2368 consilio
788 2320 846 2368 misit
855 2334 879 2368 ut

53 2393 81 2440 30
96 2393 248 2441 Possidonium
264 2392 292 2440 ad
308 2392 454 2445 scribendum,
471 2392 569 2440 Atticum
584 2392 612 2440 ad
633 2392 794 2441 emendandum
815 2392 879 2440 indu·

94 2478 157 2518 ceret,
170 2466 187 2513 si
199 2465 253 2524 quid
264 2467 310 2524 ipse
322 2466 394 2513 minus
405 2477 444 2513 aut
453 2464 537 2513 Graece
547 2477 584 2512 aut
596 2478 670 2513 ornate
681 2465 776 2524 dixisset.
788 2464 833 2513 Sed
843 2465 879 2512 illa

94 2540 138 2586 iam
147 2538 230 2586 Graece
240 2539 353 2595 scripserat
362 2537 455 2586 Atticus.
465 2537 604 2585 Possidonius
614 2543 671 2590 vero,
681 2558 732 2585 cum
742 2549 797 2585 esset
807 2536 878 2585 Rhodi

95 2625 115 2658 et
127 2632 184 2659 unus
196 2611 218 2658 in
230 2610 307 2658 studiis
320 2610 405 2659 dicendi
417 2610 476 2667 apud
488 2608 583 2659 Graecos
596 2609 714 2664 excelleret,
727 2609 756 2657 ita
768 2610 879 2666 respondit

94 2699 119 2734 ut
129 2685 256 2733 deterritum
266 2707 295 2739 se,
307 2707 351 2732 non
361 2684 477 2732 excitatum
487 2682 596 2737 fateretur,
607 2675 712 2751 quodilla
722 2681 785 2730 scribi
796 2680 880 2750 Graece
938 2731 940 2734 ,

89 2822 118 2857 32.
130 2821 166 2858 Cic.
179 2822 214 2858 Aa.
228 2820 248 2857 u.
265 2821 278 2856 1,
292 2820 308 2856 2.

92 2932 125 2976 34.
140 2932 170 2975 Ex
185 2930 279 2974 exitatum
293 2948 341 2973 corr.
