2093 3253
253 181 385 214 scaurorum
400 182 525 214 rutusmrun
540 193 552 200 -
566 182 625 213 ussa
640 182 691 213 κω.
843 171 882 215 477

69 330 70 333 =
98 318 160 347 mum
174 296 297 345 introducta
311 296 334 344 in
349 295 447 345 Caesaris
463 298 555 345 domurn
571 315 625 345 uxor
642 317 698 345 nova
714 296 763 351 luit,
782 297 883 344 maritum
944 329 946 331 -

98 369 228 418 dulcissimis
243 368 344 426 precibus
360 388 385 416 ac
401 369 511 418 blanditiis
528 365 634 418 solicitare
650 370 721 427 coepit
738 390 777 417 nec
794 369 883 417 cessavit

97 441 171 502 quoad
185 441 279 489 Senecae
294 441 389 490 reditum
403 462 428 489 ac
439 438 565 491 libertatem
580 442 704 501 impetravit
720 435 842 498 effecitque,
858 452 882 488 ut

97 517 181 565 minora
197 527 323 573 preteream,
341 515 401 574 quod
416 528 540 565 senatorum
556 516 579 564 in
595 514 695 565 ordinem
711 514 846 572 conscriptus
862 526 883 561 et

72 591 84 638 5
99 589 159 637 urbis
170 600 256 645 praetor
264 601 348 636 creatus
357 602 397 636 est.
407 588 539 637 Cumulandi
548 601 621 637 autem
630 589 655 636 in
662 587 768 636 Senecam
776 599 809 636 tot
816 585 882 634 bene-

98 661 147 711 ficia
161 672 249 718 putatur
264 679 328 709 causa
342 672 367 708 ut
381 673 441 709 tanto
455 681 468 709 a
480 661 585 718 magistro
599 658 657 709 filius
671 659 732 709 Nero
749 672 802 708 tunc
822 676 883 718 puer,

99 754 166 794 quem
180 734 337 793 imperaturum
350 732 467 794 aliquando
481 746 583 793 speraret,
597 733 695 788 virtutes,
710 750 788 786 mores,
803 730 883 780 litteras

99 808 212 856 doceretur
226 820 292 865 atque
301 826 352 855 cum
362 818 470 864 oporteret
480 806 525 855 eius
535 805 594 855 fideli
604 817 625 854 et
635 804 726 862 sapienti
736 803 826 852 consilio
836 815 883 852 ute-

100 893 166 929 retur.
180 880 261 929 Aderat
278 900 366 938 quoque
382 892 444 928 vetus
460 879 557 935 amicicia
578 898 622 937 qua
643 877 685 926 sibi
707 877 827 936 maritoque
843 889 884 925 suo

61 956 87 1004 10
101 953 167 1013 priori
185 952 293 1006 Domicio,
311 972 337 999 ex
354 971 398 1009 quo
414 950 484 999 filium
501 951 612 1000 Neronem
628 950 723 1003 haberet,
741 969 765 997 ac
782 948 884 997 omnibus

99 1026 212 1073 Domiciae
224 1025 293 1082 gentis
306 1025 418 1073 devinctus
431 1037 486 1073 esset
498 1024 645 1073 recordatione
656 1023 763 1076 beneficii,
776 1022 836 1080 quod
848 1041 884 1068 su-

100 1098 184 1160 periore
198 1118 211 1145 a
225 1097 335 1152 Domicio,
350 1111 374 1145 ut
390 1098 513 1150 memoravi.
529 1097 633 1146 Corduba
647 1109 709 1154 capta
723 1107 744 1142 et
759 1095 847 1143 caeteris
862 1094 885 1141 in

100 1170 226 1217 servitutem
239 1170 292 1216 actis
309 1171 355 1227 ipse
372 1189 429 1217 unus
445 1168 543 1216 libertate
560 1169 657 1232 donatus}
669 1181 734 1225 atque
750 1180 775 1229 ut
792 1167 884 1214 Romam

100 1241 271 1301 proficisceretur
286 1262 326 1290 suo
340 1240 431 1289 consilio
445 1242 569 1290 exhortatus
583 1254 646 1290 esset.
664 1238 666 1241 '

63 1316 87 1368 15
144 1315 256 1363 Neronem
270 1316 343 1374 itaque
359 1314 480 1363 admodum
496 1333 589 1372 puerum
605 1326 626 1362 et
643 1313 713 1370 lilium
729 1314 856 1370 adoptatum
869 1327 884 1359 'a

101 1389 194 1436 Claudio
208 1388 353 1436 erudiendum
368 1388 409 1436 sibi
420 1388 540 1446 Agrippina
552 1387 619 1437 dedit.
631 1387 742 1445 Septimus
754 1386 789 1434 hic
800 1385 885 1444 imperii

100 1460 186 1507 Claudii
201 1480 270 1507 annus
285 1472 337 1514 erat,
351 1459 411 1507 Nero
423 1472 496 1507 autem
508 1460 541 1507 XI
554 1473 607 1507 tunc
619 1462 694 1507 aetatis
706 1480 789 1507 annum
800 1458 884 1514 agebat.

100 1531 199 1580 Proxima
211 1550 263 1580 vero
273 1543 336 1580 nocte
346 1550 385 1591 per
397 1531 493 1591 quietem
505 1531 578 1581 videre
590 1532 662 1580 visum
674 1544 707 1580 est
715 1531 809 1580 Senecae
822 1529 886 1580 disci-

101 1603 179 1662 pulum
193 1604 234 1651 sibi
246 1604 273 1652 C.
285 1603 406 1662 Caligulam
417 1605 493 1652 datum
503 1624 557 1653 esse.
571 1605 591 1652 ls
603 1606 687 1653 medius
699 1607 755 1653 inter
765 1605 886 1663 Tyberium

60 1678 88 1725 20
103 1690 124 1724 et
142 1676 260 1725 Claudium
277 1678 418 1735 imperaverat
436 1689 457 1724 et
475 1678 567 1725 Romani
585 1678 670 1735 imperii
688 1680 763 1735 ingens
781 1679 847 1735 pestis
866 1690 886 1724 et

101 1749 146 1799 lera
159 1749 230 1800 bellua
243 1749 320 1800 luerat.
334 1750 382 1799 Nec
395 1751 504 1800 somnium
517 1749 601 1800 lelellit.
615 1750 675 1800 Nero
688 1750 777 1810 quidem
790 1750 844 1799 adeo
857 1750 885 1796 si·

102 1822 159 1871 milis
174 1822 284 1881 Caligulae
300 1821 342 1871 luit
359 1823 418 1870 omni
436 1822 569 1877 crudelitate,
587 1823 672 1876 scelere,
695 1823 747 1871 vitio
764 1822 824 1881 quod
845 1822 886 1869 suh

101 1896 195 1944 Neronis
220 1915 310 1954 corpore
335 1916 381 1943 esse
403 1917 428 1943 ac
451 1897 522 1945 vivere
545 1896 643 1954 Caligula
665 1897 781 1945 videretur.
805 1896 887 1944 Seneca

96 1970 152 2016 ¹vero
166 1969 285 2022 Neronem,
299 1970 331 2017 uti
345 1981 389 2016 erat
402 1989 414 2016 a
428 1968 521 2017 Claudio
530 1982 555 2017 et
568 1969 689 2028 Agrippina
702 1970 779 2023 iussus,
793 1968 886 2017 faciendi

60 2041 87 2087 25
103 2042 166 2088 metri
174 2042 280 2089 rationem
288 2041 434 2099 poetandique
441 2061 466 2089 ac
474 2053 572 2089 veterum
580 2055 691 2090 oratorum
698 2041 796 2089 instituta
804 2053 825 2089 et
833 2041 887 2088 libe-

102 2112 180 2161 ralium
194 2114 274 2162 artium
297 2127 410 2171 praecepta
433 2114 515 2162 docuit.
538 2115 567 2162 At
592 2113 752 2173 philosophiam
775 2114 887 2170 degustare

102 2185 170 2234 vetuit
186 2198 260 2241 mater,
276 2186 337 2245 quod
352 2186 413 2235 rudis
428 2186 487 2246 vulgi
504 2187 606 2245 opinione
622 2187 712 2245 decepta
721 2197 813 2245 putaret
828 2185 887 2233 illam

102 2258 264 2307 incommodam
279 2259 411 2318 imperaturo
425 2259 479 2309 lore.
495 2261 547 2309 Non
562 2260 621 2309 enim
634 2260 745 2309 audiverat
759 2280 786 2308 ex
799 2258 888 2308 Platone

103 2330 179 2379 orbem
194 2344 300 2379 terrarum
312 2345 366 2380 tunc
379 2333 506 2391 perbeatum
519 2353 566 2381 esse
579 2353 629 2381 cum
641 2345 679 2381 aut
692 2332 798 2390 sapientes
812 2350 887 2389 regna-

62 2402 91 2450 30
105 2416 153 2452 rent
167 2415 205 2453 aut
219 2418 332 2462 regnantes
348 2407 464 2464 sapientiae
480 2406 571 2456 studiosi
587 2418 664 2455 essent.

145 2476 207 2525 Dum
222 2497 273 2525 vero
288 2479 400 2528 Neronem
415 2480 496 2528 Seneca
516 2480 610 2534 instruit,
632 2479 749 2528 Claudium
768 2479 888 2537 Agrippina

104 2568 188 2597 veneno
202 2562 270 2603 necat,
285 2551 402 2610 imperium
415 2565 488 2600 autem
501 2552 545 2600 lilio
560 2551 733 2599 Neronidetert.
747 2552 822 2598 Annos
835 2564 889 2599 tunc

63 2672 204 2685 -——-—

103 2745 122 2791 2.
136 2719 167 2793 Ex
182 2746 353 2802 hlandim(entis?)
368 2754 436 2793 statim
449 2748 526 2794 corr.O
539 2721 642 2795 blandiciis
653 2749 675 2794 F.
721 2724 749 2792 ἸΖ.
763 2749 794 2793 Ex
803 2749 888 2803 cespitl)
948 2754 950 2757 ’

2 2841 3 2844 =
63 2820 128 2859 statim
145 2813 228 2860 corr.O
247 2815 299 2868 cepit
318 2815 341 2861 F.
409 2816 429 2860 3.
442 2815 473 2861 Ex
491 2814 557 2860 reditu
575 2823 641 2860 statim
659 2814 741 2860 corno
760 2815 846 2859 reditum
865 2815 889 2860 F.

0 2931 3 2946 3
64 2876 83 2922 4.
96 2881 219 2935 conscriptus
234 2887 247 2927 ἰ.
262 2899 277 2926 r.
293 2881 343 2935 (erat
357 2883 467 2938 coaptatus)
481 2881 501 2928 0
514 2892 615 2937 coaptatus
630 2883 652 2928 F.
710 2882 740 2929 l0.
756 2883 816 2936 priori
828 2889 853 2929 vin
872 2882 891 2927 F

0 2981 2 2985 .
64 2963 108 2990 ssor.
123 2946 186 2994 Sicco.
241 2949 274 2994 32.
291 2947 419 3004 Imperium...
433 2947 497 2994 defert
511 2956 524 2994 ἰ.
533 2969 558 2995 m.
572 2948 608 3003 inf.
622 2949 690 2997 codicis
705 2950 721 2995 F
734 2949 780 2996 add.
794 2949 858 2997 Sicco.
