2093 3253
121 220 161 267 442
416 234 511 269 srccours
525 233 649 269 eoumrour

161 370 212 399 cum
226 350 320 398 solerent
336 351 515 401 modollamines
529 351 583 406 fieri,
598 374 657 402 nunc
675 354 741 402 etiarn
754 353 854 402 consules
868 353 952 402 habea«

163 443 219 472 mus.
229 439 238 463 >r
247 423 380 482 Neeparum
388 424 459 481 lepide
467 425 490 473 in
499 425 533 473 Μ.
543 426 653 482 Lepidum
661 426 742 475 iocatus
751 432 790 474 est.
799 426 949 475 Senatuenim

163 494 277 555 frequente
290 515 341 544 cum
355 494 390 544 ille
404 496 469 544 verba
482 495 562 545 laceret
576 510 598 545 et
611 497 672 557 quod
685 497 766 546 diceret
780 498 863 548 dictum
877 518 950 548 ossea

164 570 239 619 Tullio
250 569 337 624 diceret,
349 582 397 618 tum
407 569 436 617 ad
447 590 498 618 eum
509 569 587 619 Cicero
598 571 680 630 inquits
688 588 697 612 u
705 569 751 630 Ego
762 583 791 626 te,
803 572 894 630 Lepide,
906 592 950 621 non

134 645 151 693 ,5
166 645 220 691 tanti
236 642 343 699 fecissem.
353 658 362 681 »
379 643 483 700 Pompeio
498 656 572 691 autem
588 644 664 692 aedem
680 644 788 692 Victoriae
804 645 912 693 dedicanti
929 657 950 692 et

165 728 239 774 utrum
259 715 282 763 in
301 713 381 762 tabulis
401 714 542 763 scribendum
554 714 688 776 «Pompeius
708 722 768 766 terrio
777 733 786 756 1³
799 717 833 766 vel
851 724 951 768 «tertium

165 788 241 838 consul
256 788 342 842 dicavit,
352 804 361 829 »
380 788 496 843 dubitanti,
514 789 575 847 quod
593 810 618 838 ea
636 790 663 838 de
681 808 704 838 re
722 789 815 839 consulti
833 791 897 850 periti
915 790 950 857 alii

166 863 227 911 aliter
241 862 368 915 iudicarent,
382 874 492 919 postremo
505 862 617 916 consultus
632 862 710 910 Cicero
728 863 782 911 dixit
800 883 872 921 neque
891 871 951 913 terrio

168 954 239 994 neque
248 988 249 991 Ἰ
258 942 340 985 tertium
361 933 431 983 consul
450 932 550 992 explicite
558 973 561 976 .
569 933 608 982 sed
621 934 730 993 punctatis
744 934 810 983 modo
823 934 951 993 capitalibus

129 1010 154 1059 lO
168 1007 244 1056 litteris
259 1006 466 1062 scribendumesse.

211 1079 270 1130 Haec
284 1079 313 1129 ad
327 1078 400 1129 iocum
415 1079 494 1139 quietis
510 1079 583 1129 rebus.
598 1079 659 1129 Bello
674 1093 748 1130 autem
763 1079 820 1130 civili
836 1101 887 1130 cum
902 1082 953 1130 hine

170 1154 255 1208 Caesar,
264 1153 315 1201 inde
323 1152 439 1211 Pompeius
447 1153 543 1204 inarmis
552 1154 625 1201 omnia
633 1153 791 1211 perduxissent,
800 1152 954 1214 protectusque

160 1227 192 1291 >in
207 1226 322 1274 Graeciam
330 1224 407 1272 Cicero
414 1226 443 1272 ad
450 1226 580 1282 Pompeium
587 1237 651 1279 esset,
659 1225 804 1273 obicientibus
811 1226 887 1273 amieis
894 1227 955 1285 quod

170 1298 252 1345 tardius
266 1296 395 1352 advenisset,
418 1297 484 1345 «lmo
501 1309 578 1351 verost)
600 1297 678 1356 inquit,
702 1313 710 1337 r<
719 1297 812 1345 nimium
833 1296 883 1351 cito,
905 1317 956 1346 cum

132 1372 156 1420 l5
172 1370 225 1418 nihil
240 1379 392 1429 praeparatum
408 1370 543 1417 inveniam.»
560 1369 664 1427 Pompeio
681 1382 754 1417 autem
770 1388 809 1427 per
826 1369 956 1418 calumniam

172 1443 308 1507 interoganti,
327 1441 442 1490 «Ubinam
460 1441 582 1495 Dolobella‚
602 1459 667 1499 gener
684 1454 743 1496 tuus.
762 1462 775 1489 ο
793 1441 886 1491 Cicero?
896 1459 905 1484 t>
923 1461 956 1490 re-

173 1515 267 1573 spondit,
282 1530 291 1554 ((
300 1512 364 1563 Cum
372 1514 470 1568 Caesare,
485 1533 560 1562 socero
572 1526 638 1562 tuo.»
652 1514 750 1562 Audiens
763 1532 815 1562 vero
828 1514 957 1573 Pompeium

172 1588 263 1636 donasse
274 1586 360 1636 civitate
372 1586 469 1635 Romana
481 1607 493 1636 e
505 1586 574 1636 Gallis
586 1588 697 1646 quendam
708 1587 746 1647 qui
757 1586 786 1635 ad
797 1608 848 1637 eum
859 1608 872 1636 e
883 1588 957 1637 castris

118 1679 121 1682 ⁴
173 1660 310 1719 profugisset,
320 1659 355 1708 «0
365 1659 463 1708 bellum»
474 1660 545 1717 inquit
554 1660 688 1713 «hominem3
699 1659 815 1717 Pompeius
824 1673 896 1709 noster
906 1660 958 1710 alie-

133 1735 161 1782 20
176 1753 227 1780 nam
242 1731 306 1780 Gallo
316 1731 426 1780 civitatem
437 1732 510 1799 donat,
517 1744 618 1799 nostram
628 1730 719 1780 reddere
730 1752 775 1780 non
786 1744 857 1790 potest
868 1734 938 1781 nobis.
949 1749 958 1772 u

176 1806 232 1855 lllud
247 1825 335 1865 quoque
349 1805 372 1854 in
387 1806 516 1863 Pompeium
530 1805 614 1854 dictum
628 1805 655 1853 ab
671 1824 697 1853 eo
711 1805 765 1854 urbe
780 1806 853 1854 relicta
867 1817 958 1855 constat:

175 1897 183 1919 ί(
192 1879 264 1936 Quem
278 1877 361 1936 tugiam
375 1878 452 1932 habeo,
467 1898 534 1937 quem
548 1896 626 1936 sequar
641 1898 686 1925 non
701 1877 778 1926 habeo.
788 1895 802 1930 i,
811 1879 898 1936 Nempe
912 1880 959 1932 ista,

174 1952 214 1999 etsi
229 1950 293 1999 licere
305 1949 376 1998 dicere
388 1969 444 2008 quae
456 1948 520 1997 vellet
532 1948 605 1997 omnia
617 1948 718 1997 Ciceroni
730 1967 770 2006 pro
783 1949 885 2008 singulari
897 1949 960 1999 lami·
1040 1971 1041 1975 ¹

148 2067 150 2069 .
175 2023 265 2073 liaritate
275 2044 300 2071 ac
311 2021 456 2072 benivolentia
466 2021 582 2077 videretur,
594 2042 618 2070 ea
629 2035 709 2077 tamen,
721 2022 781 2081 quod
792 2035 863 2073 essent
874 2024 960 2073 merda*

134 2098 161 2147 25
177 2098 209 2144 cia
224 2096 323 2149 nimium,
333 2096 376 2143 dici
385 2095 413 2144 ab
422 2116 448 2143 eo
457 2094 540 2143 ferebat
549 2095 665 2152 Pompeius
674 2114 737 2152 aegre
745 2107 811 2153 atque
820 2095 849 2144 ob
858 2116 906 2144 eam
915 2097 961 2144 rem
1002 2101 1004 2105 ’

176 2190 239 2229 saepe
250 2168 322 2218 dicere
332 2168 419 2217 auditus
430 2181 469 2217 est:
481 2167 615 2227 «Cuperem,
627 2182 651 2216 ut
663 2189 698 2216 me
708 2170 794 2217 timeret
805 2169 889 2224 Cicero,
901 2170 962 2228 quod

176 2244 205 2291 ad
219 2242 323 2291 inimicos
333 2242 380 2290 iret.
390 2258 399 2281 >³
419 2242 444 2289 ln
461 2240 575 2290 Caesarem
592 2259 650 2296 vero,
668 2261 719 2289 cum
735 2253 785 2290 ante
802 2241 864 2291 civile
880 2241 962 2290 bellum

177 2316 242 2363 ambo
256 2316 279 2361 in
294 2326 370 2362 senatu
389 2333 459 2371 aequo
478 2315 524 2360 iure
543 2326 686 2367 versarentur,
707 2325 728 2360 et
747 2313 783 2361 ille
801 2334 888 2362 causam
907 2315 962 2372 regis

177 2385 296 2444 Bythyniae
311 2385 384 2433 animo
398 2385 502 2443 pertinaci
519 2384 644 2433 defenderet
659 2406 684 2433 ac
700 2385 768 2433 multa
783 2405 833 2444 erga
848 2406 871 2433 se
887 2387 962 2434 merita

136 2460 165 2509 30
179 2471 314 2513 memoraret,
330 2457 461 2506 «Remove»
471 2457 542 2515 inquit
552 2474 561 2499 r<
569 2457 616 2512 ista,
627 2470 703 2512 orote,
714 2479 727 2506 o
737 2458 823 2507 Caesar.
833 2457 872 2507 Est
881 2460 963 2519 quippe

178 2533 290 2591 cognitum
304 2544 325 2581 et
339 2532 393 2589 quid
406 2531 442 2580 ille
455 2531 495 2580 tibi
510 2545 531 2580 et
545 2532 600 2590 quid
613 2531 644 2579 illi
657 2544 682 2579 tu
696 2532 788 2581 dederis,
799 2549 808 2573 ³>
821 2531 964 2591 Exprobravit

174 2705 192 2742 4.
204 2704 280 2743 Macrob.
293 2704 329 2742 Sal.
343 2703 363 2741 ll.
377 2703 393 2741 3.
410 2703 435 2741 l6.
485 2703 502 2741 8.
515 2703 559 2742 Gell.
571 2703 593 2742 X.
610 2704 624 2742 1.
638 2706 653 2742 7.
706 2704 733 2742 14.
748 2704 823 2742 Macrob.
836 2703 872 2742 Sar.
885 2704 905 2742 ll.
919 2704 936 2742 3.
949 2704 965 2740 7.

144 2766 170 2804 16-
183 2765 258 2804 Macrob.
270 2765 307 2804 Su.
320 2764 340 2802 ll.
353 2765 370 2802 3.
383 2765 400 2802 0.
453 2765 477 2803 19.
490 2763 533 2802 lbid.
583 2765 612 2802 22.
625 2765 703 2805 Macrob.
717 2765 753 2804 Sat.
766 2765 786 2803 ll.
796 2765 812 2804 3.
822 2766 837 2804 7.
887 2766 915 2804 26.
928 2764 968 2808 Ma<
1041 2789 1043 2792 >

141 2827 186 2871 crob.
199 2828 235 2866 Sar.
247 2827 269 2865 ll.
281 2826 298 2864 3.
311 2827 328 2864 8.
377 2827 406 2864 30.
422 2826 469 2864 Suet.
482 2826 513 2865 lul.
526 2827 554 2864 49,
929 2839 940 2857 3
957 2824 972 2855 s

141 2922 282 2936 —-=——-

181 2990 258 3036 2451
273 2988 368 3034 mordatia
382 3007 431 3034 corr.
