2093 3253
213 156 345 192 scaurorum
360 155 488 191 itinerantis
501 170 515 176 -
528 159 587 190 trata
601 159 632 192 111.
807 148 833 192 97

52 270 132 335 ritrium
146 297 186 325 suo
200 276 223 323 in
238 294 287 324 rure
301 274 340 323 sed
352 273 470 335 aliquando
483 273 573 330 Sabino,
587 274 697 326 interdum
708 273 835 337 .,Tyburtino

52 353 112 401 vixit.
135 350 234 397 Domum
256 345 331 396 habuit
353 347 435 404 Romae
456 349 512 396 circa
533 348 682 406 Tyburtinum
702 348 790 398 lucum..
805 348 836 397 Ea

53 425 96 474 tius
111 435 185 484 postea
199 441 224 470 ac
244 430 405 482 perseveranter
418 421 482 481 longe
495 434 637 482 posteaquam
651 435 743 471 mortem
756 421 837 471 obisset

55 498 156 547 Horatius
173 515 253 544 nomen
268 495 314 543 eius
329 494 424 553 quadam
434 514 474 554 pro
490 496 609 545 reverentia
624 508 645 544 et
661 508 719 554 grata
734 496 838 544 memoria

28 573 40 621 5
56 571 126 618 tenuit
140 569 262 626 perdiuque
276 567 343 616 veluti
358 567 457 616 divinum
471 570 588 617 sacrarium
602 581 726 617 conservata
741 581 780 616 est.

96 643 163 691 Diem
177 641 231 690 obiit
246 641 328 690 Romae
348 639 369 689 V
389 640 506 690 Kallendas
520 640 659 691 Decembres
679 661 747 690 annos
767 653 837 696 natus,

55 729 79 766 ut
93 715 168 764 scribit
182 713 296 770 Eusebius,
312 725 396 774 septem
411 726 432 762 et
447 714 610 774 quinquaginta,
626 713 653 775 C.
668 713 740 762 Mario
755 712 838 762 Censo-

55 791 103 838 rino
117 802 138 837 et
153 787 179 837 C.
189 787 265 836 Asinio
275 786 339 836 Gallo
348 787 482 836 consulibus.
491 786 568 836 Annus
577 786 613 835 hic
621 800 671 835 ante
680 800 755 836 natum
767 786 838 835 lesum

55 862 175 915 Christum,
190 880 266 909 verum
274 860 309 909 dei
318 860 387 917 lilium
394 881 420 909 ac
428 880 504 909 verum
512 860 584 914 deum,
593 881 664 909 nonus
672 860 720 909 luit.
729 860 838 909 Heredem

18 937 43 986 111
58 934 160 984 Horatius
170 952 214 982 non
223 934 329 991 scriptura
338 932 377 981 sed
386 952 438 982 voce
446 933 571 990 Augustum
580 932 638 982 fecit.
650 933 725 992 lpsum
734 934 793 982 enim
802 952 839 981 va-

56 1008 125 1057 litudo
139 1007 211 1056 subita
226 1007 340 1066 impedivit
355 1027 390 1062 ne,
407 1007 439 1055 uti
455 1019 558 1060 statuerat
573 1008 652 1061 animo,
669 1007 791 1056 testamenti
807 1019 839 1055 ta-

57 1081 117 1129 bulas
132 1080 262 1137 obsignaret.
273 1079 355 1127 Romae
365 1099 454 1139 quoque
464 1078 561 1138 sepultus
572 1092 604 1127 est
614 1080 637 1127 in
647 1080 748 1143 extremis
758 1078 839 1137 Exqui-

57 1152 94 1200 liis:
104 1153 164 1201 iuxta
176 1151 286 1200 tumulum
300 1151 428 1219 Mecenatis,
442 1164 467 1200 ut
480 1151 518 1209 qui
531 1152 574 1201 vivi
587 1150 679 1200 luissent
691 1151 806 1200 familiares
819 1165 841 1199 et

58 1225 174 1283 singulares
189 1225 259 1281 amici,
276 1225 298 1273 hi
314 1219 397 1289 mortui·
409 1224 524 1284 sepulchro
538 1225 603 1275 vicini
612 1239 697 1276 essent.
714 1224 775 1275 lllam
790 1243 841 1273 vero
881 1258 882 1261 =

20 1298 44 1348 15
59 1297 119 1345 urbis
133 1310 217 1356 partem
230 1311 288 1347 aetas
301 1310 374 1346 nostra
388 1298 518 1347 Lateranum
535 1305 617 1363 vocat„

100 1370 235 1428 Scriptorum
250 1371 295 1419 eius
311 1370 418 1420 habentur
427 1370 477 1419 libri
493 1370 621 1419 Carminum
641 1384 749 1429 quattuor,
770 1370 841 1429 Epodi

59 1463 123 1491 unus.
137 1441 193 1490 Odis
206 1441 296 1501 plenum
309 1456 342 1492 est
355 1464 410 1502 opus
423 1456 542 1502 utrumque
554 1443 583 1491 ad
597 1463 664 1502 quem
676 1444 719 1491 iam
732 1443 841 1491 nominavi

59 1536 129 1574 saepe,
144 1515 171 1565 C.
189 1515 333 1572 Mecenatem,
352 1517 489 1576 inscriptum.
507 1517 615 1565 Poetriam
631 1517 659 1565 ad
676 1516 777 1565 Pisonem
794 1518 842 1575 ipso

25 1637 27 1642 p
59 1590 81 1635 in
96 1589 148 1635 flore
162 1590 280 1636 iuventutis
290 1589 345 1636 libro
355 1589 447 1637 absolvit
457 1609 509 1649 uno.
520 1589 572 1637 Eius
582 1591 635 1637 item
645 1589 738 1646 hymnus
748 1590 842 1637 maximo

19 1661 48 1708 20
62 1660 84 1708 in
99 1660 151 1709 ludo
164 1660 257 1718 Augusti
272 1662 332 1709 iussu
341 1660 466 1710 decantatus
474 1661 502 1710 ad
510 1661 623 1710 Phoebum
632 1673 653 1717 et
661 1661 763 1710 silvarum
770 1660 850 1717 deam„

61 1747 85 1782 ut
104 1734 182 1793 inquit,
202 1747 321 1791 potentem,
342 1733 443 1788 Dianam,
459 1747 523 1783 extat.
539 1734 619 1783 Versus
635 1733 675 1782 hac
695 1734 722 1782 de
742 1753 775 1782 re⁴
785 1733 843 1782 haud

57 1806 132 1862 'plures
157 1826 194 1853 sex
218 1826 243 1854 ac
265 1806 328 1853 LXX
349 1805 408 1861 fecie
431 1806 531 1854 Seculare
552 1806 646 1855 Carmen
667 1807 763 1864 inscripti
785 1820 843 1856 sunt.

61 1875 132 1926 Senex‘
146 1888 197 1926 vero
211 1879 239 1927 ad
254 1898 320 1937 quem
333 1878 418 1927 amabat
432 1878 560 1927 familiarem
573 1898 645 1934 suurn,
659 1878 685 1929 C.
699 1880 843 1935 Mecenatem,

62 1950 128 1999 libros
143 1951 274 2000 Sermonum
289 1952 351 2006 duos,
359 1950 509 2015 Epistolarum
520 1953 575 2001 duos
586 1965 667 2010 satyros
678 1954 753 2003 edidit.
765 1954 844 2012 Scripti

21 2024 48 2072 25
64 2043 151 2083 quoque
163 2023 191 2072 ab
204 2044 230 2073 eo
242 2044 316 2074 versus
329 2024 383 2082 elegi
396 2024 542 2083 epistolaeque
555 2033 618 2083 prosa
630 2025 845 2079 orationeleruntur.

63 2095 155 2144 Materia
164 2095 202 2144 'est
211 2098 271 2155 quod
280 2097 390 2145 Mecenati
405 2117 427 2145 se
441 2098 588 2146 commendat.
606 2098 665 2146 Haec
676 2104 750 2147 nostro
760 2100 788 2147 de
799 2098 845 2146 Ho-

62 2169 123 2217 ratio.
139 2168 183 2225 Qui
198 2182 271 2218 autem
287 2167 314 2217 sit
330 2182 379 2228 post
395 2190 446 2218 eum
461 2181 525 2228 poeta
540 2170 637 2228 egregius
654 2171 806 2220 memorandus
821 2191 846 2220 ac

63 2254 165 2300 sequatur
173 2243 220 2290 sine
228 2243 338 2297 intervalo‚
347 2263 387 2291 nec
395 2262 462 2301 parvo
471 2244 582 2301 temporis
596 2243 706 2299 intervalo,
725 2244 789 2294 video
807 2264 845 2295 ne-

64 2315 153 2368 minem,
168 2315 228 2372 quod
240 2316 309 2373 sopita
321 2315 400 2364 deinde
411 2313 497 2373 ingenia
508 2328 530 2363 et
541 2316 602 2375 quasi
614 2317 724 2365 vacatione
735 2317 784 2365 data
796 2316 846 2365 dor-

23 2384 51 2433 30
66 2387 130 2436 misse
151 2407 219 2436 annos
241 2407 306 2447 supra
327 2387 369 2436 XL
388 2386 437 2448 post
462 2392 572 2438 mortuum
597 2387 712 2439 Horatium
734 2394 847 2448 poetarum

64 2460 134 2510 studia
148 2460 268 2511 videantur.
674 2520 678 2525 .
755 2521 757 2524 Ι

89 2578 93 2587 Ὠ,
106 2533 151 2600 Sed
164 2534 300 2591 magistratus
314 2534 423 2583 Romanos
435 2535 516 2582 interea
528 2527 647 2592 videamus.
661 2534 739 2594 Neque
751 2553 802 2583 vero
814 2535 848 2583 in·

65 2599 193 2664 tellig‘e'ndas
202 2605 230 2653 ad
240 2607 294 2654 vitas
302 2606 420 2654 illustrium
427 2599 557 2664 scriptorum
568 2606 649 2654 inutilis
656 2608 697 2655 'erit
708 2607 760 2655 haec
770 2607 849 2655 noticia

68 2678 211 2736 magistratus,
229 2679 343 2737 presertim
355 2698 406 2727 cum
424 2678 461 2746 liat
479 2678 506 2726 de
524 2678 565 2726 illis
585 2698 740 2737 saepenumero
761 2679 850 2728 mentio.

25 2748 52 2797 35
68 2749 115 2800 Nec
125 2751 235 2811 plebeium
245 2765 355 2801 auctorem
368 2752 429 2801 illum
440 2752 478 2802 sed
489 2752 529 2800 hac
539 2753 561 2801 in
575 2771 604 2808 re,
617 2765 642 2802 ut
652 2752 710 2802 soleo
721 2753 743 2801 in
754 2753 850 2809 caeteris,
876 2805 878 2809 Α

27 2872 170 2881 Ἢ,-

62 2938 77 2975 7.
91 2938 158 2977 Hieron.
171 2939 230 2979 Cliton.
243 2940 273 2978 Ol.
287 2940 324 2980 l92.
338 2942 355 2978 4.
375 2948 378 2952 ⁴

63 3086 72 3122 7
