2093 3253
132 194 173 240 236
435 208 526 238 srccours
541 208 657 238 romurour

177 322 323 372 monstrandis
342 320 410 381 plagis
428 334 497 371 terrae
514 321 615 380 princeps
634 319 683 393 luit
702 320 760 370 Vixit
779 320 868 380 quidem
886 322 963 380 perdiu

148 442 149 445 ,
177 394 301 444 Ptolomeus
316 395 363 465 iste
379 394 423 444 Sed
445 393 521 444 floruit
537 395 630 444 maxime
645 415 696 444 cum
714 394 823 443 Adrianus
841 414 865 442 ac
884 393 962 446 deinde

176 467 282 516 Antonini
293 468 344 522 duo,
355 467 407 516 Pius
417 480 439 515 et
449 466 525 523 Verus,
536 468 674 526 imperarent.
685 467 761 516 Annos
771 468 860 524 quidem
870 467 925 516 duos
936 469 962 517 de
1043 487 1047 526 g

178 538 285 588 LXXXX
299 552 362 588 natus
378 540 468 587 excessit
482 540 533 588 vita.
788 583 789 586 ,

150 615 162 663 5
220 612 265 662 Sed
277 612 381 672 quoniam
393 613 421 662 de
434 612 511 662 Grecis
523 613 584 673 loqui
596 614 705 662 institutio
717 625 790 662 nostra
801 625 866 669 vetat,
879 612 908 662 ad
922 613 964 663 lta-
1042 635 1043 638 ¹

176 686 227 735 liam
242 699 375 735 revertamur
391 699 412 734 et
432 686 575 735 lohachinum
591 687 670 734 horum
686 687 709 733 in
722 686 798 734 ordine
811 704 963 736 memoremus.
1042 709 1047 753 ’-

179 759 199 806 ls
214 776 301 817 nanque
315 757 382 806 abbas
397 756 446 807 tuit.
462 757 555 806 Librum
569 774 620 807 vero
630 758 703 809 edidit
718 759 741 806 in
755 777 800 817 quo
814 769 836 806 et
851 756 927 806 orbem
941 759 962 808 in

177 829 298 890 provincias
310 843 332 879 et
343 830 465 890 provincias
476 831 499 880 in
510 831 576 880 urbes
588 831 664 881 ordine
675 844 735 880 certo
745 851 770 879 ac
777 850 822 884 ,suo
833 830 880 880 iure
892 828 968 880 distri·⁴

177 903 225 952 buit
233 916 261 958 et,
277 903 338 962 quod
346 921 422 952 verum
430 923 456 951 ac
465 902 563 952 mirabile
571 903 632 952 dictu
641 917 680 958 est,
690 922 743 961 quas
753 903 780 951 sit
789 902 860 951 clades
869 905 963 968 quaevis.

137 975 164 1029 10
178 975 253 1023 civitas
269 975 369 1024 habitura
383 976 479 1024 carmine
494 975 547 1024 dicit
562 975 693 1035 singulatim,
709 989 734 1025 ut
748 975 783 1032 vel
799 975 852 1033 ordo
867 974 963 1025 leviticus
1041 1026 1043 1029 ,

177 1049 225 1107 (sua
235 1049 288 1098 haec
298 1049 364 1099 verba
374 1048 434 1106 sunt)
444 1048 473 1098 ad
482 1049 557 1115 lumen
567 1049 595 1098 ab
605 1049 645 1098 hac
655 1048 738 1098 litterae
748 1048 839 1108 caligine
848 1049 921 1098 veniat
930 1050 963 1098 vel

177 1121 273 1170 mundus
284 1122 307 1170 in
317 1123 362 1171 suis
373 1122 491 1170 visceribus
501 1123 585 1171 seviens
593 1122 621 1170 ad
629 1121 732 1171 tubarum
739 1122 841 1181 strepitus
850 1122 964 1182 conquies-

178 1207 219 1244 cat.
240 1195 307 1244 Libro
323 1195 392 1244 altero
403 1195 516 1253 pontifices
527 1195 636 1244 Romanos
647 1195 730 1254 epingit
740 1207 762 1244 et
772 1194 827 1254 quid
836 1194 926 1253 singulis
937 1197 964 1243 sit

178 1281 302 1323 venturum,
318 1267 342 1316 id
355 1267 427 1317 verbis
441 1268 500 1316 haud
514 1269 585 1317 minus
600 1269 698 1335 obscuris
717 1287 784 1327 quam
803 1268 878 1327 paucis
891 1268 963 1316 tradit.
1044 1294 1047 1327 j

141 1341 166 1395 l5
178 1339 270 1389 Calaber
282 1340 319 1389 hic
331 1353 395 1398 geute
407 1338 449 1389 luit
461 1353 483 1388 et
495 1340 621 1401 prophetiae
633 1340 735 1398 spiritum
748 1339 852 1389 divinitus
864 1340 964 1389 habuisse
1044 1344 1046 1349 ’

178 1411 253 1467 fertur.
266 1412 324 1462 Cum
336 1414 452 1471 imperaret
465 1412 594 1469 Fridericus.
604 1412 699 1462 Conradi
712 1432 787 1472 nepos,
796 1412 856 1463 vixit.
865 1412 925 1463 Haec
937 1413 964 1462 de

179 1485 287 1535 historicis
297 1500 325 1552 et
342 1486 512 1546 cosmographis.
530 1486 597 1536 Libro
614 1499 687 1555 autem
704 1487 803 1546 sequenti
820 1500 842 1536 et
859 1486 965 1537 Catonem

179 1560 313 1618 superiorem
324 1573 346 1609 et
358 1558 478 1609 Varronem
489 1558 552 1608 illum
568 1559 719 1609 doctissimum
735 1560 835 1609 omnium
846 1560 965 1611 videamus.

194 1742 220 1781 ll.
233 1742 304 1780 leschin.
317 1743 371 1787 Super
383 1743 446 1781 Esaiam
458 1743 516 1788 Propl.
531 1742 615 1785 Variana,
628 1741 655 1780 ed.
667 1742 725 1781 Vener.
741 1741 790 1785 l5l7,
803 1742 866 1787 Prolog.
