2093 3253
424 179 425 182 ¹
492 168 587 199 sicconis
604 166 725 199 POLENTONI

236 282 338 332 volumen
347 297 368 333 et
377 303 480 342 maguum
489 284 511 331 in
520 283 622 331 volumen
631 283 720 337 iturum,
730 282 748 330 si
758 283 859 341 prosequi
876 301 1019 344 quaecunque

235 369 286 405 sunt
300 356 380 405 abillis
391 356 483 413 cogitata
493 356 565 412 velim.
577 355 622 403 Sed
632 375 700 412 pauca
711 366 723 402 e
734 354 808 402 multis
816 351 869 402 haec
877 355 920 402 sint
928 371 968 412 pro
975 366 1020 401 tes-

235 429 327 477 timonio
337 428 474 490 nostr'u'rnfad
484 428 609 478 institutum
619 428 660 477 hoc
671 428 719 476 loco
730 427 788 477 satis.
800 421 878 476 Multis
894 426 953 475 enim
968 438 1020 475 sunt

236 502 266 550 illi
282 515 304 551 et
317 503 378 552 vanis
394 501 533 561 opinionibus
549 499 639 564 fatigati.

185 610 187 614 -
210 574 222 623 5
262 574 409 632 Ὀυἰαυῒειῐι
422 574 498 623 hocin
511 593 588 633 genere
601 573 659 622 docti
672 594 755 622 esseae
768 573 870 623 excellere
883 573 1019 626 videbantur,

178 707 179 710 Ἴ
238 648 297 704 quod
306 647 385 695 divinis
394 648 416 694 in
426 647 490 694 rebus
500 659 521 694 et
531 658 619 694 naturae
627 646 707 704 abditis
716 657 859 700 versarentur,
869 645 891 693 hi
901 658 952 694 sunt
961 645 1020 703 apud

178 736 179 742 ¹
238 718 332 768 Graecos
343 719 455 778 presertim
465 731 487 769 et
497 739 575 777 magno
585 719 608 768 in
619 718 700 767 honore
710 718 778 767 hahiti
788 729 810 767 et
820 738 897 777 magna
907 736 947 778 pro
957 717 1020 767 laude

238 793 344 851 sapientes
357 793 469 842 nominati.
483 793 657 851 appellationem
670 811 721 840 vero
734 792 790 840 hanc
803 792 926 853 immutavit
941 791 1020 849 Pytha·

238 883 299 928 goras
307 857 403 918 Samius,
415 877 472 913 ratus
483 884 506 912 se
516 865 685 923 haudquaquam
696 864 787 923 dignum
797 863 885 913 nomine
895 875 956 912 tanto
966 884 1020 919 esse,
1046 875 1047 879 ’

180 938 226 991 ,10
240 938 300 997 quod
314 938 337 987 id
351 959 396 988 non
410 951 466 987 esset
487 929 616 997 cuiusquam
637 939 743 995 sententia
764 958 802 987 sua
824 939 862 998 qui
884 937 1021 997 profiteretur
1046 941 1047 944 ’

220 1023 221 1028 ’
238 1011 292 1059 scire
310 1032 366 1069 quae
383 1012 482 1060 nesciret.
501 1011 540 1059 Vir
558 1031 644 1069 nanque
663 1011 805 1069 peritissimus
823 1011 954 1069 Pythagoras
972 1011 1020 1064 iste,

238 1092 289 1131 cum
303 1084 422 1142 sapientem
436 1105 458 1131 se
473 1096 559 1141 negaret
573 1104 626 1137 esse,
640 1085 772 1140 interogatus
786 1085 853 1141 quam
867 1102 917 1141 ergo
932 1083 1020 1141 profite-

238 1168 297 1204 retur
310 1169 386 1211 artem,
399 1156 554 1214 philosophum
566 1178 596 1210 se,
610 1155 651 1204 hoc
663 1170 695 1203 est
708 1156 825 1215 sapientiae
837 1169 962 1209 amatorem,
975 1175 1021 1203 esse

239 1229 357 1287 respondit.
372 1229 425 1278 Eam
437 1229 565 1277 modestiam
576 1229 643 1278 secuti
655 1229 720 1277 etiarn
731 1229 811 1288 posteri
822 1242 881 1278 sunt.
893 1227 951 1277 Hinc
962 1228 1021 1277 enirn

193 1301 225 1354 ..15
240 1314 313 1351 ortum
327 1315 352 1352 ut
366 1303 403 1363 qui
418 1302 489 1352 studia
504 1302 555 1352 haec
570 1314 707 1362 pertractant,
721 1302 761 1351 etsi
775 1302 894 1352 doctissimi
908 1302 1022 1351 videantur

191 1412 193 1417 ,
238 1396 263 1422 ac
276 1382 352 1423 omnes
365 1375 476 1430 excellant,
489 1376 511 1423 hi
523 1388 596 1423 tamen
609 1396 632 1422 se
644 1376 813 1433 haudquaquam
825 1377 939 1433 sapientes,
952 1388 977 1422 ut
990 1374 1020 1421 illi

227 1455 228 1458 ’
239 1446 332 1494 solerent
342 1448 413 1506 prisci,
424 1448 463 1495 sed
473 1447 605 1506 Pythagorae
615 1467 627 1495 e
637 1448 727 1504 vestigio
737 1447 885 1504 philosophos,
896 1444 937 1495 hoc
947 1459 987 1501 est,
998 1458 1023 1494 ut

239 1519 290 1575 dixi,
305 1520 422 1579 sapientiae
435 1534 548 1575 amatores
563 1534 648 1570 vocent.

280 1594 356 1643 Annos
371 1606 445 1652 postea
459 1607 481 1641 et
496 1598 575 1652 paucos
590 1615 658 1642 annos
673 1595 816 1651 Pythagoram
831 1608 917 1642 secutus
933 1607 965 1641 est
980 1594 1021 1641 So·

197 1665 227 1715 20
241 1678 316 1715 crates,
331 1665 374 1714 Hic
388 1684 480 1725 nanque,
493 1667 525 1715 uti
537 1666 639 1724 sapientis
650 1686 730 1715 nomen
740 1665 783 1719 illc,
794 1665 854 1725 quod
864 1679 920 1714 esset
930 1663 1022 1715 nimium

192 1785 194 1790 .
239 1757 371 1796 arrogansac
379 1739 470 1796 dignuin
478 1739 559 1786 nemini
567 1739 683 1793 videretur,
691 1739 825 1787 itaveterum
833 1738 954 1804 studiailla,
963 1738 1023 1799 quod

240 1825 310 1861 essent
325 1809 451 1861 difficillima
466 1831 491 1860 ac
506 1831 645 1870 supervacua,
661 1812 741 1869 posuit.
756 1812 917 1870 Philosophiam
933 1811 1022 1870 quidem

239 1885 279 1932 iste
292 1886 390 1933 omnium
404 1885 486 1941 primus
499 1885 527 1932 ad
540 1896 606 1931 terras
620 1905 632 1930 e
645 1883 704 1930 caelo
717 1884 788 1938 traxit,
801 1884 862 1943 quod
875 1903 908 1931 res
921 1883 1023 1932 caelestes

239 1956 315 2014 procul
323 1977 369 2006 esse
377 1956 470 2006 nimium
479 1957 593 2006 hominum
602 1976 614 2005 a
623 1957 745 2017 cognitione
754 1969 839 2017 putaret
847 1957 1023 2018 existimaretque

198 2030 226 2080 25
242 2032 413 2090 esseperditum
428 2031 453 2079 iri
469 2035 555 2090 tempus
571 2050 698 2079 consumere
713 2031 799 2089 ingenia
814 2031 855 2079 illis
871 2031 985 2089 presertim
1000 2031 1023 2079 in

240 2103 304 2153 rebus
318 2104 470 2162 investigandis
485 2124 541 2163 quae
554 2125 594 2153 nec
608 2103 699 2152 inveniri
714 2117 771 2152 certa
785 2104 867 2152 ratione
880 2105 964 2163 possint
983 2124 1023 2152 nec

240 2177 327 2225 inventa
339 2177 371 2224 ad>
379 2176 435 2224 hene
448 2175 581 2235 honesteque
594 2176 712 2224 vivendum
725 2176 816 2233 prosint.
830 2176 951 2233 Disputans
964 2177 1023 2223 enim

241 2248 339 2297 Socrates
350 2261 372 2296 et
383 2268 514 2307 quocunque
525 2248 547 2296 in
559 2266 658 2296 sermone
669 2247 759 2307 loquens
770 2248 891 2296 affirmabat
907 2248 968 2303 nihil,
990 2268 1023 2297 re-

241 2320 327 2369 fellebat
342 2321 422 2369 omnia.
438 2320 531 2369 Dicebat
547 2321 637 2379 quidem
653 2321 752 2369 omnium
767 2341 823 2380 quae
839 2321 962 2382 dicerentur
977 2341 1023 2370 esse

199 2394 227 2442 30
242 2394 296 2441 nihil
311 2395 371 2441 cuius
387 2412 459 2442 veram
474 2395 585 2441 scientiam
600 2406 622 2441 et
636 2394 782 2450 cognitionem
797 2395 917 2450 quisquam⁴
928 2394 1023 2448 haberet,

227 2473 229 2476 ’
240 2465 300 2524 quod
315 2466 345 2513 rei
357 2465 421 2514 huius
434 2465 594 2524 investigandae
606 2465 695 2514 scientia
705 2469 763 2514 esset
775 2464 944 2526 haudquaquam
955 2465 1023 2516 solida

240 2539 262 2587 in
277 2540 360 2587 ratione
374 2539 413 2587 sed
427 2539 522 2597 quadarn
538 2540 561 2587 in
577 2540 706 2593 coniectura,
723 2540 833 2596 opinione,
849 2539 982 2594 auctoritate,
999 2552 1024 2587 ut

240 2612 310 2658 verius
325 2630 372 2658 esse
386 2611 479 2670 quisque
491 2614 583 2669 putaret,
596 2612 643 2659 sita.
655 2611 749 2659 Proinde
761 2631 811 2659 cum
823 2611 900 2659 caeteri
913 2631 936 2659 se
948 2611 1023 2660 doctos

240 2702 286 2732 esse
300 2692 326 2732 ac
339 2684 411 2734 omnia
425 2683 578 2740 profiterentur
591 2683 652 2738 scire,
666 2683 713 2743 ipse
726 2686 790 2739 unus,
804 2684 842 2743 qui
856 2696 912 2732 esset
925 2682 1024 2734 omnium

198 2756 226 2805 35
242 2757 386 2811 doctissimus,
404 2757 445 2804 hoc
459 2777 529 2805 unum
546 2777 568 2804 se
585 2757 651 2805 modo
667 2757 728 2812 scire,
745 2756 805 2814 quod
816 2757 879 2804 sciret
890 2756 950 2812 nihil,
962 2756 1024 2806 dixit.

238 2934 270 2981 34.
285 2935 332 2980 Post
347 2927 401 2989 ipsez,
416 2935 449 2980 sed
462 2935 512 2980 nihil
526 2935 571 2980 odd.
