2093 3253
277 184 406 215 scmmonuu
421 163 546 214 ritusrnrun
559 194 573 200 -
587 183 645 213 traua
659 183 680 220 v„
850 169 887 214 163

102 316 193 353 aetatem
207 301 280 349 liceret
294 300 317 346 in
332 298 446 347 Graeciam
460 300 569 347 mitterent
583 298 674 357 (Romae
689 318 777 357 quoque
791 299 886 356 magistri

101 387 161 425 erant
172 374 258 427 Graeci,
269 373 307 430 qui
318 373 362 420 suis
373 372 449 420 litteris
459 384 525 430 atquc
535 372 639 420 doctrinis
650 372 727 419 missos
737 371 765 418 ad
775 390 798 418 se
808 389 886 428 pueros

101 448 167 500 veluti
174 445 322 496 fundamentis
330 444 404 494 solidis
412 454 435 494 etv
441 466 506 494 omne
513 445 541 494 ad
548 466 603 504 opus
610 443 796 494 exaedificandum
803 443 887 493 idoneis

102 521 238 578 stabilirent
255 520 293 578 qui
309 538 361 567 vero
378 519 471 567 Graecas
487 520 567 568 litteras
584 521 737 578 percepissent,
754 518 777 566 hi
794 519 887 567 maxime

77 600 89 648 5
104 598 146 645 hoc
160 594 219 642 istud
235 592 362 641 eruditionis
376 613 427 641 suae
439 587 611 651 experimentum
623 594 706 648 darent,
719 592 779 651 quod
791 591 888 641 Graecos

103 669 218 727 scriptores
232 678 340 714 verterent
351 666 373 713 in
385 665 496 714 Latinum.
508 666 552 714 Sed
561 685 644 714 morem
652 666 717 721 hunc,
726 666 764 724 qui
773 665 887 713 laudabilis

102 762 127 790 ac
141 740 212 789 bonus
227 751 290 793 esset,
306 739 337 787 uti
353 752 436 787 veteres
451 738 482 787 illi
498 752 629 798 praestantes
641 740 730 798 quidem
743 738 836 795 acdocti
847 739 887 787 viri

102 833 186 861 summa
199 812 310 870 diligentia
322 812 469 865 observarunt,
483 813 512 859 ita
524 813 562 869 qui
574 813 654 870 posteri
667 811 755 859 bierunt
767 811 847 858 multos
858 811 887 858 ad

102 905 169 935 annos
185 884 258 932 nescio
274 883 338 931 cuius·
352 883 437 943 decepti
453 883 543 932 consilio
558 883 706 942 neglexerunt.
722 881 799 942 Nuper
814 896 888 931 autem

65 962 90 1011 10
107 960 135 1008 ita
146 971 197 1007 sunt
207 956 342 1017 eloquentiae
353 956 424 1006 studia
435 958 524 1007 excitata
535 957 595 1017 quod
606 956 683 1006 babeat
693 956 815 1016 complures
828 956 887 1006 ltalia

102 1033 139 1090 qui
154 1031 235 1079 litteras
254 1043 275 1078 et
294 1030 381 1078 l-atinas
399 1043 421 1078 et
440 1031 537 1079 Graecas
552 1031 667 1079 didicerint
685 1044 750 1089 atque
768 1030 827 1092 illam
844 1032 887 1078 sint

103 1104 192 1163 gratiam
204 1103 227 1150 in
239 1102 374 1151 traducendo
386 1104 478 1152 assecuti
492 1103 552 1163 quod
564 1103 679 1162 adaequari
692 1122 756 1162 posse
768 1102 810 1150 illis
823 1103 888 1151 etiam

102 1178 210 1227 veteribus
226 1178 273 1226 iure
289 1176 347 1225 bono
363 1197 388 1225 ac
404 1178 481 1225 merito
496 1177 618 1226 videantur.
636 1177 693 1225 lllud
708 1180 782 1234 autem
797 1177 840 1225 iam
856 1190 888 1225 est

104 1251 182 1299 borum
199 1248 312 1305 beneficio,
324 1250 436 1306 industria,
455 1269 520 1309 opera
537 1249 658 1298 factitatum
669 1250 729 1309 quod
740 1249 888 1305 Plutarchum,

66 1326 90 1374 15
106 1323 166 1382 quod
180 1323 301 1381 Polybium,
318 1323 378 1381 quod
393 1323 503 1378 Basilium,
520 1323 580 1382 quod
595 1323 750 1377 Ptolomaeum,
765 1323 825 1380 quod
835 1323 887 1372 alios

103 1396 182 1454 plures,
192 1415 220 1442 ne
229 1395 324 1452 singulos
334 1397 453 1450 nominem,
468 1395 563 1443 Graecos
572 1416 597 1443 ac
606 1396 681 1454 doctos
696 1395 817 1452 scriptores,
832 1415 887 1453 quos

103 1468 174 1517 Latini
186 1467 284 1517 homines
295 1468 425 1526 ignorarent,
436 1468 546 1518 traductos
557 1489 569 1517 e
581 1467 664 1517 Graeco
676 1469 763 1526 Latinas
774 1469 796 1517 in
807 1468 887 1518 litteras

102 1561 127 1588 ac
137 1541 234 1599 cognitos
246 1540 370 1589 habeamus.
383 1541 499 1590 Enimvero
510 1542 547 1600 qui
559 1542 598 1589 bac
606 1554 679 1590 nostra
690 1542 793 1590 memoria
801 1560 887 1590 versan-

102 1627 138 1662 tur
148 1614 189 1662 hoc
200 1616 223 1663 in
234 1632 311 1673 genere
322 1615 389 1663 studii
400 1628 478 1674 putant
489 1607 543 1663 nihil
553 1616 715 1675 percipiendam
725 1615 753 1663 ad
763 1614 888 1663 facultatem

63 1686 90 1736 20
104 1686 190 1736 dicendi
201 1708 247 1737 esse
259 1685 341 1736 Graeca
352 1688 473 1737 eruditione
484 1688 628 1743 commodius,
640 1688 700 1746 quod
710 1687 761 1738 inde
772 1687 888 1737 verborum

103 1760 257 1818 proprietatem
272 1772 294 1807 et
309 1760 402 1818 copiam,
419 1760 470 1808 inde
487 1761 602 1808 sententias
620 1780 693 1819 graves
709 1774 775 1819 atque
790 1760 888 1816 subtiles,

102 1832 153 1881 inde
163 1833 275 1882 vetustatis
286 1855 311 1882 ac
322 1833 441 1883 multarum
451 1854 524 1883 rerum
534 1835 643 1891 noticiam,
655 1835 721 1883 veluti
733 1834 828 1894 quodam
838 1835 888 1883 vivo

103 1926 114 1953 e
128 1906 188 1954 lonte
202 1927 227 1954 ac
240 1906 354 1965 principali
368 1928 380 1955 e
394 1908 509 1955 seminario
523 1908 656 1966 colligamus.
671 1897 779 1967 Equidem
793 1908 888 1966 gratulor
965 1910 967 1913 ’

103 1975 189 2026 mecum
203 1977 263 2036 quod
276 1978 347 2027 vivam
361 1990 426 2037 atque
440 1978 476 2027 illa
489 1991 558 2027 aetate
572 1980 643 2028 vivam
657 1980 679 2028 in
694 1999 737 2038 qua
750 1999 794 2027 non
808 1979 840 2028 uti
851 1998 887 2027 su-

64 2047 90 2097 25
105 2050 183 2107 periori
199 2063 297 2110 tempore
313 2050 411 2100 sterilitas
420 2051 465 2108 sed
480 2051 567 2101 ubertas
584 2052 691 2111 quaedam
707 2052 843 2110 ingeniorum
860 2052 888 2102 ad

102 2122 249 2181 eloquentiam
263 2135 284 2170 et
298 2124 381 2181 optima
395 2124 466 2172 studia
480 2124 591 2173 habeatur.
606 2125 651 2173 Sed
665 2125 748 2174 dictum
762 2125 802 2173 ista
816 2125 843 2174 de
857 2143 887 2180 re,

103 2214 130 2241 ne
144 2214 248 2253 vagemur
256 2194 404 2255 longinquius,
413 2217 473 2245 nunc
481 2197 532 2245 satis
541 2196 614 2245 velim.
624 2197 691 2245 Libro
700 2209 773 2245 autem
782 2197 887 2256 sequenti,

103 2278 127 2313 ut
140 2280 273 2316 revertamur
285 2267 313 2315 ad
326 2268 470 2326 propositum,
484 2270 571 2317 venient
585 2270 718 2318 memorandi
732 2270 769 2327 qui
783 2289 807 2318 ea
820 2270 888 2327 scrip-

103 2353 177 2389 serunt
186 2362 241 2399 quae
250 2353 301 2389 sunt
310 2341 419 2390 veteribus
428 2362 440 2390 a
449 2341 552 2390 Romanis
564 2342 644 2391 lulium
652 2343 680 2391 ad
690 2342 804 2391 Caesarem
818 2362 888 2401 usque

63 2409 90 2458 30
104 2426 170 2469 gesta.

63 2543 204 2553 Ἢ.-

102 2627 120 2672 6.
135 2630 209 2676 hune..
224 2632 289 2675 bonus
305 2636 317 2674 i.
328 2650 343 2674 r.
402 2634 431 2677 10.
447 2632 517 2676 habeat
531 2634 642 2687 complures
657 2641 670 2678 i.
681 2653 696 2679 r.
754 2635 783 2679 11.
797 2633 828 2680 Ex
842 2634 889 2678 Plu·
938 2671 939 2674 ,

63 2702 136 2741 tarcum
150 2716 199 2742 corr.
214 2698 281 2752 (etiam
296 2704 315 2743 in
330 2698 408 2754 indice).
467 2701 496 2746 l5.
511 2701 534 2745 ln
550 2701 612 2746 indice
627 2700 746 2747 Ptolomeus.
