2093 3253
137 149 177 194 238
438 161 529 191 sicconis
543 160 659 191 eorcuronr

183 277 273 335 quidem
283 290 304 326 et
314 277 352 335 qui
362 273 468 325 lacultatis
480 276 525 323 eius
535 275 586 323 clari
597 288 647 323 sunt
657 274 748 323 artifices
764 288 785 323 et
801 277 903 336 magistri,
919 300 967 329 cum
1003 287 1005 291 ’

183 351 210 399 de
224 351 253 405 vi,
267 351 294 399 de
307 349 417 409 dignitate,
431 349 458 397 de
471 348 542 397 officio
555 349 690 408 eloquentiae
703 349 821 407 disputant,
835 352 905 409 ipsam
917 352 969 402 nihil

183 425 242 472 aliud
257 445 303 472 esse
316 423 427 472 diffiniunt
440 422 462 470 ni
476 443 585 471 summam
598 423 707 480 quandam
721 424 870 483 integramque
882 445 908 474 ac
921 447 968 484 per-

183 495 262 546 lectam
277 496 404 556 sapientiam
420 515 550 554 quacunque
562 495 589 544 de
600 513 622 543 re
632 496 731 554 graviter,
743 508 824 551 ornate,
836 498 923 556 copiose
938 499 969 548 lo·
1040 535 1047 557 5

157 570 170 620 5
186 585 297 630 quentem.
314 569 378 619 Illum
394 589 445 618 vero
462 569 499 627 qui
513 569 562 617 iure
579 569 606 617 sit
623 569 726 628 eloquens
742 569 883 628 appellandus
899 573 968 622 virum

183 664 229 693 esse
241 657 340 704 oportere
352 643 427 691 dicunt
439 642 477 701 qui
490 642 517 690 sit
528 643 631 701 virtutem
642 641 701 691 illam
711 663 820 710 summam
832 644 968 703 et'integram
1041 655 1047 659 “

183 716 311 775 sapientiam
325 720 442 769 assecutus,
459 714 520 773 quod
535 715 603 772 possit
618 724 752 772 quocunque
764 714 798 763 vel
813 711 932 774 peritorum
945 718 967 766 in

185 790 299 838 hominum
314 803 384 842 coetu,
402 808 533 847 quacunque
550 788 578 835 de
595 788 700 843 doctrina,
718 809 848 848 quacunque
866 791 892 838 de
910 809 932 838 re
949 806 969 841 et

185 863 279 910 humana
294 875 315 910 et
330 861 403 909 divina
427 861 556 919 peritissime
581 874 602 909 et
626 860 759 919 amplissima
783 882 834 910 cum
859 862 968 921 dignitate,

146 935 171 984 10
186 936 255 993 copia,
271 948 348 983 ornatu
363 934 430 993 loqui.
443 934 488 982 Sed
498 935 531 981 uti
543 932 608 981 refert
620 934 708 987 Seneca,
722 935 807 982 moralis
819 936 874 983 vitae
886 954 968 993 parens,

184 1008 308 1056 mortalium
322 1007 403 1056 nemini
418 1007 517 1055 omnium
530 1027 553 1055 se
566 1020 634 1054 totam
648 1006 771 1065 eloquentia
784 1007 884 1057 contulit.
898 1007 969 1064 Quam
1042 1066 1044 1068 g

184 1080 242 1130 enim
257 1080 328 1140 potuit
339 1080 431 1141 quisque
442 1093 526 1139 partem
536 1079 673 1138 amplectitur
684 1100 723 1129 nec
733 1081 839 1129 sententia
850 1101 897 1130 mea
907 1080 968 1131 laude

185 1167 236 1202 sunt
251 1154 309 1202 nulla
324 1154 383 1211 digni
399 1154 436 1210 qui
451 1166 510 1200 tanta
524 1154 547 1200 in
562 1154 702 1210 occupatione
716 1174 741 1201 ac
756 1155 849 1211 negociis
864 1154 968 1203 humanae

184 1228 240 1275 vitae
251 1239 302 1274 sunt
313 1226 368 1274 illud
378 1225 499 1286 studiozsuo
508 1237 529 1272 et
540 1226 626 1282 ingenio
634 1226 726 1272 assecuti
735 1226 795 1284 quod
803 1226 825 1272 in
834 1226 927 1276 dicendo
937 1239 969 1274 to·

139 1301 169 1350 ’15
185 1300 282 1348 lerabiles
293 1319 339 1347 esse
349 1310 377 1352 et,
389 1299 504 1357 principari
515 1299 532 1345 si
543 1310 654 1356 nequeunt
664 1317 760 1357 prorsus,
771 1298 847 1347 saltem
856 1299 911 1348 inter
922 1320 969 1348 eru-

186 1374 242 1421 ditos
260 1393 306 1421 esse
323 1386 344 1420 et
361 1372 440 1419 habere
457 1371 567 1429 quandam
585 1371 670 1419 dicendi
688 1373 777 1429 gratiam
794 1393 819 1420 ac
836 1373 969 1433 eloquentiae

176 1447 303 1502 'imaginem
317 1446 438 1492 videantur.

227 1518 375 1576 Antiquorum
388 1535 446 1570 vero,
461 1528 485 1564 ut
500 1529 599 1564 nostrum
612 1515 729 1574 aliquando
742 1516 770 1564 ad
784 1516 921 1575 propositum
934 1537 969 1566 ve-

173 1609 174 1612 ’
185 1591 276 1645 mamus,
285 1590 323 1649 qui
332 1590 404 1638 hocin
412 1588 485 1637 studio
493 1602 544 1637 sunt
552 1609 603 1637 cum
611 1589 674 1638 laude
682 1590 767 1644 versati,
777 1590 867 1639 habetur
876 1590 910 1639 M.
919 1591 970 1638 Por-

143 1666 171 1712 20
186 1665 232 1712 cius
248 1664 309 1716 Cato,
321 1682 387 1721 quem
400 1663 488 1709 honoris
496 1681 521 1708 ac
529 1662 662 1709 differentiae
675 1683 738 1709 causa
751 1662 817 1710 modo
829 1664 969 1721 superiorem,

154 1758 156 1760 ·
186 1736 251 1784 modo
266 1737 369 1794 priscum,
385 1734 501 1793 aliquando
513 1734 623 1788 maiorem,
635 1754 698 1792 saepe
709 1732 802 1783 familiae
813 1735 900 1784 Porciae
911 1735 970 1794 prin-

185 1810 263 1869 cipem,
279 1808 407 1867 plerumque
422 1808 561 1856 censorinum
576 1808 633 1856 docti
648 1820 733 1856 vocant.
749 1807 839 1856 Familia
853 1820 898 1857 erat
912 1808 970 1867 apud

186 1892 337 1929 conterraneos
350 1892 371 1928 et
385 1880 474 1927 honesta
487 1874 508 1926 et
521 1880 616 1936 antiqua.
631 1880 759 1935 Cognomen
768 1891 823 1928 'vero
836 1881 878 1927 sihi
890 1893 915 1927 ut
928 1880 970 1928 Ca-

185 1966 247 2002 tones
262 1950 398 2012 appellentur
413 1951 459 2010 ipsa
474 1951 534 1999 dedit
548 1951 623 2006 virtus,
640 1951 700 2011 quod
715 1951 777 2002 illurn
798 1951 905 2002 Catonem
924 1972 969 2002 esse

144 2027 171 2077 25
188 2026 280 2075 Romani
295 2040 377 2074 veteres
393 2024 488 2073 dicerent
503 2024 526 2072 in
541 2045 585 2083 quo
600 2045 646 2073 esse
660 2043 733 2074 rerum
748 2026 865 2075 multarum
879 2045 931 2075 usus
946 2045 970 2073 ac

187 2100 317 2158 experientia
332 2097 448 2147 videretur.
464 2096 544 2145 Noster
555 2111 632 2146 ‘autern
647 2097 703 2146 Cato
718 2118 824 2156 proavum
842 2099 918 2148 habuit
937 2099 970 2147 Μ.

169 2229 171 2232 ¹
186 2172 287 2220 Porcium
302 2170 415 2223 Catonem,
430 2170 501 2217 virum
516 2182 537 2217 et
552 2169 611 2228 domi
626 2182 647 2217 et
661 2168 713 2217 loris
728 2170 830 2228 probum.
846 2170 912 2219 Hunc
926 2190 970 2218 sae-

186 2262 305 2301 penumero
314 2243 341 2291 ob
350 2259 383 2291 res
392 2242 483 2300 impigre
491 2262 516 2298 ac
524 2242 579 2290 bene
588 2255 657 2299 gestas
666 2242 778 2291 laudatum
785 2264 798 2291 a
806 2243 898 2291 ducibus
906 2257 970 2302 atque

186 2317 274 2375 premiis
285 2316 349 2364 etiarn
359 2315 469 2363 interdum
480 2335 523 2362 non
534 2315 615 2372 exiguis
626 2315 653 2363 de
668 2315 756 2373 publico
772 2316 877 2364 donatum
892 2313 971 2364 ferunt.

143 2388 173 2436 30
187 2389 244 2436 Patri
259 2408 348 2445 quoque
362 2406 442 2434 nomen
457 2387 516 2434 idem
530 2384 579 2435 luit.
596 2386 663 2434 Filius
678 2388 737 2441 item,
753 2407 820 2445 quern
834 2387 971 2445 impresentia

174 2472 175 2475 ’
187 2460 352 2509 memorandum
362 2458 473 2513 habemus,
486 2459 592 2507 maiorum
602 2480 614 2507 e
624 2459 714 2517 vestigio
725 2459 758 2508 llll.
770 2460 857 2508 Porcius
869 2459 924 2508 Cato
933 2480 971 2518 ap·

186 2532 277 2592 pellatus
292 2547 331 2581 est.
348 2532 474 2590 Superiores
491 2532 526 2580 hic
541 2552 616 2581 omnes
632 2553 682 2581 suos
698 2533 784 2588 virtute,
801 2533 889 2589 honore,
905 2533 971 2592 gloria

187 2607 302 2665 superavit.
318 2604 409 2654 Tusculi
416 2604 506 2664 quidem
513 2604 629 2663 (oppidum
635 2618 680 2653 erat
687 2605 829 2663 Sabinorum)
836 2619 898 2654 natus
904 2620 969 2664 atque

187 2678 281 2726 nutritus
297 2688 387 2735 paterno
397 2676 420 2722 in
431 2692 482 2734 agro
493 2674 650 2724 adolescentiae
661 2695 728 2724 annos
740 2675 789 2734 egit.
804 2675 889 2725 Iuvenis
900 2689 973 2726 autem

184 2820 210 2856 10.
223 2819 262 2855 Sen.
275 2818 350 2855 Contrua.
364 2816 392 2852 Ill.
409 2816 434 2852 ll.

185 2940 217 2984 3l.
233 2938 347 2992 m(aiorum)
362 2943 374 2979 ι’,
391 2956 404 2979 r.
