2093 3253
247 165 380 197 scurronum
394 166 520 198 iiiusmiuu
535 177 548 184 -
562 166 621 199 arsen
634 166 683 198 xvu.
836 153 872 200 481

91 297 149 336 pem,
164 276 227 325 illum
241 277 355 335 presertim
366 298 392 325 ex
402 299 447 337 quo
457 279 566 336 pendeant
582 279 661 333 omnia,
672 279 768 337 pendere
786 292 840 327 nutu
856 293 878 328 et

92 348 182 399 consilio
196 349 273 399 alieno.
285 348 401 399 Enimvero
412 366 541 413 quecunque
550 346 575 419 in
585 350 728 411 gubernando
738 351 830 410 imperio
840 364 877 401 aut

70 485 71 489 Ἰ
92 443 115 473 re
129 423 173 484 ulla
187 421 273 472 fuerant
283 444 296 472 a
307 423 395 473 Nerone
406 423 468 481 lacta,
475 444 512 481 ea,
523 425 541 478 si
552 419 618 484 digna
628 437 701 474 essent
711 423 782 484 laude,
794 425 877 474 Neroni

91 496 245 549 attribuebant,
259 497 293 544 sin
307 496 363 544 lacta
376 514 441 555 prave
454 517 479 546 ac
492 498 585 546 sceleste
594 510 661 553 erant,
675 518 701 546 ea
714 496 811 552 consilio,
824 512 876 554 arte,

64 569 78 619 5
93 566 143 618 dolo
158 567 252 618 Senecae
268 567 324 618 lacta
340 568 441 619 dicebant
456 590 510 619 esse.

134 640 256 690 Avaritiam
271 643 317 690 eius
331 642 459 692 incusabant
478 644 548 694 multi.
566 644 727 703 Argumentum
746 655 791 691 erat
810 643 876 701 quod,

92 726 234 772 posteaquam
248 714 365 773 imperium
374 716 521 773 gubernasset,
531 737 583 775 opes
593 716 621 766 ad
630 730 663 765 ter
672 714 741 764 milies
751 714 877 764 sextertium

93 785 231 834 cumulasset.
247 785 340 847 Proinde
356 786 511 836 calumniantes
527 788 646 846 arguebant
661 787 746 836 divitias
762 787 836 845 ipsum
851 807 877 834 ex

92 857 200 916 preceptis
215 856 364 917 philosophiae
379 860 548 909 contemnendas
562 860 609 909 aliis
624 860 721 914 suadere,
736 871 757 908 at
772 877 823 908 vero
838 860 876 918 qui
896 896 898 898 »

43 933 78 978 ’10
93 929 235 992 philosophus
245 943 302 979 esset
311 952 364 989 opes
375 933 472 991 undique
482 952 607 992 comparare
617 952 657 981 nec
667 933 734 981 finem
744 931 786 980 illis
795 951 876 989 augen-

92 1003 126 1051 dis
138 1003 196 1057 dare‚
208 1003 247 1052 sed
258 1004 333 1062 rapina
345 1015 366 1052 et
378 1024 508 1064 quacunque
519 1017 593 1063 posset
604 1017 656 1059 arte,
669 1004 767 1063 quamvis
778 1004 876 1061 ingentes

92 1089 113 1125 et
128 1094 193 1135 supra
208 1076 317 1135 privatum
328 1077 419 1128 modum
431 1076 525 1133 haberet,
538 1077 625 1127 studere
635 1077 739 1126 continuo
750 1074 797 1126 illas
809 1075 876 1134 magis

91 1162 157 1206 atque
172 1150 239 1208 magis
248 1168 334 1208 augere;
343 1150 385 1198 sibi
394 1150 543 1199 amenissimos
553 1163 611 1198 ortos
619 1170 674 1211 esse,
684 1149 725 1196 sibi
734 1148 877 1207 amplissimas

92 1219 151 1283 villas
162 1240 215 1275 esse,
227 1220 268 1281 sibi
282 1220 360 1269 multas
373 1221 475 1279 pecunias
488 1241 542 1276 esse,
556 1221 597 1269 sibi
610 1220 777 1285 pulcherrimam
789 1221 812 1268 in
822 1220 876 1267 urbe

52 1295 78 1343 l5
93 1294 184 1341 domum
198 1312 251 1359 esse.
280 1316 281 1319 ¹
351 1351 353 1357 Ι
605 1304 607 1306 ’

133 1365 212 1429 Neque
222 1366 373 1425 v'erovdeerant
386 1367 424 1424 qui
438 1367 532 1415 Neronis
545 1385 607 1421 aures
621 1367 744 1426 suspicione
754 1365 876 1424 implerent,

92 1430 130 1497 qui
145 1459 261 1487 accensum
275 1439 355 1487 scelere
368 1439 467 1487 animum
480 1440 572 1487 crimine
586 1440 702 1487 maiestatis
713 1437 781 1486 laesae
787 1436 876 1498 inflam-

93 1525 184 1560 marent.
199 1511 251 1560 Non
266 1511 344 1570 opibus
355 1512 421 1559 modo
431 1511 540 1569 privatum
550 1511 578 1559 ad
587 1532 653 1560 usum
663 1512 745 1563 inhiare
755 1512 828 1570 ipsum
838 1509 877 1557 sed

92 1584 209 1645 imperium
223 1583 323 1633 affectare
339 1584 446 1632 criminati
462 1596 520 1638 sunt,
536 1585 652 1643 ipsumque
668 1585 756 1639 honore,
772 1582 875 1642 potentia,

49 1658 79 1707 20
93 1657 171 1716 opibus
186 1658 216 1707 ita
230 1658 322 1708 crevisse
332 1657 393 1718 quod
403 1658 448 1707 lere
458 1658 579 1717 principem
589 1657 687 1707 anteiret.
697 1656 746 1714 Nec
756 1675 802 1705 rem
812 1654 840 1704 ab
850 1675 876 1702 eo

92 1731 220 1789 pretermitti
229 1729 296 1788 ullam
304 1729 440 1780 affirmabant
448 1750 491 1790 qua
499 1744 582 1780 vertere
590 1731 614 1779 in
622 1750 645 1779 se
653 1750 723 1780 unum
731 1729 803 1780 studia
811 1728 876 1778 etiam

93 1817 180 1862 senatus
195 1818 216 1852 et
230 1803 327 1851 favorem
341 1804 417 1861 populi
432 1803 524 1856 Romani
539 1816 619 1861 posset,
634 1804 702 1861 quod·
713 1804 819 1861 imperare
837 1801 876 1848 ali·
924 1833 927 1835 —

93 1876 180 1934 quando
195 1875 254 1936 solus
268 1874 385 1929 affectaret,
407 1894 458 1923 cum
478 1894 546 1923 annos
567 1893 635 1933 prope
657 1894 694 1923 sex
714 1874 834 1933 Agrippina
855 1885 876 1921 et

58 1983 60 1989 ¹
92 1948 161 1997 Burro
172 1948 300 2009 auctoribus
314 1948 430 2007 imperium
443 1967 484 1996 suo
496 1947 586 1996 arbitrio
599 1947 746 2006 gubernasset.
759 1945 876 1995 Addebam

47 2020 78 2067 25
93 2041 181 2079 quoque
195 2021 258 2069 illum
270 2021 343 2068 animo
355 2022 399 2067 iam
411 2020 555 2067 tumefactum
567 2020 691 2078 elatumque
704 2019 805 2077 superbia
817 2031 876 2066 tanta

92 2089 152 2150 quod
166 2093 278 2141 Neronem
292 2094 365 2151 ipsum
377 2104 453 2146 aetate,
466 2091 556 2147 viribus,
570 2092 674 2151 sapientia
686 2090 792 2139 illustrem
805 2090 876 2138 virum

92 2185 116 2211 ac
131 2166 253 2223 principem
267 2165 326 2213 orbis
340 2178 403 2221 terre,
414 2164 446 2212 uti
457 2164 535 2213 soleret
545 2164 655 2222 privatum
670 2184 695 2217 ac
711 2182 811 2221 puerum,
827 2160 875 2210 vili-

92 2239 179 2296 pendat,
194 2239 294 2298 negligat,
304 2250 435 2288 contemnat.
447 2239 544 2288 Iuniores
553 2250 626 2287 autem
635 2238 673 2295 qui
682 2236 795 2295 presertim
804 2234 875 2283 Nero·

90 2313 125 2369 nis
139 2313 239 2370 aequales
246 2312 308 2360 annis
317 2324 338 2359 et
344 2311 461 2373 'familiares
469 2323 536 2364 erant,
545 2311 577 2358 uti
585 2309 655 2357 solent
663 2309 700 2367 qui
709 2328 786 2357 senum
794 2307 876 2355 monita

50 2384 79 2431 30
93 2384 171 2445 odiunt
185 2397 206 2434 et
220 2385 330 2434 licentiam
344 2383 437 2433 solutam
451 2395 564 2443 quaerunt,
580 2381 685 2431 Senecam
698 2380 791 2430 delirum
805 2380 878 2429 homin*

92 2478 143 2505 nem
157 2478 182 2506 ac
197 2459 321 2507 dementem
342 2476 389 2505 esse
410 2456 517 2510 dicebant,
532 2456 600 2514 rquod
622 2456 757 2503 iuventutem
778 2453 875 2502 Caesaris

91 2661 109 2706 2.
124 2662 145 2708 in
159 2662 289 2718 gubernando
298 2670 311 2710 ί.
326 2681 349 2715 ις
365 2683 389 2709 ex
405 2683 416 2709 a
432 2662 514 2711 Nerone
529 2667 595 2708 statim
611 2661 693 2722 cora-O
709 2679 721 2706 a
736 2660 819 2723 Nerone
834 2677 876 2706 sce«

50 2724 99 2773 leste
112 2741 132 2774 et
145 2731 214 2784 impie
224 2730 349 2776 factaerant
366 2749 390 2774 ea
405 2728 487 2775 consilio
505 2741 547 2774 arte
565 2728 611 2775 dolo
629 2729 705 2774 Senece
720 2727 772 2772 facta
786 2745 830 2772 esse
844 2744 875 2772 ar-

51 2795 138 2846 guebant
156 2796 245 2852 quidam.
263 2796 376 2842 Avariciam
387 2802 430 2842 etc.
448 2796 472 2842 F.
526 2797 546 2842 3.
559 2793 637 2840 fuerant
654 2801 667 2840 i.
682 2812 709 2844 n:
728 2801 771 2839 erat
786 2793 875 2840 fierent?

50 2857 70 2903 4.
83 2860 134 2906 lacta
152 2882 176 2908 ex
194 2881 217 2907 ea
233 2881 290 2913 eorm
308 2881 332 2920 ea
350 2863 402 2918 (post
421 2864 483 2917 erant)
503 2865 570 2915 postea
589 2861 635 2906 add.
693 2860 722 2906 l3.
741 2861 780 2905 Pro
800 2862 876 2907 hortos.

50 2923 83 2970 29.
97 2928 171 2984 alnnis)
186 2935 199 2973 i.
214 2947 237 2980 r.;
252 2947 276 2973 ex
291 2941 311 2973 et
326 2936 394 2974 statim
409 2947 458 2978 corn
472 2928 492 2973 Ο
508 2947 544 2974 om.
560 2927 583 2972 F,
636 2928 876 2983 3t.(iuven)tutem1·.r;

87 3078 107 3114 31
