2093 3253
153 221 197 267 230
448 235 541 267 srccours
555 235 670 266 Pommom
710 217 719 223 ”
755 226 757 241 '
789 210 791 213 ⁵

165 386 168 393 .
197 349 270 399 Vitam
286 349 400 409 Pomponii
417 349 520 404 Secundi,
537 351 678 398 amantissimi
695 350 728 398 sui
745 370 769 398 ac
786 350 906 404 necessarii,
923 351 981 403 libris
1037 350 1047 387 ’Ῐ

127 437 128 441 ’
198 423 284 471 duobus
300 422 412 471 enarravit.
428 422 463 469 De
479 422 533 470 Fine
548 421 630 470 Aufidii
646 422 706 470 Bassi
722 421 789 470 libros
805 442 874 470 unum
890 442 914 470 ac
920 423 982 476 XXX

199 496 328 554 composuit.
344 494 388 542 Sed
400 514 474 542 omnes
486 494 508 542 hi
520 495 548 542 ad
559 493 678 543 historiam.
689 494 725 542 Ad
737 494 845 543 doctrinas
857 512 908 542 vero
919 494 983 546 libros

167 596 168 600 =
199 569 284 627 scripsit
299 568 354 618 duos
370 566 481 616 Sermonis
495 567 571 624 Dubii,
586 588 623 616 sex
636 567 772 623 Studiorum
787 566 854 616 multa
868 567 937 617 in‘his
959 572 984 621 de

175 642 187 690 5
205 642 286 691 ratione
301 640 458 701 grammaticae,
476 639 544 689 multa
560 640 588 689 de
603 641 707 689 institutis
719 641 824 695 oratoriis,
836 640 904 690 multa
914 641 983 692 oblec-

200 714 275 762 tandas
290 714 318 762 ad
332 732 394 762 aures
409 714 544 762 eruditorum
559 713 674 762 hominum
693 712 786 761 miscuit.
806 712 879 771 Opere
898 714 985 771 quidem
1039 733 1047 762 i

201 787 242 835 isto
257 786 356 836 futurum
376 797 482 834 oratorem
501 807 514 834 a
533 784 647 834 cunabulis
667 784 812 834 erudiendum
832 786 905 834 sumit.
926 785 985 838 Libri

202 873 298 920 preterea
313 859 387 919 scripti
401 859 429 908 ab
444 880 469 908 eo
484 873 535 909 sunt
551 860 579 909 de
593 859 690 909 Historia
704 857 802 909 Naturali
817 859 860 908 Vll
876 881 901 908 ac
915 860 985 912 XXX.

203 932 265 990 Opus
280 933 304 980 id
322 933 418 981 continet
438 931 513 980 multa.
530 932 621 990 Quippe
639 949 712 980 rerum
731 932 855 980 caelestium
874 933 984 988 rationem,

164 1005 190 1052 10
204 1013 273 1052 terrae
287 1004 367 1063 plagas,
383 1005 480 1062 gentium
494 1003 590 1060 nomina,
605 997 718 1063 regionum
732 1003 793 1059 fines,
809 1003 936 1053 animalium
950 1025 986 1054 na·

205 1091 271 1133 tuias,
287 1078 389 1126 arborum
402 1076 522 1135 qualitates,
540 1094 646 1136 aquarum
664 1077 776 1135 originem,
795 1078 859 1124 maris
877 1078 986 1134 terminos,

173 1175 176 1178 ⁴
206 1151 314 1199 montium
328 1151 389 1204 situs,
400 1150 454 1197 aeris
465 1168 549 1207 genera,
564 1167 675 1207 gemarum
688 1149 739 1204 vim,
751 1167 824 1197 rerum
837 1150 932 1208 denique
942 1171 987 1199 om-

209 1224 271 1271 nium
284 1224 394 1276 virtutem,
410 1222 542 1276 varietatem,
558 1233 657 1270 naturam
671 1221 796 1279 complexus
811 1235 850 1270 est.
1042 1267 1045 1281 ι

178 1310 179 1313 ’
249 1295 324 1343 Annos
339 1292 370 1342 VI
386 1307 407 1342 et
423 1293 442 1341 L
456 1294 516 1342 vixit.
532 1291 625 1352 Neapoli
643 1293 740 1353 sepultus
758 1307 796 1343 est.
814 1293 916 1344 Duorum
933 1295 989 1345 enim
1043 1290 1046 1333 l

167 1368 192 1418 15
208 1367 324 1417 illustrium
338 1387 363 1416 ac
380 1366 531 1415 excellentium
547 1367 644 1416 virorum
661 1366 780 1426 sepulchris
798 1388 821 1415 ea
839 1368 913 1416 civitas
931 1372 989 1428 quasi

209 1442 305 1497 tropheis
320 1440 470 1498 pulcherrimis
482 1440 581 1487 decorata
593 1452 631 1487 est.
644 1438 702 1486 Hinc
713 1440 785 1487 videas
798 1440 920 1494 Maronem,
932 1442 990 1497 prin·

208 1515 279 1572 cipem
293 1526 413 1572 poetarum,
425 1512 476 1560 inde
486 1511 581 1560 Plinium
592 1513 659 1560 istum
670 1512 707 1571 qui
719 1513 822 1560 memoria
834 1532 872 1560 sua
883 1513 905 1560 in
916 1512 990 1562 litteris
1046 1509 1047 1516 ³

209 1587 308 1634 omnium
323 1585 460 1635 doctissimus
479 1585 600 1633 haberetur.
616 1585 719 1633 Mortuus
738 1598 770 1633 est
787 1586 816 1633 ad
834 1586 907 1634 Gades
927 1586 990 1634 Cam-
1046 1597 1047 1638 j

182 1682 183 1686 ¹
208 1659 284 1715 paniae
292 1659 404 1716 inopinato
413 1677 471 1705 casu.
481 1657 548 1705 Mons
557 1669 589 1705 est
598 1659 621 1705 in
630 1657 749 1715 Campania
763 1658 836 1715 biceps
851 1670 872 1705 et
886 1659 991 1717 montium
1045 1695 1047 1725 3

166 1731 196 1777 20
211 1729 264 1777 nulli
279 1731 401 1788 contiguus,
416 1728 508 1789 Neapoli
523 1728 552 1789 ad
572 1741 621 1778 octo
643 1728 701 1778 milia
722 1749 826 1788 passuum
847 1729 938 1794 vicinus.
958 1729 992 1778 Ad
1045 1732 1047 1753 ³

211 1803 305 1851 radicem
320 1802 402 1852 flumen
421 1801 515 1851 Samum
534 1802 606 1858 habet;
625 1802 732 1861 oppidum
750 1802 781 1850 ibi
800 1804 911 1861 quondam
930 1803 992 1851 Pom«
1046 1825 1047 1839 i

184 1901 185 1905 ¹
211 1875 291 1933 osium,
307 1875 366 1924 unde
379 1874 451 1933 magni
464 1874 561 1934 Pompeii
575 1873 665 1923 maiores
678 1874 765 1924 oriundi
777 1895 802 1924 ac
814 1876 944 1934 cognomine
956 1895 993 1924 no·

181 1978 183 1980 -
211 1949 285 1996 minati
301 1960 359 1997 sunt.
375 1947 440 1996 Hunc
455 1961 552 1996 montem
566 1947 675 1996 Vesevum
688 1960 770 1996 veteres
789 1946 934 2007 appellabant.
954 1947 994 1996 Su-

183 2046 185 2050 ·
214 2023 272 2067 mam
287 2041 345 2068 nunc
361 2032 438 2068 vocant
453 2021 533 2078 ipsum.
549 2020 633 2068 Natura
648 2020 752 2068 herbidus
767 2021 864 2079 primum
879 2040 942 2068 mons
957 2020 995 2067 iste

170 2092 198 2141 25
214 2092 335 2151 plenusque
349 2092 462 2140 arboribus
484 2113 509 2140 ac
531 2092 630 2141 frutectis
653 2106 705 2141 erat.
727 2093 810 2141 Ardere
832 2105 905 2141 autem
927 2092 995 2141 subita

214 2166 309 2222 quadam
323 2178 411 2212 naturae
435 2166 554 2212 mutatione
578 2165 649 2221 coepit
672 2178 877 2222 perseveranterque
900 2178 996 2223 tempore

215 2235 284 2284 multo
299 2234 396 2284 flammas
413 2235 491 2284 emisit.
508 2234 553 2284 Sed
569 2256 619 2284 cum
635 2236 732 2295 primum
747 2234 844 2285 flammas
860 2236 963 2290 evomuit,
980 2234 995 2283 si

214 2309 320 2357 Buccacio
334 2308 442 2357 credimus
456 2307 507 2366 (hoc
521 2308 580 2357 enim
594 2309 689 2357 scribens
704 2309 732 2357 de
746 2308 861 2358 Montibus
876 2308 996 2364 memorat),

215 2381 334 2439 imperabat
349 2381 416 2429 Nero.
431 2381 460 2428 At
470 2380 537 2429 fidem
548 2382 565 2428 si
577 2381 653 2429 damus
664 2381 714 2429 Sex.
725 2380 821 2436 Aurelio,
833 2381 870 2440 qui
882 2380 997 2430 Caesarum

172 2454 203 2504 30
217 2468 275 2512 gesta
290 2453 362 2509 refert,
378 2452 474 2502 flammas
489 2455 585 2512 primum
599 2454 635 2501 hic
650 2474 712 2502 mons
727 2455 799 2502 emisit
809 2473 860 2502 cum
870 2454 935 2503 Titus
946 2453 998 2502 Vesu

216 2528 298 2585 pasiani
313 2527 369 2575 filius
385 2526 506 2584 imperaret.
525 2526 583 2575 Illud
598 2539 689 2582 constat,
706 2527 767 2585 quod
782 2526 859 2585 perdiu
881 2546 944 2575 mons
964 2524 999 2572 ille

219 2599 316 2647 Ilammas
330 2600 428 2656 ingentes
442 2596 551 2647 evomuit.
560 2598 637 2647 Nubes
652 2619 740 2657 quoque
754 2598 864 2646 interdum
878 2611 923 2646 atra
937 2614 999 2655 supra

229 2744 258 2781 28.
271 2744 319 2781 Bocc.
332 2744 371 2789 Op..
384 2743 411 2780 ed.
423 2743 512 2786 Vicentina.
530 2744 580 2787 1187,
593 2760 609 2788 p.
626 2743 735 2783 CLXXVIII.
796 2712 824 2780 29.
843 2745 883 2781 Aur.
901 2745 944 2783 Vict.
960 2742 1001 2786 Epir.

178 2804 206 2860 11).
217 2806 243 2843 12.
292 2806 321 2855 32.
335 2805 377 2843 Plio.
389 2806 420 2849 Ea.
432 2805 461 2843 VI.
477 2806 520 2844 loa.
993 2806 995 2809 ’

178 2886 319 2893 -——--

231 2932 250 2976 2.
263 2931 303 2976 Pro
317 2929 400 2979 Aufidii.
466 2929 495 2977 l6.
510 2930 575 2978 videas
590 2938 603 2977 i.
620 2950 644 2985 r.;
659 2941 794 2994 erotnempe.
862 2932 894 2978 25.
914 2928 1001 2979 frutectis

177 3006 191 3044 i.
202 3018 224 3051 r.;
239 3008 281 3044 erut
296 2999 391 3044 fructetis.
