2093 3253
159 184 199 235 314
412 187 415 193 ⁸
463 188 555 232 sicconis
569 189 684 233 rotanr'onr

156 316 158 320 ⁴
201 314 261 373 quod
272 314 290 362 is
301 312 377 368 homo,
382 313 422 373 'qui
432 333 444 362 e
454 313 573 374 municipio
583 327 638 363 esset
648 332 717 374 nuper
726 315 749 363 in
759 315 931 373 urbem-assitus
941 337 985 371 sese
1038 307 1046 332 ⁵

172 403 173 406 ’
202 388 396 448 impune-erigeret
411 389 434 436 in
449 395 507 436 eam
520 388 594 448 Aliqui
610 389 741 448 superbiam,
758 388 848 448 quidam
863 392 985 453 amentiam,
1036 388 1038 402 ³

201 461 308 514 nonnulli,
316 461 349 509 uti
362 473 413 522 erat,
423 461 596 518 magnitudinem
608 462 674 509 animi
685 457 814 516 vocitabant,
823 463 884 520 quod
896 462 985 513 laventi—
1039 466 1047 515 ’ἶ

202 533 243 582 bus
257 554 283 582 ac
297 531 416 582 terentibus
428 534 516 581 caeteris
527 533 586 587 solus
597 535 651 592 ipse,
663 534 723 593 quod
734 546 789 582 esset
800 534 883 587 consul,
895 547 920 583 etv
928 535 986 585 Cati.

175 605 269 656 5linam
285 604 393 665 depellere
408 605 462 655 urbe
478 618 500 655 et
515 614 570 665 quos
595 607 704 655 nominavi
714 605 866 655 ‘nobilissimos
882 607 940 655 cives
955 612 985 660 uti
1044 661 1046 664 ,

203 679 310 740 mancipia
321 697 397 738 capere
408 699 473 729 ausus
484 692 547 734 esset,
559 680 605 735 sed,
617 700 667 729 cum
678 679 717 740 per
728 680 792 739 leges,
804 680 858 729 dum
869 693 924 730 esset
935 702 985 732 con·
1042 695 1043 698 ’

202 753 243 806 sul,
253 752 340 811 aggredi
350 772 394 800 non
403 752 484 807 liceret,
494 751 593 801 loturum
602 752 718 811 aliqnando
727 772 752 801 ac
760 766 834 810 presto
843 753 985 811 minabantur,
1045 803 1047 806 .

202 845 253 874 cum
270 824 372 874 exconsul
389 844 414 873 ac
432 824 528 883 privatus
545 838 608 879 esset,
626 824 686 884 quod
703 825 809 874 rationem
826 837 924 875 actorum
941 827 985 877 eius

203 898 427 962 redderecogeretur.
442 898 529 958 Nempe
543 898 583 948 ista
599 911 664 958 atque
680 898 744 948 huius
761 898 820 948 modi
836 898 877 948 alia
893 920 948 958 quae
964 902 986 950 in
1045 916 1046 919 ’

163 973 190 1020 10
204 992 255 1019 curn
262 972 327 1028 vulgo
336 971 462 1019 serebantur
470 972 600 1027 necessarios
608 991 659 1018 suos
667 972 706 1018 sed
714 972 821 1029 imprimis
829 970 925 1025 tratrem,
933 992 986 1020 uxo-

202 1054 255 1097 rem,
266 1042 340 1097 filiam,
351 1057 455 1100 generum
465 1043 585 1091 excitarunt
595 1055 620 1091 ut
636 1043 663 1090 de
673 1044 721 1102 ipso
731 1062 756 1092 ac
767 1043 794 1092 de
804 1063 828 1092 se
838 1043 931 1103 quisque
942 1064 985 1093 rne-

202 1128 295 1170 tuerent,
307 1135 346 1164 nec
357 1115 423 1164 modo
434 1116 486 1164 haec
496 1135 551 1174 quae
562 1115 617 1163 mala
627 1128 698 1164 essent
707 1128 729 1164 et
739 1114 828 1179 adversa
838 1115 932 1164 multum
941 1118 985 1172 sed,

203 1201 228 1237 ut
242 1188 312 1237 solent
327 1188 453 1245 paventium
470 1188 544 1241 animi,
563 1189 656 1246 pessima
674 1207 773 1245 quaeque
791 1188 879 1245 cogitari
897 1190 986 1246 augurio

202 1261 258 1309 tristi
273 1272 362 1320 possent
375 1259 448 1308 omnia
461 1259 502 1307 sibi
516 1273 618 1309 eventura
631 1273 739 1318 putarent,
750 1261 858 1314 timerent,
869 1260 985 1325 crederent,

164 1332 190 1383 15
205 1333 385 1391 adduxeruntque
407 1344 431 1381 ut
453 1333 526 1391 ipsum
547 1345 666 1387 exorarent,
688 1332 832 1387 hortarentur,
853 1332 987 1382 stimularent

203 1406 264 1465 quod
278 1418 386 1456 revocaret
401 1425 424 1454 se
438 1425 451 1454 a
466 1405 605 1454 dimicatione
623 1418 683 1455 tanta
702 1426 768 1466 seque
786 1427 812 1455 ac
830 1426 881 1455 suos
900 1406 987 1456 haberet

204 1498 227 1527 re
242 1479 329 1538 publica
339 1479 438 1527 cariores.
449 1478 605 1527 praevidebant
614 1479 673 1526 enim
682 1477 735 1533 lore,
746 1478 782 1526 uti
788 1476 837 1532 luit,
848 1479 908 1537 quod
917 1480 986 1527 omnis

205 1550 258 1600 haec
272 1550 365 1610 procela,
380 1570 436 1609 quae
451 1548 587 1609 naufragium
601 1550 632 1599 rei
647 1549 746 1610 publicae
761 1550 885 1606 minaretur,
900 1551 923 1599 in
937 1571 987 1600 eum

202 1623 227 1671 ac
242 1644 299 1678 suos,
311 1623 333 1671 ni
343 1642 366 1671 se
375 1622 500 1677 abstineret,
510 1623 624 1672 consulatu
633 1624 705 1681 posito
714 1623 832 1672 deveniret.
843 1623 890 1672 Hac
900 1643 987 1682 quoque

160 1698 189 1746 20
204 1697 231 1745 de
245 1716 269 1745 re
283 1715 328 1745 non
342 1714 407 1754 parva
421 1695 508 1744 incessit
524 1714 575 1744 cura
591 1696 660 1744 bonos
676 1696 741 1750 cives,
757 1696 818 1753 quod
839 1696 987 1754 improborum

201 1782 315 1819 noscerent
328 1767 419 1824 animos,
434 1767 537 1819 minantia
547 1767 646 1818 audirent
657 1766 729 1824 verba,
740 1768 875 1828 perciperent
886 1767 986 1819 manifes-

201 1855 225 1891 to
236 1855 257 1892 et
268 1843 318 1892 odia
328 1842 492 1900 sempiterna-et
502 1840 558 1890 bella
570 1841 662 1889 maxima
673 1841 763 1890 iminere
773 1841 820 1890 viro
831 1841 882 1891 huic
892 1862 917 1891 ac
928 1840 987 1891 illus-

202 1916 230 1963 tri
240 1928 262 1964 et
273 1915 357 1974 optimo
366 1915 413 1963 viro
423 1915 458 1963 cui
469 1927 490 1963 et
500 1913 646 1973 amplissimus
657 1914 726 1963 honos
737 1926 758 1963 et
773 1914 892 1974 largissima
907 1916 987 1974 premia

202 2007 243 2047 pro
257 1987 347 2036 liberata
363 2006 386 2036 re
403 1987 490 2045 publica
507 1987 644 2035 deberentur.
661 1987 740 2046 Neque
756 2006 808 2036 vero
824 1986 865 2044 lias
879 1988 947 2036 minas
964 2007 987 2035 ac

161 2061 189 2109 25
204 2061 330 2109 inimicicias
336 2059 456 2118 negligebat
462 2060 515 2118 ipse.
522 2059 728 2108 Sedanimumadeo
736 2058 846 2109 lortemac
854 2072 988 2109 constantem

205 2133 297 2182 habebat
311 2145 336 2181 ut
351 2131 446 2192 pericula
466 2152 609 2192 quaecunque
628 2132 709 2182 subire
720 2152 840 2192 omnesque
853 2133 987 2182 ¹calamitates

191 2200 224 2254 'et
246 2207 353 2255 cruciatus
372 2218 438 2263 atque
457 2205 527 2263 ipsam
541 2205 645 2263 denique,
662 2206 680 2252 si
697 2217 813 2263 oporteret,
831 2218 923 2254 mortem
939 2224 987 2263 per-

203 2277 263 2327 terre
275 2276 348 2327 mallet
358 2291 473 2336 quamper
483 2289 567 2325 metum
576 2290 598 2325 et
608 2278 715 2335 ignaviam
725 2277 772 2336 pati·
779 2297 802 2325 se
812 2279 926 2336 presertim
936 2297 987 2326 con·

203 2349 256 2406 sule,
272 2351 327 2399 dum
340 2350 395 2399 tueri
411 2362 491 2408 posset,
502 2367 548 2398 rem
562 2348 673 2408 publicam
686 2348 769 2399 violari.
780 2347 828 2398 Nec
838 2370 912 2398 secum
923 2349 988 2398 modo

161 2424 190 2479 30
204 2423 319 2483 pensitavit
334 2422 374 2471 ista
389 2422 427 2471 sed
435 2422 526 2480 graviter
533 2441 558 2471 ac
566 2441 629 2480 saepe
637 2423 677 2470 ista
685 2422 713 2471 de
720 2440 743 2471 re
750 2433 772 2471 et
780 2423 862 2481 private
869 2423 928 2482 apud
935 2422 988 2470 ami-

203 2516 239 2543 cos
253 2509 275 2544 et
288 2494 375 2554 publice
387 2495 447 2553 apud
459 2489 559 2543 senatum
571 2508 593 2543 et
605 2495 712 2554 populum
725 2507 760 2543 est
770 2495 862 2544 locutus.
887 2505 889 2510 '

223 2600 225 2602 -
246 2569 308 2617 Dum
324 2586 375 2616 vero
391 2568 443 2616 haec
458 2580 572 2626 agerentur
588 2579 609 2616 et
624 2568 681 2626 capti
697 2568 728 2615 rei
744 2568 832 2626 privatis
848 2568 870 2617 in
886 2566 989 2618 custodiis

203 2645 336 2695 tenerentur,
348 2640 375 2689 L.
385 2640 519 2699 Tarquinius
529 2653 618 2695 tractus,
630 2654 654 2689 ut
664 2639 780 2695 ferebatur,
792 2660 804 2689 e
814 2641 848 2690 via
858 2641 881 2689 in
891 2653 989 2689 senatum

157 2730 159 2732 ’
204 2715 271 2762 venit.
285 2714 420 2770 lnterogatus
432 2726 505 2761 autern
517 2713 567 2771 quis
580 2726 643 2766 esset,
656 2734 701 2770 quo
713 2713 760 2766 iret,
773 2718 839 2771 quarn
851 2713 990 2771 protectionis

163 2786 191 2834 35
207 2805 294 2833 causam
309 2784 403 2839 haberet,
419 2783 537 2843 respondit,
551 2784 568 2832 si
581 2782 668 2842 publica
680 2784 768 2833 daretur
779 2784 833 2833 fides
845 2798 870 2833 ut
882 2804 937 2843 qnae
949 2784 989 2833 sci·
1005 2838 1007 2841 Ι

204 2871 236 2906 ret
252 2859 279 2907 de
293 2858 441 2907 coniuratione
451 2857 522 2906 dicere
530 2857 577 2906 sine
587 2869 646 2906 metu
655 2870 735 2915 posset,
741 2856 846 2916 perplura
855 2878 911 2916 quae
920 2868 991 2906 essent

206 2950 218 2979 e
232 2949 255 2979 re
270 2929 357 2989 publica
372 2949 395 2978 se
406 2929 523 2978 dicturum.
534 2928 594 2978 Tum
610 2949 656 2978 esse
671 2929 723 2981 boni
738 2929 805 2978 animi
820 2943 841 2978 et
857 2950 912 2989 quae
927 2931 990 2978 sciret
