<?xml version="1.0" encoding="UTF-8"?>
<!DOCTYPE html PUBLIC "-//W3C//DTD XHTML 1.0 Transitional//EN"
    "http://www.w3.org/TR/xhtml1/DTD/xhtml1-transitional.dtd">
<html xmlns="http://www.w3.org/1999/xhtml" xml:lang="en" lang="en">
 <head>
  <title>
</title>
<meta http-equiv="Content-Type" content="text/html;charset=utf-8" />
  <meta name='ocr-system' content='tesseract 3.04.00' />
  <meta name='ocr-capabilities' content='ocr_page ocr_carea ocr_par ocr_line ocrx_word'/>
</head>
<body>
  <div class='ocr_page' id='page_1' title='image "MN40033ucmf_2_0144.png"; bbox 0 0 2093 3253; ppageno 0'>
   <div class='ocr_carea' id='block_1_1' title="bbox 138 169 665 218">
    <p class='ocr_par' dir='ltr' id='par_1_1' title="bbox 138 169 665 218">
     <span class='ocr_line' id='line_1_1' title="bbox 138 169 665 218; baseline 0.002 -1"><span class='ocrx_word' id='word_1_1' title='bbox 138 169 165 217; x_wconf 81' lang='lat'>74</span> <span class='ocrx_word' id='word_1_2' title='bbox 436 186 531 218; x_wconf 78' lang='lat' dir='ltr'>sicconis</span> <span class='ocrx_word' id='word_1_3' title='bbox 545 187 665 218; x_wconf 77' lang='lat' dir='ltr'>eommom</span> 
     </span>
    </p>
   </div>
   <div class='ocr_carea' id='block_1_2' title="bbox 181 300 967 362">
    <p class='ocr_par' dir='ltr' id='par_1_2' title="bbox 181 295 1047 368">
     <span class='ocr_line' id='line_1_2' title="bbox 181 300 967 362; baseline 0.003 -13"><span class='ocrx_word' id='word_1_4' title='bbox 181 301 310 350; x_wconf 85' lang='lat' dir='ltr'>Ciceronem</span> <span class='ocrx_word' id='word_1_5' title='bbox 324 301 418 350; x_wconf 63' lang='lat' dir='ltr'>invecti?</span> <span class='ocrx_word' id='word_1_6' title='bbox 434 300 483 349; x_wconf 91' lang='lat' dir='ltr'>Hoc</span> <span class='ocrx_word' id='word_1_7' title='bbox 494 322 581 361; x_wconf 89' lang='lat' dir='ltr'>nanque</span> <span class='ocrx_word' id='word_1_8' title='bbox 593 301 688 351; x_wconf 86' lang='lat' dir='ltr'>devitare</span> <span class='ocrx_word' id='word_1_9' title='bbox 700 323 771 362; x_wconf 90' lang='lat' dir='ltr'>neque</span> <span class='ocrx_word' id='word_1_10' title='bbox 783 303 844 352; x_wconf 90' lang='lat' dir='ltr'>vivus</span> <span class='ocrx_word' id='word_1_11' title='bbox 857 323 896 352; x_wconf 88' lang='lat' dir='ltr'>nec</span> <span class='ocrx_word' id='word_1_12' title='bbox 909 323 967 352; x_wconf 52' lang='lat' dir='ltr'>mor*</span> 
     </span>
    </p>
   </div>
   <div class='ocr_carea' id='block_1_3' title="bbox 181 374 967 435">
    <p class='ocr_par' dir='ltr' id='par_1_3' title="bbox 181 369 1046 436">
     <span class='ocr_line' id='line_1_3' title="bbox 181 374 967 435; baseline 0.002 -12"><span class='ocrx_word' id='word_1_13' title='bbox 181 387 231 423; x_wconf 87' lang='lat' dir='ltr'>tuus</span> <span class='ocrx_word' id='word_1_14' title='bbox 246 376 324 433; x_wconf 92' lang='lat' dir='ltr'>potuit,</span> <span class='ocrx_word' id='word_1_15' title='bbox 340 376 377 434; x_wconf 92' lang='lat' dir='ltr'>qui</span> <span class='ocrx_word' id='word_1_16' title='bbox 387 388 443 423; x_wconf 90' lang='lat' dir='ltr'>esset</span> <span class='ocrx_word' id='word_1_17' title='bbox 452 374 596 430; x_wconf 87' lang='lat' dir='ltr'>doctissimus,</span> <span class='ocrx_word' id='word_1_18' title='bbox 607 375 691 432; x_wconf 83' lang='lat' dir='ltr'>Cicero,</span> <span class='ocrx_word' id='word_1_19' title='bbox 702 397 729 424; x_wconf 89' lang='lat' dir='ltr'>ne</span> <span class='ocrx_word' id='word_1_20' title='bbox 738 376 842 424; x_wconf 86' lang='lat' dir='ltr'>incideret</span> <span class='ocrx_word' id='word_1_21' title='bbox 851 377 874 424; x_wconf 91' lang='lat' dir='ltr'>in</span> <span class='ocrx_word' id='word_1_22' title='bbox 883 376 967 435; x_wconf 82' lang='lat' dir='ltr'>linguas</span> 
     </span>
    </p>
   </div>
   <div class='ocr_carea' id='block_1_4' title="bbox 145 448 969 505">
    <p class='ocr_par' dir='ltr' id='par_1_4' title="bbox 145 442 1047 515">
     <span class='ocr_line' id='line_1_4' title="bbox 145 448 969 505; baseline 0 -10"><span class='ocrx_word' id='word_1_23' title='bbox 145 467 146 470; x_wconf 70' lang='grc'>’</span> <span class='ocrx_word' id='word_1_24' title='bbox 181 448 295 495; x_wconf 91' lang='lat' dir='ltr'>hominum</span> <span class='ocrx_word' id='word_1_25' title='bbox 310 449 347 505; x_wconf 87' lang='lat' dir='ltr'>qui</span> <span class='ocrx_word' id='word_1_26' title='bbox 363 468 414 496; x_wconf 87' lang='lat' dir='ltr'>eum</span> <span class='ocrx_word' id='word_1_27' title='bbox 428 448 507 495; x_wconf 87' lang='lat' dir='ltr'>strictis</span> <span class='ocrx_word' id='word_1_28' title='bbox 522 449 624 496; x_wconf 84' lang='lat' dir='ltr'><strong>dentibus</strong></span> <span class='ocrx_word' id='word_1_29' title='bbox 639 449 795 496; x_wconf 89' lang='lat' dir='ltr'>remorderent.</span> <span class='ocrx_word' id='word_1_30' title='bbox 810 449 858 496; x_wconf 90' lang='lat' dir='ltr'>Nec</span> <span class='ocrx_word' id='word_1_31' title='bbox 872 448 915 496; x_wconf 81' lang='lat' dir='ltr'>tuit</span> <span class='ocrx_word' id='word_1_32' title='bbox 930 470 969 496; x_wconf 78' lang='lat' dir='ltr'>ne·</span> 
     </span>
    </p>
   </div>
   <div class='ocr_carea' id='block_1_5' title="bbox 181 519 967 580">
    <p class='ocr_par' dir='ltr' id='par_1_5' title="bbox 181 513 1046 580">
     <span class='ocr_line' id='line_1_5' title="bbox 181 519 967 580; baseline 0.007 -13"><span class='ocrx_word' id='word_1_33' title='bbox 181 520 237 568; x_wconf 88' lang='lat' dir='ltr'>scius</span> <span class='ocrx_word' id='word_1_34' title='bbox 252 520 298 578; x_wconf 91' lang='lat' dir='ltr'>ipse</span> <span class='ocrx_word' id='word_1_35' title='bbox 312 519 411 569; x_wconf 78' lang='lat' dir='ltr'>futurum</span> <span class='ocrx_word' id='word_1_36' title='bbox 422 520 482 579; x_wconf 89' lang='lat' dir='ltr'>quod</span> <span class='ocrx_word' id='word_1_37' title='bbox 492 520 537 569; x_wconf 88' lang='lat' dir='ltr'>eius</span> <span class='ocrx_word' id='word_1_38' title='bbox 549 519 657 569; x_wconf 91' lang='lat' dir='ltr'>scribendi</span> <span class='ocrx_word' id='word_1_39' title='bbox 668 519 729 570; x_wconf 91' lang='lat' dir='ltr'>labor</span> <span class='ocrx_word' id='word_1_40' title='bbox 739 521 762 577; x_wconf 91' lang='lat' dir='ltr'>in</span> <span class='ocrx_word' id='word_1_41' title='bbox 772 521 840 570; x_wconf 88' lang='lat' dir='ltr'>varias</span> <span class='ocrx_word' id='word_1_42' title='bbox 851 520 967 580; x_wconf 84' lang='lat' dir='ltr'>reprehen-</span> 
     </span>
    </p>
   </div>
   <div class='ocr_carea' id='block_1_6' title="bbox 155 592 1042 728">
    <p class='ocr_par' dir='ltr' id='par_1_6' title="bbox 155 585 1047 728">
     <span class='ocr_line' id='line_1_6' title="bbox 155 592 968 653; baseline 0 -11"><span class='ocrx_word' id='word_1_43' title='bbox 155 593 168 642; x_wconf 87' lang='grc'>5</span> <span class='ocrx_word' id='word_1_44' title='bbox 184 593 254 641; x_wconf 91' lang='lat' dir='ltr'>siones</span> <span class='ocrx_word' id='word_1_45' title='bbox 263 594 388 642; x_wconf 82' lang='lat' dir='ltr'>incurreret.</span> <span class='ocrx_word' id='word_1_46' title='bbox 404 593 491 652; x_wconf 86' lang='lat' dir='ltr'>Quippe</span> <span class='ocrx_word' id='word_1_47' title='bbox 501 592 589 642; x_wconf 81' lang='lat' dir='ltr'>luerunt</span> <span class='ocrx_word' id='word_1_48' title='bbox 598 595 636 653; x_wconf 90' lang='lat' dir='ltr'>qui</span> <span class='ocrx_word' id='word_1_49' title='bbox 645 614 696 642; x_wconf 92' lang='lat' dir='ltr'>eum</span> <span class='ocrx_word' id='word_1_50' title='bbox 706 594 887 653; x_wconf 85' lang='lat' dir='ltr'>reprehenderent</span> <span class='ocrx_word' id='word_1_51' title='bbox 897 594 968 644; x_wconf 90' lang='lat' dir='ltr'>multi.</span> 
     </span>
     <span class='ocr_line' id='line_1_7' title="bbox 183 666 1042 728; baseline 0.001 -11"><span class='ocrx_word' id='word_1_52' title='bbox 183 668 227 717; x_wconf 81' lang='lat' dir='ltr'>Sed</span> <span class='ocrx_word' id='word_1_53' title='bbox 241 667 287 716; x_wconf 90' lang='lat' dir='ltr'>aliis</span> <span class='ocrx_word' id='word_1_54' title='bbox 302 666 430 728; x_wconf 85' lang='lat' dir='ltr'>displicebat</span> <span class='ocrx_word' id='word_1_55' title='bbox 444 668 505 726; x_wconf 92' lang='lat' dir='ltr'>quod</span> <span class='ocrx_word' id='word_1_56' title='bbox 515 667 603 715; x_wconf 78' lang='lat' dir='ltr'>functus</span> <span class='ocrx_word' id='word_1_57' title='bbox 615 681 674 716; x_wconf 86' lang='lat' dir='ltr'>tanta</span> <span class='ocrx_word' id='word_1_58' title='bbox 685 669 707 715; x_wconf 91' lang='lat' dir='ltr'>in</span> <span class='ocrx_word' id='word_1_59' title='bbox 718 669 773 717; x_wconf 92' lang='lat' dir='ltr'>urbe</span> <span class='ocrx_word' id='word_1_60' title='bbox 784 670 911 719; x_wconf 90' lang='lat' dir='ltr'>muneribus</span> <span class='ocrx_word' id='word_1_61' title='bbox 922 691 968 719; x_wconf 84' lang='lat' dir='ltr'>arn-</span> <span class='ocrx_word' id='word_1_62' title='bbox 1034 678 1042 708; x_wconf 74' lang='grc' dir='ltr'><em>ἒ</em></span> 
     </span>
    </p>
   </div>
   <div class='ocr_carea' id='block_1_7' title="bbox 145 729 1045 1078">
    <p class='ocr_par' dir='ltr' id='par_1_7' title="bbox 145 729 1047 1078">
     <span class='ocr_line' id='line_1_8' title="bbox 182 729 1039 798; baseline 0.001 -12"><span class='ocrx_word' id='word_1_63' title='bbox 182 740 223 797; x_wconf 91' lang='lat' dir='ltr'>plis</span> <span class='ocrx_word' id='word_1_64' title='bbox 235 741 289 787; x_wconf 85' lang='lat' dir='ltr'>adeo</span> <span class='ocrx_word' id='word_1_65' title='bbox 301 759 324 787; x_wconf 89' lang='lat' dir='ltr'>se</span> <span class='ocrx_word' id='word_1_66' title='bbox 335 742 408 788; x_wconf 91' lang='lat' dir='ltr'>animo</span> <span class='ocrx_word' id='word_1_67' title='bbox 420 740 532 787; x_wconf 88' lang='lat' dir='ltr'>abiecisset</span> <span class='ocrx_word' id='word_1_68' title='bbox 544 729 607 797; x_wconf 88' lang='lat' dir='ltr'>quod</span> <span class='ocrx_word' id='word_1_69' title='bbox 616 740 766 798; x_wconf 85' lang='lat' dir='ltr'>philosophiae</span> <span class='ocrx_word' id='word_1_70' title='bbox 777 741 861 789; x_wconf 92' lang='lat' dir='ltr'>libellos</span> <span class='ocrx_word' id='word_1_71' title='bbox 873 754 894 789; x_wconf 88' lang='lat' dir='ltr'>et</span> <span class='ocrx_word' id='word_1_72' title='bbox 906 743 969 790; x_wconf 83' lang='lat' dir='ltr'>insti·</span> <span class='ocrx_word' id='word_1_73' title='bbox 1034 731 1039 764; x_wconf 48' lang='lat'>³</span> 
     </span>
     <span class='ocr_line' id='line_1_9' title="bbox 182 812 969 871; baseline 0.001 -12"><span class='ocrx_word' id='word_1_74' title='bbox 182 824 229 859; x_wconf 89' lang='lat' dir='ltr'>tuta</span> <span class='ocrx_word' id='word_1_75' title='bbox 243 824 349 866; x_wconf 80' lang='lat' dir='ltr'>tractaret,</span> <span class='ocrx_word' id='word_1_76' title='bbox 360 812 421 871; x_wconf 88' lang='lat' dir='ltr'>quasi</span> <span class='ocrx_word' id='word_1_77' title='bbox 431 824 495 870; x_wconf 90' lang='lat' dir='ltr'>turpe</span> <span class='ocrx_word' id='word_1_78' title='bbox 505 824 560 859; x_wconf 89' lang='lat' dir='ltr'>esset</span> <span class='ocrx_word' id='word_1_79' title='bbox 570 831 594 859; x_wconf 89' lang='lat' dir='ltr'>ac</span> <span class='ocrx_word' id='word_1_80' title='bbox 604 832 648 859; x_wconf 89' lang='lat' dir='ltr'>non</span> <span class='ocrx_word' id='word_1_81' title='bbox 658 812 731 860; x_wconf 90' lang='lat' dir='ltr'>liceret</span> <span class='ocrx_word' id='word_1_82' title='bbox 741 812 779 860; x_wconf 91' lang='lat' dir='ltr'>ulli</span> <span class='ocrx_word' id='word_1_83' title='bbox 789 814 869 861; x_wconf 91' lang='lat' dir='ltr'>versari</span> <span class='ocrx_word' id='word_1_84' title='bbox 879 814 902 861; x_wconf 93' lang='lat' dir='ltr'>in</span> <span class='ocrx_word' id='word_1_85' title='bbox 912 814 969 862; x_wconf 83' lang='lat' dir='ltr'>litte·</span> 
     </span>
     <span class='ocr_line' id='line_1_10' title="bbox 184 884 970 945; baseline 0.003 -14"><span class='ocrx_word' id='word_1_86' title='bbox 184 885 212 932; x_wconf 89' lang='lat' dir='ltr'>ris</span> <span class='ocrx_word' id='word_1_87' title='bbox 228 885 265 944; x_wconf 89' lang='lat' dir='ltr'>qui</span> <span class='ocrx_word' id='word_1_88' title='bbox 281 905 377 933; x_wconf 90' lang='lat' dir='ltr'>summos</span> <span class='ocrx_word' id='word_1_89' title='bbox 393 885 529 943; x_wconf 84' lang='lat' dir='ltr'>magistratus</span> <span class='ocrx_word' id='word_1_90' title='bbox 545 884 632 942; x_wconf 86' lang='lat' dir='ltr'>obisset.</span> <span class='ocrx_word' id='word_1_91' title='bbox 648 884 843 944; x_wconf 88' lang='lat' dir='ltr'>Reprehendebant</span> <span class='ocrx_word' id='word_1_92' title='bbox 858 886 893 935; x_wconf 90' lang='lat' dir='ltr'>alii</span> <span class='ocrx_word' id='word_1_93' title='bbox 909 887 970 945; x_wconf 90' lang='lat' dir='ltr'>quod</span> 
     </span>
     <span class='ocr_line' id='line_1_11' title="bbox 145 957 970 1015; baseline 0 -10"><span class='ocrx_word' id='word_1_94' title='bbox 145 958 171 1005; x_wconf 74' lang='lat'>10</span> <span class='ocrx_word' id='word_1_95' title='bbox 186 977 210 1005; x_wconf 91' lang='lat' dir='ltr'>ea</span> <span class='ocrx_word' id='word_1_96' title='bbox 225 957 327 1005; x_wconf 85' lang='lat' dir='ltr'>scriberet</span> <span class='ocrx_word' id='word_1_97' title='bbox 341 978 396 1015; x_wconf 92' lang='lat' dir='ltr'>quae</span> <span class='ocrx_word' id='word_1_98' title='bbox 409 958 578 1015; x_wconf 85' lang='lat' dir='ltr'>haudquaquam</span> <span class='ocrx_word' id='word_1_99' title='bbox 591 977 631 1004; x_wconf 92' lang='lat' dir='ltr'>suo</span> <span class='ocrx_word' id='word_1_100' title='bbox 644 978 656 1004; x_wconf 91' lang='lat' dir='ltr'>e</span> <span class='ocrx_word' id='word_1_101' title='bbox 670 957 730 1005; x_wconf 76' lang='lat' dir='ltr'>fonte</span> <span class='ocrx_word' id='word_1_102' title='bbox 743 958 819 1006; x_wconf 89' lang='lat' dir='ltr'>hausta</span> <span class='ocrx_word' id='word_1_103' title='bbox 832 960 871 1005; x_wconf 90' lang='lat' dir='ltr'>sed</span> <span class='ocrx_word' id='word_1_104' title='bbox 885 959 970 1006; x_wconf 90' lang='lat' dir='ltr'>dudum</span> 
     </span>
     <span class='ocr_line' id='line_1_12' title="bbox 183 1024 1045 1078; baseline 0.001 -1"><span class='ocrx_word' id='word_1_105' title='bbox 183 1029 227 1077; x_wconf 89' lang='lat' dir='ltr'>iam</span> <span class='ocrx_word' id='word_1_106' title='bbox 241 1027 330 1077; x_wconf 89' lang='lat' dir='ltr'>Graecis</span> <span class='ocrx_word' id='word_1_107' title='bbox 343 1049 355 1077; x_wconf 92' lang='lat' dir='ltr'>a</span> <span class='ocrx_word' id='word_1_108' title='bbox 368 1028 493 1077; x_wconf 89' lang='lat' dir='ltr'>doctoribus</span> <span class='ocrx_word' id='word_1_109' title='bbox 506 1041 527 1076; x_wconf 90' lang='lat' dir='ltr'>et</span> <span class='ocrx_word' id='word_1_110' title='bbox 539 1028 617 1076; x_wconf 88' lang='lat' dir='ltr'>tradita</span> <span class='ocrx_word' id='word_1_111' title='bbox 629 1024 750 1077; x_wconf 89' lang='lat' dir='ltr'>etinventa</span> <span class='ocrx_word' id='word_1_112' title='bbox 763 1043 842 1077; x_wconf 89' lang='lat' dir='ltr'>essent.</span> <span class='ocrx_word' id='word_1_113' title='bbox 860 1029 970 1078; x_wconf 82' lang='lat' dir='ltr'>Crimina-</span> <span class='ocrx_word' id='word_1_114' title='bbox 1041 1043 1045 1054; x_wconf 66' lang='lat'><em>³</em></span> 
     </span>
    </p>
   </div>
   <div class='ocr_carea' id='block_1_8' title="bbox 148 1101 1045 1380">
    <p class='ocr_par' dir='ltr' id='par_1_8' title="bbox 148 1101 1045 1380">
     <span class='ocr_line' id='line_1_13' title="bbox 185 1101 1044 1164; baseline 0.002 -15"><span class='ocrx_word' id='word_1_115' title='bbox 185 1101 263 1150; x_wconf 87' lang='lat' dir='ltr'>bantur</span> <span class='ocrx_word' id='word_1_116' title='bbox 277 1101 312 1150; x_wconf 87' lang='lat' dir='ltr'>alii</span> <span class='ocrx_word' id='word_1_117' title='bbox 328 1103 388 1161; x_wconf 90' lang='lat' dir='ltr'>quod</span> <span class='ocrx_word' id='word_1_118' title='bbox 402 1103 446 1150; x_wconf 89' lang='lat' dir='ltr'>suis</span> <span class='ocrx_word' id='word_1_119' title='bbox 457 1102 480 1150; x_wconf 91' lang='lat' dir='ltr'>in</span> <span class='ocrx_word' id='word_1_120' title='bbox 491 1101 580 1159; x_wconf 82' lang='lat' dir='ltr'>dialogis</span> <span class='ocrx_word' id='word_1_121' title='bbox 590 1101 737 1160; x_wconf 83' lang='lat' dir='ltr'>colloquentes</span> <span class='ocrx_word' id='word_1_122' title='bbox 748 1102 860 1151; x_wconf 90' lang='lat' dir='ltr'>induceret</span> <span class='ocrx_word' id='word_1_123' title='bbox 871 1103 969 1151; x_wconf 90' lang='lat' dir='ltr'>homines</span> <span class='ocrx_word' id='word_1_124' title='bbox 1043 1161 1044 1164; x_wconf 11' lang='grc' dir='ltr'><strong>Ἴ</strong></span> 
     </span>
     <span class='ocr_line' id='line_1_14' title="bbox 186 1174 1045 1235; baseline 0.001 -12"><span class='ocrx_word' id='word_1_125' title='bbox 186 1176 223 1234; x_wconf 88' lang='lat' dir='ltr'>qui</span> <span class='ocrx_word' id='word_1_126' title='bbox 238 1174 279 1223; x_wconf 91' lang='lat' dir='ltr'>illis</span> <span class='ocrx_word' id='word_1_127' title='bbox 295 1175 322 1223; x_wconf 89' lang='lat' dir='ltr'>de</span> <span class='ocrx_word' id='word_1_128' title='bbox 337 1175 401 1224; x_wconf 92' lang='lat' dir='ltr'>rebus</span> <span class='ocrx_word' id='word_1_129' title='bbox 416 1175 551 1233; x_wconf 89' lang='lat' dir='ltr'>disputarent</span> <span class='ocrx_word' id='word_1_130' title='bbox 570 1194 662 1234; x_wconf 90' lang='lat' dir='ltr'>quarum</span> <span class='ocrx_word' id='word_1_131' title='bbox 680 1176 721 1233; x_wconf 92' lang='lat' dir='ltr'>ipsi</span> <span class='ocrx_word' id='word_1_132' title='bbox 740 1189 777 1224; x_wconf 92' lang='lat' dir='ltr'>aut</span> <span class='ocrx_word' id='word_1_133' title='bbox 795 1176 863 1234; x_wconf 84' lang='lat' dir='ltr'>ignari</span> <span class='ocrx_word' id='word_1_134' title='bbox 882 1177 969 1235; x_wconf 89' lang='lat' dir='ltr'>penitus</span> <span class='ocrx_word' id='word_1_135' title='bbox 1044 1179 1045 1197; x_wconf 77' lang='lat'>³</span> 
     </span>
     <span class='ocr_line' id='line_1_15' title="bbox 184 1247 980 1307; baseline 0.003 -13"><span class='ocrx_word' id='word_1_136' title='bbox 184 1260 222 1294; x_wconf 88' lang='lat' dir='ltr'>aut</span> <span class='ocrx_word' id='word_1_137' title='bbox 233 1261 290 1295; x_wconf 86' lang='lat' dir='ltr'>certe</span> <span class='ocrx_word' id='word_1_138' title='bbox 302 1267 379 1305; x_wconf 89' lang='lat' dir='ltr'>parum</span> <span class='ocrx_word' id='word_1_139' title='bbox 390 1248 468 1295; x_wconf 87' lang='lat' dir='ltr'>eruditi</span> <span class='ocrx_word' id='word_1_140' title='bbox 481 1259 560 1295; x_wconf 82' lang='lat' dir='ltr'>essent.</span> <span class='ocrx_word' id='word_1_141' title='bbox 572 1247 632 1295; x_wconf 73' lang='lat' dir='ltr'>Alios</span> <span class='ocrx_word' id='word_1_142' title='bbox 644 1268 732 1306; x_wconf 91' lang='lat' dir='ltr'>quoque</span> <span class='ocrx_word' id='word_1_143' title='bbox 744 1267 769 1295; x_wconf 87' lang='lat' dir='ltr'>ac</span> <span class='ocrx_word' id='word_1_144' title='bbox 781 1248 856 1296; x_wconf 89' lang='lat' dir='ltr'>doctos</span> <span class='ocrx_word' id='word_1_145' title='bbox 868 1250 926 1307; x_wconf 73' lang='lat' dir='ltr'>uiros</span> <span class='ocrx_word' id='word_1_146' title='bbox 937 1249 980 1296; x_wconf 61' lang='lat' dir='ltr'>in-=</span> 
     </span>
     <span class='ocr_line' id='line_1_16' title="bbox 148 1319 970 1380; baseline 0.004 -13"><span class='ocrx_word' id='word_1_147' title='bbox 148 1319 172 1369; x_wconf 81' lang='grc'>15</span> <span class='ocrx_word' id='word_1_148' title='bbox 188 1333 263 1368; x_wconf 89' lang='lat' dir='ltr'>ventos</span> <span class='ocrx_word' id='word_1_149' title='bbox 278 1333 362 1369; x_wconf 88' lang='lat' dir='ltr'>constat</span> <span class='ocrx_word' id='word_1_150' title='bbox 376 1320 414 1379; x_wconf 91' lang='lat' dir='ltr'>qui</span> <span class='ocrx_word' id='word_1_151' title='bbox 434 1319 531 1368; x_wconf 89' lang='lat' dir='ltr'>dicerent</span> <span class='ocrx_word' id='word_1_152' title='bbox 550 1320 623 1378; x_wconf 88' lang='lat' dir='ltr'>ipsum</span> <span class='ocrx_word' id='word_1_153' title='bbox 643 1320 665 1367; x_wconf 90' lang='lat' dir='ltr'>in</span> <span class='ocrx_word' id='word_1_154' title='bbox 685 1321 843 1380; x_wconf 86' lang='lat' dir='ltr'>compositione</span> <span class='ocrx_word' id='word_1_155' title='bbox 863 1340 970 1380; x_wconf 84' lang='lat' dir='ltr'>peccasse.</span> 
     </span>
    </p>
   </div>
   <div class='ocr_carea' id='block_1_9' title="bbox 185 1392 1046 1524">
    <p class='ocr_par' dir='ltr' id='par_1_9' title="bbox 185 1392 1046 1524">
     <span class='ocr_line' id='line_1_17' title="bbox 188 1392 1044 1452; baseline 0.001 -12"><span class='ocrx_word' id='word_1_156' title='bbox 188 1392 228 1440; x_wconf 90' lang='lat' dir='ltr'>His</span> <span class='ocrx_word' id='word_1_157' title='bbox 243 1413 330 1451; x_wconf 92' lang='lat' dir='ltr'>nanque</span> <span class='ocrx_word' id='word_1_158' title='bbox 344 1393 449 1446; x_wconf 90' lang='lat' dir='ltr'>tumidus,</span> <span class='ocrx_word' id='word_1_159' title='bbox 464 1392 552 1447; x_wconf 75' lang='lat' dir='ltr'>tractus,</span> <span class='ocrx_word' id='word_1_160' title='bbox 569 1393 693 1440; x_wconf 88' lang='lat' dir='ltr'>redundans</span> <span class='ocrx_word' id='word_1_161' title='bbox 710 1413 756 1440; x_wconf 89' lang='lat' dir='ltr'>esse</span> <span class='ocrx_word' id='word_1_162' title='bbox 771 1406 837 1452; x_wconf 88' lang='lat' dir='ltr'>atque</span> <span class='ocrx_word' id='word_1_163' title='bbox 852 1394 875 1441; x_wconf 92' lang='lat' dir='ltr'>in</span> <span class='ocrx_word' id='word_1_164' title='bbox 891 1394 971 1452; x_wconf 88' lang='lat' dir='ltr'>repeti·</span> <span class='ocrx_word' id='word_1_165' title='bbox 1043 1394 1044 1397; x_wconf 29' lang='lat'>¹</span> 
     </span>
     <span class='ocr_line' id='line_1_18' title="bbox 185 1465 1046 1524; baseline 0.001 -11"><span class='ocrx_word' id='word_1_166' title='bbox 185 1466 244 1513; x_wconf 90' lang='lat' dir='ltr'>tione</span> <span class='ocrx_word' id='word_1_167' title='bbox 259 1467 339 1514; x_wconf 91' lang='lat' dir='ltr'>nimius</span> <span class='ocrx_word' id='word_1_168' title='bbox 354 1466 474 1514; x_wconf 89' lang='lat' dir='ltr'>videbatur.</span> <span class='ocrx_word' id='word_1_169' title='bbox 490 1465 550 1522; x_wconf 89' lang='lat' dir='ltr'>Quid</span> <span class='ocrx_word' id='word_1_170' title='bbox 563 1467 670 1513; x_wconf 71' lang='lat' dir='ltr'>dixerim?</span> <span class='ocrx_word' id='word_1_171' title='bbox 683 1465 819 1523; x_wconf 88' lang='lat' dir='ltr'>Compositio</span> <span class='ocrx_word' id='word_1_172' title='bbox 832 1466 889 1514; x_wconf 90' lang='lat' dir='ltr'>illius</span> <span class='ocrx_word' id='word_1_173' title='bbox 903 1467 971 1524; x_wconf 89' lang='lat' dir='ltr'>ipsius</span> <span class='ocrx_word' id='word_1_174' title='bbox 1045 1503 1046 1506; x_wconf 63' lang='lat'>,</span> 
     </span>
    </p>
   </div>
   <div class='ocr_carea' id='block_1_10' title="bbox 145 1538 976 2686">
    <p class='ocr_par' dir='ltr' id='par_1_10' title="bbox 187 1538 970 1597">
     <span class='ocr_line' id='line_1_19' title="bbox 187 1538 970 1597; baseline 0.003 -13"><span class='ocrx_word' id='word_1_175' title='bbox 187 1539 224 1595; x_wconf 90' lang='lat' dir='ltr'>qui</span> <span class='ocrx_word' id='word_1_176' title='bbox 239 1550 261 1585; x_wconf 90' lang='lat' dir='ltr'>et</span> <span class='ocrx_word' id='word_1_177' title='bbox 275 1538 438 1597; x_wconf 89' lang='lat' dir='ltr'>compositionis</span> <span class='ocrx_word' id='word_1_178' title='bbox 452 1550 473 1585; x_wconf 85' lang='lat' dir='ltr'>et</span> <span class='ocrx_word' id='word_1_179' title='bbox 487 1538 557 1586; x_wconf 92' lang='lat' dir='ltr'>omnis</span> <span class='ocrx_word' id='word_1_180' title='bbox 571 1538 706 1596; x_wconf 88' lang='lat' dir='ltr'>eloquentiae</span> <span class='ocrx_word' id='word_1_181' title='bbox 721 1538 810 1587; x_wconf 91' lang='lat' dir='ltr'>Latinae</span> <span class='ocrx_word' id='word_1_182' title='bbox 823 1551 855 1586; x_wconf 92' lang='lat' dir='ltr'>est</span> <span class='ocrx_word' id='word_1_183' title='bbox 869 1539 970 1596; x_wconf 85' lang='lat' dir='ltr'>magister</span> 
     </span>
    </p>

    <p class='ocr_par' dir='ltr' id='par_1_11' title="bbox 145 1609 976 2686">
     <span class='ocr_line' id='line_1_20' title="bbox 161 1609 972 1671; baseline 0.001 -13"><span class='ocrx_word' id='word_1_184' title='bbox 161 1663 163 1665; x_wconf 56' lang='grc'><strong>,</strong></span> <span class='ocrx_word' id='word_1_185' title='bbox 186 1631 210 1658; x_wconf 91' lang='lat' dir='ltr'>ac</span> <span class='ocrx_word' id='word_1_186' title='bbox 225 1610 325 1670; x_wconf 88' lang='lat' dir='ltr'>princeps</span> <span class='ocrx_word' id='word_1_187' title='bbox 339 1610 450 1671; x_wconf 87' lang='lat' dir='ltr'>propalam</span> <span class='ocrx_word' id='word_1_188' title='bbox 464 1609 497 1659; x_wconf 91' lang='lat' dir='ltr'>vel</span> <span class='ocrx_word' id='word_1_189' title='bbox 510 1611 569 1670; x_wconf 89' lang='lat' dir='ltr'>apud</span> <span class='ocrx_word' id='word_1_190' title='bbox 582 1631 633 1659; x_wconf 91' lang='lat' dir='ltr'>eum</span> <span class='ocrx_word' id='word_1_191' title='bbox 646 1611 719 1670; x_wconf 92' lang='lat' dir='ltr'>ipsum</span> <span class='ocrx_word' id='word_1_192' title='bbox 732 1623 753 1660; x_wconf 89' lang='lat' dir='ltr'>et</span> <span class='ocrx_word' id='word_1_193' title='bbox 765 1632 778 1659; x_wconf 90' lang='lat' dir='ltr'>a</span> <span class='ocrx_word' id='word_1_194' title='bbox 792 1609 859 1660; x_wconf 84' lang='lat' dir='ltr'>Calvo</span> <span class='ocrx_word' id='word_1_195' title='bbox 872 1623 894 1660; x_wconf 90' lang='lat' dir='ltr'>et</span> <span class='ocrx_word' id='word_1_196' title='bbox 907 1631 947 1660; x_wconf 91' lang='lat' dir='ltr'>suo</span> <span class='ocrx_word' id='word_1_197' title='bbox 960 1631 972 1659; x_wconf 87' lang='lat' dir='ltr'>a</span> 
     </span>
     <span class='ocr_line' id='line_1_21' title="bbox 145 1681 973 1742; baseline -0.001 -11"><span class='ocrx_word' id='word_1_198' title='bbox 145 1684 173 1732; x_wconf 81' lang='grc'>20</span> <span class='ocrx_word' id='word_1_199' title='bbox 188 1681 287 1731; x_wconf 78' lang='lat' dir='ltr'>familiari</span> <span class='ocrx_word' id='word_1_200' title='bbox 302 1683 369 1732; x_wconf 91' lang='lat' dir='ltr'>Bruto</span> <span class='ocrx_word' id='word_1_201' title='bbox 384 1682 512 1740; x_wconf 87' lang='lat' dir='ltr'>reprehensa</span> <span class='ocrx_word' id='word_1_202' title='bbox 529 1696 567 1732; x_wconf 92' lang='lat' dir='ltr'>est.</span> <span class='ocrx_word' id='word_1_203' title='bbox 585 1683 642 1732; x_wconf 90' lang='lat' dir='ltr'>Vitia</span> <span class='ocrx_word' id='word_1_204' title='bbox 658 1704 746 1742; x_wconf 89' lang='lat' dir='ltr'>quoque</span> <span class='ocrx_word' id='word_1_205' title='bbox 762 1683 864 1731; x_wconf 89' lang='lat' dir='ltr'>orationis</span> <span class='ocrx_word' id='word_1_206' title='bbox 881 1704 932 1730; x_wconf 90' lang='lat' dir='ltr'>suae</span> <span class='ocrx_word' id='word_1_207' title='bbox 948 1696 973 1730; x_wconf 91' lang='lat' dir='ltr'>ut</span> 
     </span>
     <span class='ocr_line' id='line_1_22' title="bbox 188 1754 972 1814; baseline 0.001 -13"><span class='ocrx_word' id='word_1_208' title='bbox 188 1756 269 1802; x_wconf 92' lang='lat' dir='ltr'>crimen</span> <span class='ocrx_word' id='word_1_209' title='bbox 291 1755 343 1803; x_wconf 89' lang='lat' dir='ltr'>locis</span> <span class='ocrx_word' id='word_1_210' title='bbox 357 1755 456 1814; x_wconf 90' lang='lat' dir='ltr'>pluribus</span> <span class='ocrx_word' id='word_1_211' title='bbox 470 1755 558 1803; x_wconf 75' lang='lat' dir='ltr'>Asinius</span> <span class='ocrx_word' id='word_1_212' title='bbox 572 1755 640 1803; x_wconf 90' lang='lat' dir='ltr'>Pollio</span> <span class='ocrx_word' id='word_1_213' title='bbox 654 1756 778 1804; x_wconf 73' lang='lat' dir='ltr'>insectatur,</span> <span class='ocrx_word' id='word_1_214' title='bbox 793 1755 915 1803; x_wconf 87' lang='lat' dir='ltr'>Martianus</span> <span class='ocrx_word' id='word_1_215' title='bbox 930 1754 972 1802; x_wconf 90' lang='lat' dir='ltr'>Ca·</span> 
     </span>
     <span class='ocr_line' id='line_1_23' title="bbox 187 1827 973 1886; baseline -0.001 -10"><span class='ocrx_word' id='word_1_216' title='bbox 187 1827 243 1886; x_wconf 91' lang='lat' dir='ltr'>pella</span> <span class='ocrx_word' id='word_1_217' title='bbox 257 1829 302 1877; x_wconf 87' lang='lat' dir='ltr'>suis</span> <span class='ocrx_word' id='word_1_218' title='bbox 316 1829 339 1877; x_wconf 88' lang='lat' dir='ltr'>in</span> <span class='ocrx_word' id='word_1_219' title='bbox 355 1829 444 1885; x_wconf 90' lang='lat' dir='ltr'>Nuptiis</span> <span class='ocrx_word' id='word_1_220' title='bbox 461 1828 592 1885; x_wconf 78' lang='lat' dir='ltr'>Philologiae</span> <span class='ocrx_word' id='word_1_221' title='bbox 608 1829 737 1876; x_wconf 87' lang='lat' dir='ltr'>rhetoricam</span> <span class='ocrx_word' id='word_1_222' title='bbox 753 1829 893 1877; x_wconf 89' lang='lat' dir='ltr'>introducens</span> <span class='ocrx_word' id='word_1_223' title='bbox 910 1829 973 1876; x_wconf 81' lang='lat' dir='ltr'>Cice-</span> 
     </span>
     <span class='ocr_line' id='line_1_24' title="bbox 188 1900 972 1959; baseline 0.001 -12"><span class='ocrx_word' id='word_1_224' title='bbox 188 1920 263 1948; x_wconf 90' lang='lat' dir='ltr'>ronem</span> <span class='ocrx_word' id='word_1_225' title='bbox 278 1901 359 1956; x_wconf 90' lang='lat' dir='ltr'>scribit,</span> <span class='ocrx_word' id='word_1_226' title='bbox 374 1901 413 1950; x_wconf 90' lang='lat' dir='ltr'>etsi</span> <span class='ocrx_word' id='word_1_227' title='bbox 429 1902 538 1949; x_wconf 86' lang='lat' dir='ltr'>maiestate</span> <span class='ocrx_word' id='word_1_228' title='bbox 553 1921 591 1950; x_wconf 88' lang='lat' dir='ltr'>sua</span> <span class='ocrx_word' id='word_1_229' title='bbox 605 1921 630 1949; x_wconf 93' lang='lat' dir='ltr'>ac</span> <span class='ocrx_word' id='word_1_230' title='bbox 644 1900 709 1959; x_wconf 83' lang='lat' dir='ltr'>longo</span> <span class='ocrx_word' id='word_1_231' title='bbox 724 1914 821 1959; x_wconf 90' lang='lat' dir='ltr'>tempore</span> <span class='ocrx_word' id='word_1_232' title='bbox 836 1900 972 1955; x_wconf 73' lang='lat' dir='ltr'>defendatur,</span> 
     </span>
     <span class='ocr_line' id='line_1_25' title="bbox 188 1973 973 2032; baseline -0.001 -11"><span class='ocrx_word' id='word_1_233' title='bbox 188 1974 352 2021; x_wconf 87' lang='lat' dir='ltr'>vitiosissimum</span> <span class='ocrx_word' id='word_1_234' title='bbox 366 1987 439 2021; x_wconf 90' lang='lat' dir='ltr'>tamen</span> <span class='ocrx_word' id='word_1_235' title='bbox 453 1973 476 2020; x_wconf 91' lang='lat' dir='ltr'>in</span> <span class='ocrx_word' id='word_1_236' title='bbox 491 1973 591 2020; x_wconf 89' lang='lat' dir='ltr'>clausulis</span> <span class='ocrx_word' id='word_1_237' title='bbox 615 1973 702 2032; x_wconf 89' lang='lat' dir='ltr'>reperiri</span> <span class='ocrx_word' id='word_1_238' title='bbox 725 1973 864 2032; x_wconf 90' lang='lat' dir='ltr'>eundemque</span> <span class='ocrx_word' id='word_1_239' title='bbox 886 1973 973 2020; x_wconf 91' lang='lat' dir='ltr'>turbare</span> 
     </span>
     <span class='ocr_line' id='line_1_26' title="bbox 148 2044 973 2103; baseline -0.002 -11"><span class='ocrx_word' id='word_1_240' title='bbox 148 2045 176 2093; x_wconf 81' lang='lat'>25</span> <span class='ocrx_word' id='word_1_241' title='bbox 191 2063 292 2092; x_wconf 89' lang='lat' dir='ltr'>numeros</span> <span class='ocrx_word' id='word_1_242' title='bbox 307 2045 401 2102; x_wconf 88' lang='lat' dir='ltr'>quadam</span> <span class='ocrx_word' id='word_1_243' title='bbox 416 2046 521 2101; x_wconf 83' lang='lat' dir='ltr'>permixta</span> <span class='ocrx_word' id='word_1_244' title='bbox 535 2044 662 2092; x_wconf 76' lang='lat' dir='ltr'>contusione</span> <span class='ocrx_word' id='word_1_245' title='bbox 677 2045 736 2093; x_wconf 83' lang='lat' dir='ltr'>dicit.</span> <span class='ocrx_word' id='word_1_246' title='bbox 752 2044 867 2092; x_wconf 87' lang='lat' dir='ltr'>Enimvero</span> <span class='ocrx_word' id='word_1_247' title='bbox 882 2045 920 2103; x_wconf 92' lang='lat' dir='ltr'>qui</span> <span class='ocrx_word' id='word_1_248' title='bbox 935 2044 973 2091; x_wconf 91' lang='lat' dir='ltr'>de-</span> 
     </span>
     <span class='ocr_line' id='line_1_27' title="bbox 188 2116 974 2176; baseline -0.001 -11"><span class='ocrx_word' id='word_1_249' title='bbox 188 2118 305 2172; x_wconf 88' lang='lat' dir='ltr'>traherent,</span> <span class='ocrx_word' id='word_1_250' title='bbox 320 2118 492 2173; x_wconf 87' lang='lat' dir='ltr'>criminarentur,</span> <span class='ocrx_word' id='word_1_251' title='bbox 505 2118 641 2175; x_wconf 87' lang='lat' dir='ltr'>increparent</span> <span class='ocrx_word' id='word_1_252' title='bbox 654 2138 725 2175; x_wconf 87' lang='lat' dir='ltr'>neque</span> <span class='ocrx_word' id='word_1_253' title='bbox 738 2116 816 2166; x_wconf 88' lang='lat' dir='ltr'>Cicero</span> <span class='ocrx_word' id='word_1_254' title='bbox 829 2138 869 2166; x_wconf 90' lang='lat' dir='ltr'>nec</span> <span class='ocrx_word' id='word_1_255' title='bbox 882 2118 974 2176; x_wconf 82' lang='lat' dir='ltr'>scriptor</span> 
     </span>
     <span class='ocr_line' id='line_1_28' title="bbox 190 2189 974 2249; baseline -0.001 -11"><span class='ocrx_word' id='word_1_256' title='bbox 190 2191 306 2249; x_wconf 89' lang='lat' dir='ltr'>quisquam</span> <span class='ocrx_word' id='word_1_257' title='bbox 320 2190 418 2249; x_wconf 86' lang='lat' dir='ltr'>quamvis</span> <span class='ocrx_word' id='word_1_258' title='bbox 440 2190 578 2239; x_wconf 90' lang='lat' dir='ltr'>doctissimus</span> <span class='ocrx_word' id='word_1_259' title='bbox 599 2190 674 2239; x_wconf 84' lang='lat' dir='ltr'>caruit.</span> <span class='ocrx_word' id='word_1_260' title='bbox 696 2189 758 2238; x_wconf 92' lang='lat' dir='ltr'>Hanc</span> <span class='ocrx_word' id='word_1_261' title='bbox 779 2191 845 2244; x_wconf 90' lang='lat' dir='ltr'>enim,</span> <span class='ocrx_word' id='word_1_262' title='bbox 867 2199 974 2248; x_wconf 89' lang='lat' dir='ltr'>quantum</span> 
     </span>
     <span class='ocr_line' id='line_1_29' title="bbox 189 2261 974 2321; baseline -0.001 -11"><span class='ocrx_word' id='word_1_263' title='bbox 189 2263 273 2321; x_wconf 91' lang='lat' dir='ltr'>opinor,</span> <span class='ocrx_word' id='word_1_264' title='bbox 288 2263 316 2311; x_wconf 88' lang='lat' dir='ltr'>ad</span> <span class='ocrx_word' id='word_1_265' title='bbox 343 2262 471 2311; x_wconf 88' lang='lat' dir='ltr'>criminandi</span> <span class='ocrx_word' id='word_1_266' title='bbox 485 2262 594 2310; x_wconf 90' lang='lat' dir='ltr'>licentiam</span> <span class='ocrx_word' id='word_1_267' title='bbox 607 2261 673 2310; x_wconf 90' lang='lat' dir='ltr'>trahit</span> <span class='ocrx_word' id='word_1_268' title='bbox 687 2262 766 2311; x_wconf 93' lang='lat' dir='ltr'>multos</span> <span class='ocrx_word' id='word_1_269' title='bbox 780 2262 869 2315; x_wconf 88' lang='lat' dir='ltr'>invidia.</span> <span class='ocrx_word' id='word_1_270' title='bbox 882 2261 974 2320; x_wconf 73' lang='lat' dir='ltr'>Aliquos</span> 
     </span>
     <span class='ocr_line' id='line_1_30' title="bbox 190 2334 975 2395; baseline 0.001 -12"><span class='ocrx_word' id='word_1_271' title='bbox 190 2356 244 2384; x_wconf 90' lang='lat' dir='ltr'>vana</span> <span class='ocrx_word' id='word_1_272' title='bbox 259 2336 365 2395; x_wconf 89' lang='lat' dir='ltr'>quaedam</span> <span class='ocrx_word' id='word_1_273' title='bbox 380 2335 493 2385; x_wconf 88' lang='lat' dir='ltr'>delectatio</span> <span class='ocrx_word' id='word_1_274' title='bbox 506 2335 587 2384; x_wconf 87' lang='lat' dir='ltr'>incitat.</span> <span class='ocrx_word' id='word_1_275' title='bbox 601 2334 661 2383; x_wconf 78' lang='lat' dir='ltr'>Alios</span> <span class='ocrx_word' id='word_1_276' title='bbox 675 2335 740 2383; x_wconf 89' lang='lat' dir='ltr'>stulta</span> <span class='ocrx_word' id='word_1_277' title='bbox 753 2335 814 2384; x_wconf 89' lang='lat' dir='ltr'>ducit</span> <span class='ocrx_word' id='word_1_278' title='bbox 827 2335 901 2394; x_wconf 91' lang='lat' dir='ltr'>opinio</span> <span class='ocrx_word' id='word_1_279' title='bbox 914 2336 975 2394; x_wconf 88' lang='lat' dir='ltr'>quod</span> 
     </span>
     <span class='ocr_line' id='line_1_31' title="bbox 148 2407 975 2467; baseline -0.001 -11"><span class='ocrx_word' id='word_1_280' title='bbox 148 2409 177 2467; x_wconf 76' lang='lat'>30</span> <span class='ocrx_word' id='word_1_281' title='bbox 191 2428 221 2464; x_wconf 87' lang='lat' dir='ltr'>se,</span> <span class='ocrx_word' id='word_1_282' title='bbox 236 2429 280 2467; x_wconf 92' lang='lat' dir='ltr'>quo</span> <span class='ocrx_word' id='word_1_283' title='bbox 291 2410 358 2467; x_wconf 84' lang='lat' dir='ltr'>magis</span> <span class='ocrx_word' id='word_1_284' title='bbox 369 2409 484 2463; x_wconf 89' lang='lat' dir='ltr'>detrahunt</span> <span class='ocrx_word' id='word_1_285' title='bbox 494 2408 547 2462; x_wconf 88' lang='lat' dir='ltr'>aliis,</span> <span class='ocrx_word' id='word_1_286' title='bbox 559 2429 584 2455; x_wconf 91' lang='lat' dir='ltr'>eo</span> <span class='ocrx_word' id='word_1_287' title='bbox 595 2408 701 2456; x_wconf 84' lang='lat' dir='ltr'>doctiores</span> <span class='ocrx_word' id='word_1_288' title='bbox 711 2407 779 2456; x_wconf 90' lang='lat' dir='ltr'>videri</span> <span class='ocrx_word' id='word_1_289' title='bbox 789 2427 814 2455; x_wconf 87' lang='lat' dir='ltr'>ac</span> <span class='ocrx_word' id='word_1_290' title='bbox 824 2408 901 2465; x_wconf 85' lang='lat' dir='ltr'>dignos</span> <span class='ocrx_word' id='word_1_291' title='bbox 911 2407 975 2455; x_wconf 90' lang='lat' dir='ltr'>laude</span> 
     </span>
     <span class='ocr_line' id='line_1_32' title="bbox 191 2480 975 2540; baseline -0.001 -10"><span class='ocrx_word' id='word_1_292' title='bbox 191 2482 266 2530; x_wconf 87' lang='lat' dir='ltr'>maiori</span> <span class='ocrx_word' id='word_1_293' title='bbox 281 2493 365 2540; x_wconf 89' lang='lat' dir='ltr'>putent.</span> <span class='ocrx_word' id='word_1_294' title='bbox 383 2483 440 2530; x_wconf 90' lang='lat' dir='ltr'>lnest</span> <span class='ocrx_word' id='word_1_295' title='bbox 454 2480 500 2529; x_wconf 88' lang='lat' dir='ltr'>aliis</span> <span class='ocrx_word' id='word_1_296' title='bbox 515 2492 574 2529; x_wconf 88' lang='lat' dir='ltr'>tanta</span> <span class='ocrx_word' id='word_1_297' title='bbox 588 2481 688 2529; x_wconf 89' lang='lat' dir='ltr'>severitas</span> <span class='ocrx_word' id='word_1_298' title='bbox 703 2500 728 2528; x_wconf 87' lang='lat' dir='ltr'>ac</span> <span class='ocrx_word' id='word_1_299' title='bbox 742 2480 845 2529; x_wconf 88' lang='lat' dir='ltr'>delicatus</span> <span class='ocrx_word' id='word_1_300' title='bbox 861 2492 936 2538; x_wconf 80' lang='lat' dir='ltr'>gustus</span> <span class='ocrx_word' id='word_1_301' title='bbox 950 2493 975 2529; x_wconf 85' lang='lat' dir='ltr'>ut</span> 
     </span>
     <span class='ocr_line' id='line_1_33' title="bbox 192 2552 975 2613; baseline -0.001 -11"><span class='ocrx_word' id='word_1_302' title='bbox 192 2554 280 2603; x_wconf 89' lang='lat' dir='ltr'>laudent</span> <span class='ocrx_word' id='word_1_303' title='bbox 294 2554 348 2603; x_wconf 90' lang='lat' dir='ltr'>nihil</span> <span class='ocrx_word' id='word_1_304' title='bbox 363 2554 423 2613; x_wconf 89' lang='lat' dir='ltr'>quod</span> <span class='ocrx_word' id='word_1_305' title='bbox 437 2566 497 2612; x_wconf 89' lang='lat' dir='ltr'>parte</span> <span class='ocrx_word' id='word_1_306' title='bbox 512 2555 571 2601; x_wconf 91' lang='lat' dir='ltr'>omni</span> <span class='ocrx_word' id='word_1_307' title='bbox 587 2573 631 2601; x_wconf 89' lang='lat' dir='ltr'>non</span> <span class='ocrx_word' id='word_1_308' title='bbox 646 2555 673 2601; x_wconf 90' lang='lat' dir='ltr'>sit</span> <span class='ocrx_word' id='word_1_309' title='bbox 688 2554 796 2611; x_wconf 88' lang='lat' dir='ltr'>optimum</span> <span class='ocrx_word' id='word_1_310' title='bbox 811 2552 975 2611; x_wconf 82' lang='lat' dir='ltr'>perfectumque</span> 
     </span>
     <span class='ocr_line' id='line_1_34' title="bbox 191 2624 976 2686; baseline -0.001 -11"><span class='ocrx_word' id='word_1_311' title='bbox 191 2647 277 2675; x_wconf 86' lang='lat' dir='ltr'>summe</span> <span class='ocrx_word' id='word_1_312' title='bbox 291 2639 356 2686; x_wconf 88' lang='lat' dir='ltr'>atque</span> <span class='ocrx_word' id='word_1_313' title='bbox 370 2626 533 2684; x_wconf 85' lang='lat' dir='ltr'>integerrimum</span> <span class='ocrx_word' id='word_1_314' title='bbox 554 2626 659 2674; x_wconf 88' lang='lat' dir='ltr'>videatur.</span> <span class='ocrx_word' id='word_1_315' title='bbox 681 2624 773 2684; x_wconf 74' lang='lat' dir='ltr'>Quippev</span> <span class='ocrx_word' id='word_1_316' title='bbox 791 2625 890 2674; x_wconf 89' lang='lat' dir='ltr'>omnium</span> <span class='ocrx_word' id='word_1_317' title='bbox 911 2645 976 2678; x_wconf 89' lang='lat' dir='ltr'>nemo</span> 
     </span>
    </p>
   </div>
   <div class='ocr_carea' id='block_1_11' title="bbox 190 2793 977 2843">
    <p class='ocr_par' dir='ltr' id='par_1_12' title="bbox 190 2793 977 2843">
     <span class='ocr_line' id='line_1_35' title="bbox 190 2793 977 2843; baseline -0.003 -8"><span class='ocrx_word' id='word_1_318' title='bbox 190 2797 440 2843; x_wconf 71' lang='lat' dir='ltr'>19.Qutnr.1nu.x11.t.22.</span> <span class='ocrx_word' id='word_1_319' title='bbox 492 2796 571 2833; x_wconf 82' lang='lat' dir='ltr'>20.1bid.</span> <span class='ocrx_word' id='word_1_320' title='bbox 617 2795 697 2833; x_wconf 78' lang='lat' dir='ltr'>zttbia.</span> <span class='ocrx_word' id='word_1_321' title='bbox 747 2793 977 2839; x_wconf 67' lang='lat' dir='ltr'>21.Mart.cap,517.519.</span> 
     </span>
    </p>
   </div>
   <div class='ocr_carea' id='block_1_12' title="bbox 190 2954 423 3001">
    <p class='ocr_par' dir='ltr' id='par_1_13' title="bbox 190 2954 423 3001">
     <span class='ocr_line' id='line_1_36' title="bbox 190 2954 423 3001; baseline -0.013 -1"><span class='ocrx_word' id='word_1_322' title='bbox 190 2955 222 3000; x_wconf 77' lang='lat'>33.</span> <span class='ocrx_word' id='word_1_323' title='bbox 237 2973 296 3000; x_wconf 92' lang='lat' dir='ltr'>nemo</span> <span class='ocrx_word' id='word_1_324' title='bbox 310 2962 323 3000; x_wconf 79' lang='lat' dir='ltr'>i.</span> <span class='ocrx_word' id='word_1_325' title='bbox 338 2976 362 3001; x_wconf 88' lang='lat' dir='ltr'>m.</span> <span class='ocrx_word' id='word_1_326' title='bbox 377 2954 423 2998; x_wconf 77' lang='lat' dir='ltr'>add.</span> 
     </span>
    </p>
   </div>
   <div class='ocr_carea' id='block_1_13' title="bbox 0 0 1060 3253">
    <p class='ocr_par' dir='ltr' id='par_1_14' title="bbox 0 0 1060 3253">
     <span class='ocr_line' id='line_1_37' title="bbox 0 0 1060 3253; baseline 0 0"><span class='ocrx_word' id='word_1_327' title='bbox 0 0 1060 3253; x_wconf 95' lang='lat' dir='ltr'> </span> 
     </span>
    </p>
   </div>
  </div>
 </body>
</html>
