2093 3253
132 186 172 230 222
440 203 531 232 srccoms
544 202 659 232 roaaurom

115 375 117 378 Α
173 335 227 364 num
242 316 265 363 in
273 335 350 364 manus
358 328 444 373 caperet
450 328 488 363 aut
501 315 556 374 quid
569 324 690 363 memoratu
702 316 795 373 dignum
801 316 894 371 audiret,
902 319 958 368 indi„

173 389 252 436 stincte
262 409 287 437 ac
298 387 423 448 promiscue
432 400 553 438 annotaret.
569 387 597 437 Et
612 388 718 449 quoniam
727 388 751 438 in
761 401 818 438 terra
828 389 901 439 Attica
911 391 957 443 lon·

159 493 162 497 >
173 464 267 521 gissimis
277 484 317 522 per
329 463 424 512 hiemem
435 462 536 513 noctibus
547 463 641 512 scribere
651 464 675 512 id
686 463 741 523 opus
752 465 830 523 coepit,
842 464 891 513 ideo
902 487 956 526 quos

174 535 241 584 libros
253 536 287 585 his
300 527 404 584 derebus
417 536 492 592 edidit,
505 536 612 585 Noctium
623 536 746 585 Atticarum
758 536 875 595 inscripsit.

149 610 161 657 5
220 608 306 666 Quibus
317 620 391 658 autem
402 609 502 664 ducibus,
514 609 574 669 quod
584 609 645 659 tenui
661 608 709 658 loco
720 622 776 659 esset
787 622 867 665 ortum,
879 609 958 662 Roma.

174 701 229 729 num
236 682 354 741 imperium
370 701 482 730 summurn
489 682 517 730 ad
524 700 598 730 rerum
605 681 692 730 culmen
699 682 804 736 ascendit,
812 681 863 730 Sex.
872 682 956 738 Rullus,

174 752 207 799 vir
220 754 297 814 utique
311 754 422 802 Romanus
436 774 460 801 ac
474 753 600 808 consularis,
614 775 660 803 uno
673 752 729 802 libro
742 753 771 801 ad
784 751 958 804 Valentinianum
1019 764 1030 781 ¹

174 826 300 884 Augustum
312 825 406 874 breviter
417 845 443 873 ac
455 824 524 873 multo
537 826 668 885 compendio
681 825 815 875 memoravit.
829 825 888 875 Vixit
900 828 957 877 enim

174 917 226 948 cum
240 899 356 957 imperaret
366 897 538 946 Valentinianus.
550 898 616 947 Hunc
626 892 678 947 vero
689 897 770 946 librum
780 918 805 946 ea
815 918 867 946 cum
877 900 958 949 ratione

136 973 162 1019 l0
176 972 270 1031 scripsit,
286 984 310 1021 ut
325 972 364 1029 qui
379 992 430 1019 eum
445 971 517 1019 videat
532 972 606 1028 paucis
622 970 727 1028 intelligat
741 990 836 1030 quorum
851 972 957 1029 auspiciis,

174 1043 250 1099 ductu,
258 1044 339 1093 virtute
346 1044 375 1091 sit
382 1043 471 1101 quaevis
479 1045 577 1101 gentium
584 1044 644 1101 regio
651 1044 693 1091 sub
700 1044 777 1101 iugum
785 1044 850 1091 missa
857 1063 883 1092 ac
891 1044 957 1092 dicio·

175 1116 209 1165 nis
220 1116 330 1166 Romanae
341 1114 405 1165 lacta.
417 1114 464 1165 Hac
475 1115 565 1176 quidem
576 1116 603 1166 de
614 1135 637 1165 re
648 1116 677 1165 ita
688 1115 773 1165 locutus
790 1130 822 1166 est
833 1116 894 1175 quod
909 1110 958 1167 eum
1020 1109 1031 1160 a}

176 1191 214 1250 qui
229 1191 285 1250 legat
293 1211 316 1239 se
324 1211 368 1239 non
376 1203 421 1238 tam
428 1189 500 1249 legere
506 1203 577 1239 tantae
585 1190 645 1239 urbis
653 1203 720 1248 gesta,
734 1211 789 1250 quae
797 1189 889 1240 illustria
902 1205 958 1240 certe

177 1276 228 1311 sunt
238 1277 259 1311 et
269 1263 343 1317 multa,
354 1283 420 1321 quam
430 1281 543 1311 numerare
552 1275 621 1320 putet.
1022 1306 1035 1329 a

137 1337 162 1386 15
220 1335 327 1396 [qualem
342 1334 392 1384 Sex.
409 1334 487 1384 Ruffus
498 1334 574 1384 lrabuit
585 1334 723 1394 Eutropium,
734 1336 805 1385 virum
816 1336 900 1395 quippe
910 1357 959 1385 cum

178 1427 256 1467 genere
265 1422 313 1458 tum
323 1407 399 1458 litteris
408 1421 474 1465 atque
483 1408 548 1456 armis
557 1407 769 1465 egregium-Memfi
779 1408 814 1455 hic
823 1408 865 1456 sub
876 1408 958 1457 luliano
1024 1444 1035 1462 r

145 1474 147 1477 Α
177 1482 268 1530 Caesare
283 1481 321 1529 illo
336 1482 384 1539 ipso
400 1500 466 1539 quem
477 1480 585 1538 religionis
597 1480 733 1529 Christianae
748 1481 789 1528 viri
802 1493 923 1539 apostatam
932 1482 960 1529 ob

177 1553 278 1604 violatam
289 1552 404 1604 hortodoxi
416 1553 510 1603 nominis
521 1552 588 1602 fidem
598 1566 683 1608 vocant,
695 1566 761 1612 atque
771 1552 813 1602 sub
823 1573 850 1602 eo
859 1566 913 1602 tunc
923 1555 960 1602 stin
1025 1549 1035 1571 ⁴

177 1628 257 1687 pendia
270 1627 322 1677 lecit
336 1647 387 1676 cum
401 1626 483 1676 bellum
497 1626 533 1675 ille
551 1640 656 1686 apparatu
670 1627 752 1686 ingenti
766 1626 851 1676 Parthis
864 1625 960 1676 inferret.

134 1702 163 1749 20
178 1701 214 1749 Ad
227 1701 309 1749 litteras
318 1719 376 1754 vero,
386 1702 410 1747 in
419 1700 499 1758 quibus
508 1700 595 1748 assidue
604 1713 625 1747 et
634 1712 741 1758 quantum
750 1712 823 1758 posset
838 1719 864 1748 ex
873 1701 961 1758 negocio

176 1786 304 1828 versaretur,
316 1772 398 1821 librum
409 1772 436 1821 de
447 1773 586 1833 grammatica
596 1770 655 1822 lecit.
666 1771 703 1822 Ad
713 1771 825 1823 historiam
835 1786 909 1823 autem
919 1772 961 1822 iam

176 1867 242 1897 senex
249 1846 319 1897 lactus
333 1846 402 1895 edidit
412 1846 479 1895 libros
487 1846 570 1901 decem,
578 1846 616 1906 qui
624 1858 676 1895 sunt
683 1846 712 1895 ad
719 1867 786 1906 quem
793 1847 836 1895 iam
844 1846 960 1908 nominavi,

176 1920 354 1968 Valentinianum
369 1919 502 1976 Augustum,
519 1919 625 1976 inscripti.
642 1918 735 1965 Orditur
751 1918 841 1975 quidem
858 1918 934 1976 priscis
950 1938 961 1965 a

177 1991 264 2051 regibus
280 1992 332 2039 lano
346 2003 367 2038 et
382 1991 483 2045 Saturno,
503 2010 558 2049 quos
572 1990 669 2048 primum
688 1990 711 2038 in
724 2002 781 2039 terra
796 1989 857 2039 ltalia
871 1989 960 2039 rudibus

135 2065 163 2114 25
178 2064 250 2114 adhuc
265 2063 352 2124 populis
366 2083 466 2123 regnasse
480 2062 559 2113 lerunt.
575 2063 617 2111 Res
631 2064 683 2112 inde
696 2063 805 2112 Romanas
818 2063 913 2113 scribere
926 2084 961 2121 ag·
1031 2056 1035 2077 s

177 2157 270 2194 gressus,
278 2158 333 2195 quae
340 2137 363 2184 in
370 2132 465 2193 negociis
474 2150 495 2183 et
506 2135 588 2183 bellicis
597 2149 618 2183 et
624 2135 725 2184 civilibus
731 2137 799 2193 magis
806 2135 898 2184 illustria
902 2136 961 2185 vide·

177 2211 264 2264 bantur,
275 2210 323 2269 ipsa
333 2208 361 2257 ab
372 2207 427 2257 urbe
437 2207 525 2256 condita
535 2207 558 2256 in
571 2208 709 2257 lovinianum
719 2229 797 2266 usque,
809 2208 847 2267 qui
857 2209 914 2258 inter
927 2208 962 2256 lu·

178 2283 260 2333 lianum
270 2296 292 2332 et
302 2280 480 2332 Valentinianum
490 2281 575 2330 medius
586 2282 708 2341 imperavit,
718 2299 757 2341 per
768 2281 868 2331 ordinem
875 2277 963 2341 tempo·
1029 2284 1032 2318 ἱ

177 2376 227 2406 rum
238 2357 298 2405 brevi
309 2357 432 2404 narratione
442 2355 535 2413 collegit,
546 2367 571 2403 ut
580 2376 635 2413 quae
646 2353 741 2413 populus
752 2354 864 2403 Romanus
874 2368 912 2403 aut
922 2353 962 2402 sub

136 2426 165 2478 30
180 2430 267 2488 regibus
276 2442 314 2478 aut
323 2428 365 2478 sub
374 2427 500 2476 consulibus
509 2427 577 2476 libera
586 2428 672 2476 civitate
680 2440 718 2476 aut
727 2427 769 2476 sub
778 2426 908 2476 Caesaribus
916 2447 963 2484 ges·

178 2504 212 2558 sit,
228 2523 253 2551 ea
267 2500 399 2561 compendio
414 2513 510 2550 enarrata
527 2500 568 2549 sub
585 2498 654 2549 oculis
671 2500 751 2549 videas.
1031 2492 1047 2502 ‘¹

220 2576 316 2634 Vestigia
327 2575 372 2623 eius
384 2587 470 2623 secutus
482 2587 514 2622 est
524 2573 603 2622 Paulus
615 2573 734 2621 Diaconus.
746 2574 819 2621 Libris
830 2575 870 2621 iste
881 2573 919 2631 qui
930 2592 963 2619 es¹

133 2697 135 2702 ,
178 2661 226 2698 sent
241 2648 327 2698 dudum
341 2647 391 2696 ante
402 2646 430 2696 ab
443 2645 549 2705 Eutropio
561 2645 635 2705 scripti
648 2657 732 2704 septem
744 2645 829 2695 adiecit.
845 2645 894 2695 Pari
906 2644 964 2694 enim
1032 2653 1047 2696 t

178 2721 283 2772 brevitate
294 2720 378 2770 orditur
389 2720 437 2778 ipso
447 2717 485 2768 illo
495 2739 507 2767 a
518 2717 670 2768 Valentiniano
681 2719 719 2777 qui
737 2719 849 2768 loviniano
860 2716 963 2768 successit
1032 2720 1045 2781 l

193 2904 223 2950 13.
236 2914 278 2948 tam
291 2921 336 2948 sscr.
392 2901 424 2947 33.
438 2900 504 2945 Primo
523 2900 594 2945 adiecit
612 2907 688 2954 scripsit
707 2899 732 2949 O,
752 2899 820 2944 deinde
839 2906 859 2945 in
878 2898 963 2954 adijecit,
1033 2917 1045 2959 [

134 2980 229 3024 postremo
244 2976 263 3015 in
278 2968 350 3015 adiecit
364 2986 412 3014 corr.
1033 2958 1042 2979 ⁷¹
