2093 3253
148 207 191 254 19ἳἸ
435 204 436 208 ’
452 220 544 251 sicconis
558 220 674 252 roccmour

183 337 244 401 dicia
255 337 347 386 vendere
358 335 476 390 didicisset,
487 348 512 383 ut
522 336 560 394 qui
571 354 620 384 reus
630 348 686 384 esset
696 352 746 384 vere
756 347 777 383 et
788 334 923 396 damnandus
934 337 976 387 cir.

189 410 347 460 cumstantibus
357 409 474 462 videretur,
485 410 503 456 is
513 409 594 457 iudicio
604 408 669 457 luerit
677 408 789 456 absolutus
799 421 820 456 et
830 408 884 456 liber
893 409 977 465 abierit,

190 481 228 532 Est
241 495 313 545 tamen
327 482 435 530 accusatio
449 482 496 539 ipsa
509 481 590 529 nobilis
604 481 648 530 visa
662 500 702 530 nec
716 480 802 529 Caesari
816 482 875 540 apud
889 501 925 531 eos
939 487 977 542 qui

190 568 261 605 essent
272 573 345 613 graves
357 566 378 602 et
389 553 441 602 boni
453 554 510 603 cives
522 555 636 602 minimam
647 553 734 602 laudem
742 552 802 603 lecit.
814 553 909 603 Tantam
919 557 977 608 enim

163 629 176 677 5
192 648 257 690 spem·
272 629 299 676 de
317 647 341 676 se
359 626 498 675 audientibus
516 627 593 675 tribuit
612 626 673 685 quod
691 627 788 684 patronis
802 627 879 676 etiam·
890 629 977 685 optimis

191 713 319 764 aequaretur
330 720 370 748 nec
382 699 482 754 dubium,
495 700 520 754 si,
532 712 558 748 ut
569 712 676 758 coeperat,
688 717 777 758 operam
788 711 887 749 navasset
897 699 946 750 loro
958 716 978 752 et

191 775 288 838 oratoriis
306 773 417 828 institutis,
436 772 497 832 quod
515 785 589 832 presto
606 779 644 821 aut
662 772 764 821 omnibus
782 774 883 822 anteisset
901 787 938 822 aut
956 796 977 825 se

160 836 161 839 Ἴ
191 846 316 894 melioribus
330 846 477 902 adaequasset.

236 918 285 978 lpse
298 929 372 967 autem
386 936 521 977 quamquam
534 917 644 966 bonorum
658 916 739 966 civium
753 916 834 966 iudicio
848 916 977 976 laudaretur,

152 993 180 1042 ll)
195 1004 267 1041 tamen
279 993 310 1041 ira
321 1003 343 1041 et
354 991 438 1050 pudore
450 990 555 1047 suffusus,
566 989 626 1050 quod
637 1012 649 1040 a
661 1011 724 1040 causa
736 990 868 1046 caecidisset,
881 992 979 1050 navigare

194 1065 297 1112 Rhodum
310 1065 410 1118 instituit,
424 1076 472 1112 tum
485 1076 510 1112 ut
522 1063 613 1121 paulum
627 1063 731 1111 malivolis
744 1082 769 1110 ac
782 1063 932 1113 deridentibus
944 1084 978 1113 ce·

194 1137 261 1200 deret,
277 1149 325 1186 tum
340 1148 364 1185 ut
380 1157 435 1195 quae
449 1137 501 1185 artis
517 1136 621 1185 oratoriae
637 1136 709 1184 minus
724 1135 807 1194 integre
822 1135 941 1192 didicisset,
956 1158 979 1187 ea

194 1229 281 1258 summo
292 1210 334 1258 sub
346 1210 455 1267 magistro,
468 1209 585 1266 Apollonio
599 1209 697 1262 llllolone,
709 1209 804 1267 negociis
816 1209 905 1257 caeteris
917 1210 979 1258 abso-
1026 1213 1032 1255 ἶ

194 1281 252 1331 lutus
266 1296 288 1331 et
300 1282 373 1345 animo
387 1281 441 1329 liber
453 1281 546 1330 audiret.
560 1280 620 1329 Tum
633 1281 724 1340 quidem
737 1282 808 1330 evenit
821 1281 878 1331 lorte
890 1295 915 1331 ut
929 1283 980 1331 civi·

155 1356 180 1404 15
196 1367 250 1403 tates
263 1355 373 1408 Graeciae,
386 1374 442 1412 quae
454 1355 527 1412 ipsum
539 1355 562 1402 in
575 1373 639 1402 causa
651 1353 778 1402 Dolabellae
788 1356 920 1415 testimoniis
932 1355 980 1414 plu·

195 1429 255 1476 rimis
268 1429 412 1481 adiuvassent‚
427 1427 486 1475 diem
500 1426 541 1475 sub
556 1425 590 1475 M.
606 1426 705 1481 Lucullo,
720 1425 862 1476 Macedoniae
876 1440 979 1487 praetore,
1029 1484 1041 1501 k

195 1501 291 1551 dicerent
304 1502 327 1551 P.
341 1501 444 1555 Antonio,
459 1500 519 1558 quod
532 1500 639 1558 susceptis
653 1499 801 1557 largitionibus
814 1501 894 1549 iudicia
907 1521 980 1551 corru-

195 1574 269 1631 pisset.
285 1573 325 1621 His
340 1572 419 1620 Caesar
433 1571 544 1620 beneficiis
560 1590 644 1619 memor
658 1591 705 1619 sese
719 1571 776 1619 ultro
790 1585 906 1635 patronum
921 1573 980 1621 exhi·

196 1644 244 1694 buit
257 1658 322 1704 atque
334 1657 420 1693 tantum
433 1644 512 1693 evaluit
525 1644 566 1692 ista
578 1645 601 1691 in
614 1663 678 1692 causa
691 1644 751 1702 quod
764 1657 823 1693 metu
836 1658 923 1695 coactus
936 1645 981 1695 An·
1028 1641 1044 1698 ἶῖἓ

152 1718 183 1766 20
197 1718 269 1765 tonius
283 1718 404 1776 provocarit
416 1716 444 1764 ad
457 1716 571 1764 tribunum
585 1715 661 1774 plebis,
675 1736 749 1764 secum
762 1717 837 1774 inique
849 1731 924 1766 actum
936 1717 982 1767 esse

196 1803 350 1844 commentans,
364 1789 381 1836 si
394 1808 445 1837 curn
458 1787 547 1851 Graecis
560 1788 633 1846 ipsum
646 1788 765 1846 disceptare
778 1789 801 1837 in
814 1788 905 1839 Graecia
917 1809 981 1851 opor·
1032 1784 1046 1827 js}

196 1874 258 1911 teret.
1037 1925 1038 1928 Ἴ

239 1936 344 1984 Reversus
355 1947 429 1982 autem
441 1935 464 1981 in
476 1933 555 1981 urbem
567 1933 646 1981 Caesar
659 1933 756 1982 animum
768 1930 891 1984 ad'curiam
903 1948 925 1985 et
938 1956 982 1985 ma·
1030 1950 1039 1984 3·

198 2008 297 2066 gistratus
312 2008 377 2058 flexit.
392 2006 488 2066 Operam
505 2026 556 2056 vero
574 2006 623 2055 loro
641 2007 713 2056 minus
731 2007 841 2056 assiduam
859 2030 926 2068 quam
944 2010 983 2058 bo·

154 2079 184 2128 25
200 2091 283 2128 nestam
298 2079 364 2128 dedit.
384 2077 465 2127 Causas
483 2091 557 2127 tamen
576 2078 682 2137 quasdam
700 2079 830 2139 easdemque
849 2080 943 2130 illustres
962 2093 983 2130 et

198 2172 286 2209 magnas
300 2153 343 2210 egit
357 2171 427 2208 neque
441 2169 492 2199 vero
505 2170 619 2208 nunquam
637 2152 675 2209 qui
694 2150 842 2201 adversaretur
856 2153 932 2203 habuit
946 2153 983 2202 Ci-

198 2242 305 2273 ceronem.
321 2222 457 2273 Florescebat
476 2224 567 2283 quidem
585 2236 638 2272 tunc
656 2223 734 2272 Cicero
752 2225 774 2273 in
793 2224 848 2286 loro.
862 2225 894 2275 Ex
905 2227 983 2285 magis·

199 2297 289 2344 tratibus
316 2314 367 2345 vero
391 2295 487 2353 primum
506 2295 607 2343 tribunus
627 2295 722 2344 militum
740 2309 824 2346 creatus
845 2311 877 2346 est
898 2298 983 2348 Cassan

198 2368 264 2417 Tunc
273 2389 328 2427 quae
336 2367 401 2416 Marii
411 2368 478 2425 signa,
487 2379 575 2422 statuas,
584 2367 674 2426 trophea
682 2368 786 2419 dictatore
793 2390 806 2418 a
814 2370 873 2429 Sylla
881 2391 955 2421 eversa
963 2383 984 2420 et
1032 2364 1046 2432 {⁵

155 2441 187 2490 30
201 2454 307 2499 prostrata
318 2453 384 2496 erant,
396 2460 421 2489 ea
432 2441 478 2489 iure
489 2460 529 2489 suo
540 2441 607 2489 erexit
618 2452 640 2488 et
650 2460 695 2500 quo
706 2440 792 2491 luerant
802 2443 825 2492 in
837 2443 884 2493 loco
895 2465 934 2493 sua
945 2464 984 2502 pro

200 2515 302 2572 dignitate
313 2513 416 2573 reposuit.
427 2513 479 2562 Post
489 2512 626 2562 tribunatum
636 2512 866 2574 quaestor'Hispaniae
876 2516 984 2566 ulterioris

163 2594 164 2597 ’
199 2587 248 2635 luit.
257 2587 424 2644 Cogitassetum
432 2587 529 2645 primum
537 2587 696 2644 dearripiendo
704 2587 900 2653 imperioRomano
909 2589 983 2642 lertur.

161 2687 163 2691 ·
200 2660 260 2717 quod
274 2660 367 2718 imagine
382 2658 498 2723 Alexandri
514 2657 598 2715 Magni,
614 2677 676 2716 quae*
685 2671 740 2707 esset
755 2658 894 2717 proforibus
909 2660 984 2720 templi

201 2730 984 2791 HerculisapudGades,visasesetacitusincreparetatqueinlremeret,

160 2831 304 2839 ----,.

196 2866 223 2904 27ι
237 2866 282 2904 Suet.
295 2867 327 2906 lul.
340 2865 356 2903 5.
406 2865 435 2903 51.
447 2865 494 2903 Suet.
506 2865 538 2903 lot.
551 2864 568 2903 7.

157 2946 304 2954 *—

203 2981 233 3026 10.
247 2982 286 3026 Pro
300 2979 409 3026 cecidisset.
464 2978 497 3044 ΖΙ,
510 2978 585 3030 sipost
600 2978 617 3022 si
630 2991 674 3030 exp·
730 2979 984 3027 232e8tCaesar1',r,'
1037 2960 1044 2996 -ζ-
