2093 3253
165 173 204 219 356
467 190 559 225 siccatus
573 192 690 223 roramour

207 302 322 361 pelleretur
336 303 390 351 urbe
401 303 477 362 plenus
487 305 591 362 angustiis
601 304 714 360 laboraret,
725 306 796 354 visum
805 319 837 354 est
847 325 886 364 per
896 307 991 364 quietem

209 376 283 424 videre
291 375 380 424 fratrem
386 376 420 425 M.
427 375 555 425 Ciceronem
564 378 726 438 obequitantem
734 398 785 427 casu
794 378 912 427 maximum
919 379 943 428 in
950 378 991 429 llu-

210 468 259 497 men
275 449 350 507 mergi;
362 449 501 509 eundemque
511 470 562 499 cum
573 451 650 510 perdiu
662 451 795 510 apparuisset
818 471 932 511 nusquam,
944 464 991 501 tan-

209 522 259 571 dem
275 522 352 570 eodem
367 542 424 580 equo
439 522 570 573 insidentem
585 524 608 572 in
624 525 694 582 ripam
708 524 798 572 alteram
813 524 942 581 ascendisse
958 545 991 574 se-

181 595 193 644 5
210 616 259 654 que,
275 595 313 654 qui
327 596 423 655 periculo
436 596 493 646 illius
507 598 604 658 primurn
617 598 690 649 animo
702 599 769 649 tristis
783 612 845 655 esset,
860 598 939 648 deinde
948 596 991 648 ira-

207 682 239 715 tre
252 669 352 717 restituto
364 670 472 725 letaretur,
486 672 560 719 stricte
572 671 600 720 ob
614 685 712 721 mutuam
720 672 813 720 leticiam
820 671 921 730 amplecti
930 692 991 720 exos-

208 740 325 800 cularique.
343 742 369 791 ld
383 742 494 793 somnium
507 744 572 803 periti
585 744 649 794 Asiae
661 745 760 804 punctim
773 745 804 794 uti
817 744 859 794 luit
874 756 949 804 postea
964 745 992 794 ita

207 813 307 864 futurum
321 815 443 873 praedicere
458 817 592 879 interpretati
608 830 666 873 sunt.

249 885 329 935 Noster
344 901 417 937 autem
425 884 502 937 Cicero
510 889 584 938 relicta
591 890 635 938 iarn
642 891 697 939 urbe
705 892 759 939 dum
767 892 789 939 in
797 891 846 940 villa
855 892 925 949 campi
934 892 990 940 Atti-

168 960 193 1010 to
209 961 263 1010 natis
272 979 323 1010 cum
331 961 407 1010 itinere
415 972 463 1011 tum
471 961 535 1021 longa
543 961 615 1022 vigilia
623 961 724 1023 latigatus
732 962 801 1013 altum
809 963 837 1012 ad
845 962 913 1012 solem
922 983 990 1024 usque

206 1047 280 1083 contra
291 1034 380 1083 solitum
390 1035 530 1091 obdormiret,
542 1032 657 1084 somniavit
667 1037 741 1085 videre
751 1038 916 1085 conterraneum
926 1058 991 1086 suurn

207 1106 232 1153 C.
249 1105 352 1159 Marium,
365 1124 432 1163 quem
443 1124 518 1153 senem
529 1105 611 1154 viderat
622 1105 747 1154 adolescens
759 1105 894 1155 consularem
909 1106 990 1165 quippe

206 1198 231 1226 ac
245 1176 399 1235 triumphalem
413 1177 491 1232 virum,
506 1177 585 1236 quibus
596 1177 678 1227 solebat
688 1179 720 1226 uti
731 1178 805 1227 vivens
815 1178 914 1227 laureatis
924 1179 990 1238 insig-

208 1251 271 1301 nibus
290 1262 424 1299 exornatum.
445 1249 466 1299 ls
484 1249 604 1305 videbatur,
628 1250 688 1310 quod
711 1251 839 1310 interogaret
863 1250 990 1301 Ciceronem

168 1326 192 1374 15
208 1345 263 1384 quae
278 1324 319 1372 sibi
329 1343 393 1372 causa
402 1323 493 1381 vagandi
503 1324 587 1372 deserta
597 1342 635 1382 per
645 1323 692 1372 loca
701 1344 726 1372 ac
735 1323 808 1373 vultus
817 1324 917 1373 tristioris
927 1339 989 1380 esset,

208 1397 287 1444 deinde
301 1415 352 1443 cum
367 1414 413 1443 rern
429 1409 548 1444 enarratam
563 1396 665 1450 audisset,
682 1397 769 1444 iussisse
785 1397 836 1444 boni
852 1397 918 1445 animi
936 1412 990 1445 esset

208 1487 302 1530 moxque
315 1467 402 1516 dextera
415 1466 543 1515 Ciceronem
556 1467 696 1527 prehendisse
709 1488 782 1522 manu;
795 1468 927 1526 prehensum
940 1489 990 1517 vero
1009 1482 1011 1485 ’

207 1554 231 1590 ut
246 1562 311 1590 suum
325 1541 348 1589 in
363 1553 531 1589 monumentum
540 1541 654 1589 duceretur
663 1542 733 1589 lictori
743 1541 828 1590 dedisse
837 1554 902 1600 atque
912 1543 990 1591 dixisse

208 1635 269 1672 spem
283 1614 314 1661 ibi
329 1614 403 1661 salutis
419 1633 472 1662 esse.
488 1613 549 1670 Quae
565 1627 640 1671 postea
654 1614 772 1662 excitatoa
787 1614 892 1662 Cicerone
907 1629 990 1663 narrata

165 1687 193 1735 20
209 1685 311 1735 Sallustio
324 1698 346 1734 et
361 1685 449 1734 caeteris
461 1685 498 1745 qui
510 1685 658 1746 ennecessariis
669 1685 758 1734 aderant
769 1705 831 1745 spem
842 1685 923 1735 bonam
934 1686 990 1736 redi-

207 1773 242 1808 tus
257 1772 278 1809 et
293 1759 379 1819 gloriosi
393 1772 414 1807 et
423 1759 502 1807 celeris
515 1759 645 1807 tribuerunt.
659 1759 754 1808 Eventus
768 1770 841 1807 autem
854 1779 900 1808 rem
913 1760 990 1808 certio·

208 1852 254 1882 rem
268 1830 326 1881 lecit.
342 1830 400 1881 Nam
410 1833 433 1880 in
443 1832 496 1881 aede
509 1832 572 1888 lovis,
584 1852 650 1891 quam
661 1832 783 1882 Marianam
793 1832 833 1882 hoc
844 1832 886 1882 isto
896 1852 908 1881 a
919 1832 990 1882 Mario

208 1907 351 1960 nominarent,
366 1904 448 1953 lactum
459 1918 545 1953 senatus
555 1905 680 1953 consultum
689 1917 714 1953 ut
724 1905 801 1953 Cicero
811 1905 890 1970 rediret
900 1918 990 1953 constat.

250 1977 366 2027 Caeterum
380 1990 522 2037 posteaquam
533 1977 601 2026 libere
612 1977 646 2035 agi
658 1978 704 2026 eius
716 1978 743 2026 de
755 1977 826 2026 reditu
838 1989 940 2036 coeptum
952 1990 989 2031 est,

166 2052 193 2099 25
210 2051 247 2111 qui
262 2050 344 2100 Romae
361 2052 424 2099 amici
443 2063 503 2099 erant
521 2051 597 2100 dietim
615 2051 655 2099 sibi
674 2070 817 2110 quaecunque
834 2051 953 2109 agebantur
970 2063 990 2098 et

207 2136 288 2181 quanta
302 2124 324 2171 in
339 2143 378 2182 spe
391 2144 416 2171 ac
429 2124 486 2171 bona
500 2124 522 2171 in
536 2143 575 2182 spe
588 2142 622 2171 res
635 2143 673 2170 sua
687 2136 742 2170 esset
756 2142 794 2180 per
807 2122 888 2170 litteras
902 2124 990 2170 nuncia*
1004 2173 1007 2178 ζ

209 2196 268 2245 bant.
284 2195 376 2245 Senatus
391 2208 464 2245 autem
479 2195 579 2244 consulto
594 2209 619 2244 ut
634 2197 716 2244 veniret
732 2196 760 2244 ad
774 2195 852 2244 urbem
867 2194 925 2243 lacto
938 2193 990 2243 nulli

209 2290 253 2317 non
267 2269 309 2318 sibi
324 2269 411 2319 obviam
424 2270 455 2318 ire
469 2291 519 2318 cum
533 2270 621 2318 honoris
635 2282 683 2317 tum
696 2269 797 2327 praesidii
811 2288 881 2323 causa,
896 2288 924 2316 ne
938 2268 991 2328 quid
1045 2301 1047 2310 2

208 2341 335 2390 insidiarum
345 2343 451 2390 accideret
461 2342 563 2396 venienti,
584 2355 684 2400 pergunt.
695 2341 764 2390 Roma
775 2341 865 2400 quidem
874 2340 910 2389 alii
921 2341 990 2389 Brun·

166 2414 194 2461 30
210 2414 297 2463 dusium
310 2414 376 2463 modo
389 2435 459 2473 usque
471 2413 563 2473 proiecti
576 2415 622 2462 eius
635 2415 730 2462 reditum
742 2424 889 2472 expectarunt;
903 2412 991 2471 quidam

207 2486 342 2544 Dyrachium
352 2486 489 2536 traiecerunt.
501 2486 560 2536 Nam
571 2486 626 2536 illud
639 2486 753 2536 manilesto
768 2486 887 2540 constabat,
904 2484 990 2534 Clodia-

207 2580 246 2606 nos
261 2580 305 2608 non
320 2559 376 2608 clam
383 2559 449 2608 modo
456 2560 544 2608 insidias
552 2560 591 2608 sed
597 2560 669 2617 palam
675 2560 721 2608 vim
728 2572 749 2607 et
756 2578 822 2613 arma,
830 2571 854 2607 ut
862 2557 991 2616 impedirent

209 2633 255 2680 eius
269 2632 371 2687 reditum,
385 2632 517 2691 comparare.
531 2632 613 2682 Contra
625 2651 677 2682 vero
689 2631 713 2682 P.
728 2630 815 2681 Lentuli
829 2649 894 2690 opera
906 2641 991 2679 senatus

153 2728 156 2729 ⁷
209 2707 296 2754 decreto
310 2705 407 2755 edictum
421 2717 453 2754 est
467 2718 492 2754 ut
506 2705 544 2765 qui
559 2724 605 2754 rem
619 2704 729 2764 publicam
743 2704 824 2754 salvam
837 2702 917 2752 vellent
931 2701 991 2752 ades·

167 2779 194 2827 35
210 2792 257 2827 sent
263 2779 339 2827 armati
345 2791 367 2827 et
373 2798 438 2837 opem
444 2778 544 2828 Ciceroni
551 2777 650 2828 redeunti
656 2777 745 2827 lerrent.
751 2776 895 2836 Hocquidem
901 2774 991 2825 adedic·

210 2965 242 3008 24.
257 2963 287 3009 Ex
301 2972 381 3014 ceptum
394 2980 442 3007 corr.
