2093 3253
271 131 399 162 SCRIPTORUM
415 130 539 163 lLLUSTRlUM
553 142 566 148 *
580 131 638 160 Lassa
653 131 683 161 111.
855 115 892 162 105

107 267 158 297 eum
172 245 230 305 plebi
244 244 316 294 aditus
335 257 398 299 esset,
417 243 483 293 tradit
501 243 617 302 Pompeius
637 242 721 299 Festus,
740 244 891 302 grammaticus

107 322 189 380 quippe
202 318 305 377 antiquus
315 331 337 366 et
347 318 389 366 isto
400 318 422 365 in
433 336 510 375 genere
521 317 605 371 doctus,
616 317 639 366 in
649 337 676 366 eo
686 316 742 365 libro
753 337 819 377 quem
829 336 892 365 accu-

108 408 152 444 rate
162 393 190 441 de
200 392 322 444 Verborum
335 392 468 450 Proprietate
481 392 574 451 scripsit.
588 391 655 441 Hunc
668 391 730 450 plebs
744 392 892 450 magistratum

109 467 184 518 habuit
197 465 304 526 primum„
317 464 385 514 Ludis
393 465 452 513 enim
460 478 481 514 et
489 463 554 514 sacris
562 478 674 525 praeerant
682 464 772 514 aedibus
781 465 803 514 in
812 464 892 524 quibus

83 544 95 592 5
111 541 162 589 scita
177 539 249 587 omnia
262 559 300 587 sua
313 539 375 597 plebs
388 538 487 587 deferret.
501 538 553 588 Duo
566 539 655 598 quidem
668 539 764 596 primum
776 558 801 586 ac
814 538 893 597 plebeii

0 620 2 622 ’
78 666 80 669 ,
109 613 174 662 modo
188 611 267 660 aediles
284 624 352 659 erant.
370 611 420 668 Quo
438 630 489 659 vero
505 631 563 659 anno
580 624 689 669 praetores
706 611 892 669 creatiprimum,

108 686 185 734 eodem
200 696 287 742 patrum
301 704 313 732 e
330 702 422 732 numero
438 683 474 731 alii
492 684 543 738 duo,
562 685 600 743 qui
617 683 698 732 curruli
716 683 816 732 sederent
833 683 891 738 sella,

0 768 2 770 ’
80 801 81 805 ,
109 758 187 807 aediles
197 756 330 807 lactiUnde
339 769 412 805 ortum
419 756 521 806 ut-ediles
529 756 564 805 alii
573 756 660 815 plebeii
668 756 703 806 alii
714 755 810 806 currules
818 756 896 815 appel-

109 833 188 880 lentur.
203 830 260 880 Sella
270 832 329 879 enim
340 852 352 879 a
363 831 459 879 sedendo
470 831 527 879 dicta
538 843 578 880 est.
591 830 656 889 Regia
667 830 757 889 quidem
768 830 829 879 sedes
840 826 893 880 erat.

73 907 98 955 111
113 904 211 953 Currulis
222 916 296 953 autem
308 904 356 953 ideo
369 906 433 959 dicta,
445 904 506 963 quod
517 923 542 952 ea
554 904 592 963 qui
604 917 675 952 essent
687 922 818 963 reges,2cum
830 905 894 953 vebe·

111 989 184 1026 rentur
198 995 270 1031 curru,
285 977 313 1025 ad
322 977 463 1025 eminentiam
472 989 591 1026 uterentur.
602 976 678 1025 Postea
687 994 737 1026 vero
747 996 801 1026 cum
808 977 893 1034 regibus

111 1051 189 1099 exactis
206 1050 272 1098 libera
290 1051 359 1098 Roma
375 1051 425 1104 luit,
443 1051 579 1109 magistratus
597 1052 687 1100 maiores
704 1071 760 1119 quos
777 1051 894 1104 nominavi,

81 1164 84 1167 .
111 1122 217 1176 consules,
233 1123 355 1177 dictatores,
370 1123 587 1181 praetores-aediles,
601 1123 660 1181 regio
675 1143 734 1172 more
748 1122 800 1174 ¹sella
814 1122 894 1171 curruli

111 1195 234 1245 utebantur
250 1194 315 1244 Unde
329 1196 464 1253 magistratus
479 1196 505 1244 bi
514 1207 565 1245 sunt
577 1194 681 1251 currules,
695 1195 781 1247 caeteri
777 1214 835 1243 vero
848 1194 894 1255 ple·

74 1270 98 1317 15
113 1268 155 1317 beii
170 1288 208 1317 seu
223 1268 314 1326 pedanei
329 1267 438 1327 appellati,
449 1268 525 1327 quod
519 1282 575 1318 irent
584 1268 677 1345 pedibus
687 1288 758 1326 neque
766 1266 894 1316 veherentur

111 1359 182 1388 curru
190 1361 230 1389 nec
245 1340 296 1389 sella
308 1341 389 1404 curruli
402 1353 546 1391 uterentur.

82 1463 83 1467 ,
153 1413 282 1469 Quaestores
304 1426 378 1462 autem
399 1414 570 1474 {ministrandam
597 1416 637 1462 ad
648 1415 763 1472 pecuniam
786 1414 895 1471 publicam

112 1486 197 1534 creabat
212 1486 287 1535 Roma.
303 1486 333 1534 Hi
349 1487 409 1535 domi
419 1486 529 1545 lorisque
536 1487 666 1545 complures,
683 1499 704 1535 et
720 1500 834 1545 aquaestu
845 1499 895 1535 sunt

112 1571 235 1617 quaestores
246 1560 306 1608 dicti.
319 1560 533 1618 Iuniarum-quidem
542 1560 585 1613 ,boc
596 1580 675 1609 munus
686 1573 738 1609 erat.
750 1559 826 1620 Gradu
836 1560 895 1609 enim

71 1632 100 1680 20
115 1632 155 1680 boc
170 1633 241 1691 primo
251 1639 316 1691 ,spem
332 1634 462 1682 ascendendi
478 1635 568 1682 maiores
583 1633 612 1681 ad
621 1634 762 1692 *magistratus
778 1633 866 1686 dabant.

154 1706 199 1757 Sed
213 1707 349 1766 magistratus
364 1706 385 1755 bi
401 1708 497 1766 primum
511 1726 587 1757 omnes
601 1705 647 1756 lere
661 1708 752 1767 patricii⁴
767 1707 831 1755 Plebs
846 1726 896 1756 vero

112 1793 134 1829 et
148 1800 199 1829 suos
213 1781 301 1829 tandem
316 1780 392 1830 habuit
407 1781 507 1831 tribunos
524 1781 641 1829 ethorum
656 1781 764 1840 particeps
779 1780 896 1840 aliquando

112 1853 161 1902 luit.
173 1852 228 1911 'Ipso
242 1874 329 1911 nanque
343 1867 415 1911 partae
430 1854 534 1902 libertatis
549 1854 612 1902 initio
626 1867 691 1913 atque
706 1854 760 1902 dum
774 1854 827 1902 vixit
841 1853 896 1902 Tar-

113 1927 200 1985 quinius
216 1926 292 1984 (annos
304 1925 445 1985 posteaquam
456 1925 531 1985 pulsus
542 1940 575 1975 est
586 1945 652 1986 regno
662 1926 691 1976 ad
701 1925 743 1975 XV
753 1926 815 1985 vixit)
826 1926 896 1975 omnis

74 1999 100 2048 25
116 2001 146 2047 rei
160 1999 260 2058 publicae
269 2000 395 2060 gubernatio
404 2001 518 2059 omnisque
527 2012 628 2059 potestas,
637 2012 662 2049 ut
671 2001 722 2055 dixi,
731 2000 790 2059 apud
798 2000 897 2048 consules

86 2106 87 2109 =
113 2085 135 2121 et
148 2085 219 2131 patres
234 2086 286 2123 erat.
301 2073 381 2123 Omnia
396 2074 486 2133 quidem
501 2093 586 2123 summa
600 2093 652 2122 cum
666 2073 897 2123 ordinumconcordia

113 2145 175 2194 illum
189 2146 217 2195 ad
230 2146 289 2195 diem
303 2159 369 2204 gesta,
379 2146 444 2204 quod
458 2146 520 2204 plebs
528 2146 660 2195 obedienter
674 2159 695 2194 et
709 2158 800 2205 patrum
809 2159 831 2194 et
844 2167 896 2194 con-

83 2260 85 2265 .
114 2218 186 2268 sulum
201 2231 284 2278 pareret
298 2219 368 2273 dictis,
383 2231 454 2277 patres
469 2239 557 2278 quoque
571 2232 592 2268 et
607 2219 645 2278 qui
659 2231 731 2267 essent
744 2218 843 2267 consules
858 2218 897 2266 bo·

101 2302 173 2341 'nesta
188 2292 294 2341 iuberent,
310 2292 340 2341 At
356 2312 407 2342 vero
423 2305 448 2342 ut
464 2292 579 2342 defunctus
596 2306 629 2341 est
645 2295 688 2341 vita
699 2292 840 2351 Tarquinius,
852 2292 897 2340 diss

74 2363 102 2410 30
116 2365 189 2412 cordia
197 2366 273 2422 ingens
281 2378 347 2422 atque
356 2378 460 2423 perpetua
468 2367 524 2413 inter
533 2379 604 2423 patres
613 2378 635 2413 et
643 2365 731 2422 plebem
744 2378 802 2418 orta„
809 2365 897 2422 Quippe

85 2469 87 2472 -
114 2437 173 2486 nulla
189 2437 268 2485 deinde
283 2432 371 2496 patrum
386 2457 436 2496 erga
452 2436 539 2495 plebem
555 2437 685 2492 humanitas,
702 2437 761 2485 nulla
777 2435 898 2496 benignitas

114 2510 187 2558 audita
198 2523 237 2558 est.
249 2510 304 2558 Mox
316 2508 406 2568 quidem
417 2510 511 2557 insolens
523 2509 578 2558 lacta
590 2510 690 2559 nobilitas
702 2522 841 2558 contemnere
852 2510 898 2568 ple=

114 2582 165 2630 bem
179 2583 314 2642 eandemque
328 2583 421 2641 affligere
435 2595 500 2641 atque
514 2596 539 2631 ut
552 2601 636 2631 servam
650 2583 728 2633 habere
742 2585 820 2640 coepit.
835 2583 898 2632 Plebs

74 2694 216 2703 »κῇ-

112 2755 218 2801 1.1=ea.,p.
234 2756 253 2792 ia
268 2755 293 2792 u.

75 2854 216 2863 ——-.——--,

84 2913 87 2916 ’
113 2913 145 2958 32.
160 2913 256 2969 pleblem)
272 2921 285 2958 i.
300 2933 315 2958 r.
370 2914 402 2959 33.
412 2914 447 2959 'Ex
461 2914 513 2966 cepit
527 2932 576 2958 corr.
