2093 3253
246 132 379 165 scxlrroxun
394 133 518 164 ILLUSTRIUM
531 143 545 149 ··
559 132 618 164 LIBER
631 133 680 164 xvii.
838 120 880 167 497

92 264 141 294 cam
150 258 255 300 nostrum,
265 245 327 294 cuius
336 244 393 295 lama
402 247 445 295 iam
455 246 545 295 celebris
554 259 575 294 et
584 246 640 294 clara
649 260 705 295 esset
713 267 738 295 ac
748 248 815 296 maior
824 269 879 307 quo-

92 317 146 368 tidie
158 331 269 373 cresceret,
282 337 370 368 arenam
382 339 428 368 esse
441 319 487 368 sine
499 318 557 368 calce
570 318 631 368 dixit.
645 318 692 368 Nec
705 319 791 369 mirum:
805 321 879 370 oderat

93 391 183 451 quidem
194 412 257 442 sevus
269 404 373 450 tyrannus
385 392 455 442 bonos
467 404 488 441 et
500 392 604 452 temporis
616 393 649 442 sui
662 404 683 442 et
695 393 832 452 superiorum
843 414 878 443 ae-

95 478 166 515 tatum
181 466 246 515 viros.
263 465 322 514 Nam
337 478 359 514 et
375 465 465 515 Homeri
486 479 586 525 poemata
606 466 692 515 abolere
713 479 734 515 et
755 466 839 526 Virgilii
854 490 879 516 ac

65 537 123 588 ST.
139 538 195 586 Livii
210 539 290 596 scripta
309 550 331 585 et
350 539 454 596 imagines
474 539 608 587 omnibus-e
628 539 749 587 bibliotecis
769 557 879 587 removere

92 609 200 670 cogitavit.
219 610 337 660 Doctrinae
355 610 435 660 nullius
453 610 538 660 dicebat
556 631 603 660 esse
621 610 742 670 Virgilium,
761 611 793 660 uti
811 611 879 672 negli-

92 696 180 742 gentem
188 704 213 732 ac
222 684 339 733 verbosum
348 684 371 732 in
381 684 469 733 historia
478 684 507 734 T.
517 685 605 733 Livium
614 685 793 744 reprehendebat.
878 741 880 744 ‚

136 756 185 805 Nec
194 756 349 814 Quintilianus,
361 757 391 805 rei
402 758 506 818 oratoriae
518 757 625 815 magister,
637 756 755 807 maledictis
765 757 878 808 abstinuit.
922 749 925 760 ἰ

95 830 116 878 ls
135 849 222 888 nanque
240 830 332 878 Romam
349 849 376 877 ex
393 830 497 888 Hispania
514 843 564 888 post
581 845 682 879 necatum
699 831 804 880 Senecam
820 853 878 880 anno

53 903 79 954 ll]
93 902 157 950 tertio
174 922 186 951 a
204 902 274 951 Galba
292 901 389 961 Sulpicio
406 903 484 951 ductus
502 901 583 951 famam
599 903 694 952 Senecae
710 903 839 952 adumbrare
856 917 878 953 et

92 976 159 1024 libros
178 977 224 1024 eius
242 997 254 1024 e
272 976 372 1024 manibus
390 976 552 1024 adolescentum
570 990 676 1030 excutere,
694 997 722 1024 ne
739 977 877 1034 paucioribus

91 1069 143 1097 eum
157 1048 297 1106 praeferrent,
312 1061 401 1096 conatus
417 1062 456 1102 est,
471 1070 510 1096 seu
524 1050 672 1097 recordatione
686 1050 764 1097 veteris
779 1050 876 1103 iniuriae,

91 1121 152 1179 quod
164 1121 224 1170 haud
237 1136 313 1179 magna
326 1122 453 1170 cumlaude
466 1122 539 1179 ipsum
552 1115 670 1170 Seneca‘in
683 1122 743 1169 libris
756 1122 877 1171 Causarum

93 1186 198 1242 Civilium
214 1194 352 1248 nominasset,
369 1214 407 1242 seu
424 1194 490 1242 livore
506 1206 625 1252 permotus,
642 1195 702 1253 quod
717 1194 771 1261 libri
783 1194 878 1244 Senecae

53 1268 78 1317 15
92 1280 152 1316 tanta
164 1269 238 1326 gratia,
252 1268 366 1322 desiderio,
379 1266 452 1316 lavore
464 1268 548 1326 excepti
560 1289 585 1316 ac
597 1269 638 1317 visi
650 1269 721 1316 essent
734 1268 794 1327 quod
806 1265 877 1327 preter

91 1360 128 1388 eos
141 1339 172 1388 nil
182 1340 227 1389 lere
240 1339 300 1392 aliud
313 1339 426 1397 legeretur.
440 1340 519 1398 Neque
532 1339 586 1388 illud
600 1353 671 1398 potest
681 1341 726 1388 non
736 1359 812 1389 verum
822 1361 876 1394 esse,

91 1413 207 1461 delicatum
221 1414 294 1471 ipsum
307 1413 362 1460 adeo
376 1414 471 1461 extitisse
484 1414 545 1472 quod
559 1414 690 1461 existimaret
702 1413 875 1462 adolescentibus

91 1486 207 1544 legendum
220 1486 274 1535 nihil
287 1486 347 1544 quod
360 1485 470 1535 Ciceronis
484 1486 587 1545 leporem,
600 1487 735 1541 suavitatem,
748 1486 876 1544 elegantiam

91 1580 135 1608 non
144 1560 239 1609 baberet.
248 1559 331 1609 Verum
339 1559 391 1608 haec
400 1581 444 1609 non
453 1560 526 1618 lingua
535 1560 601 1608 modo
609 1561 637 1609 ad
645 1573 762 1618 presentes,
771 1560 875 1615 viventes,

49 1633 78 1682 20
92 1631 211 1687 audientes,
225 1632 264 1681 sed
276 1632 304 1681 ad
316 1645 413 1691 posteros
427 1634 498 1688 etiam,
512 1644 537 1681 ut
550 1632 673 1681 diuturnius
686 1632 775 1681 inlamia
787 1633 875 1688 viveret,

90 1705 157 1752 animi
172 1705 205 1753 sui
220 1705 332 1759 iudicium,
347 1725 398 1753 cum
412 1706 515 1753 scriberet
529 1705 751 1759 Oratorialnstituta,
767 1706 876 1765 perpetuis

60 1820 62 1823 .
91 1776 211 1826 litterarum
224 1778 371 1826 monumentis
385 1778 452 1826 dedit.
466 1777 543 1825 Genus
557 1777 643 1826 dicendi
656 1789 784 1836 corruptum
797 1778 876 1827 habere

83 1863 112 1899 ,et
124 1850 226 1900 omnibus
239 1850 296 1900 vitiis
309 1850 402 1899 lractum
415 1850 474 1905 dicit,
488 1849 555 1899 multa
567 1862 640 1900 tamen
653 1870 699 1900 esse
712 1851 773 1899 ineo
786 1850 876 1911 legenda
931 1904 933 1906 ,

90 1943 177 1972 morum
189 1925 262 1983 gratia,
274 1925 315 1972 sed
327 1925 350 1971 in
363 1924 485 1984 eloquendo
498 1937 599 1982 corrupta
611 1924 796 1983 pleraque‘atque,
804 1926 875 1983 pervi-

51 1995 80 2044 25
94 1997 217 2052 tiosissima,
236 1998 296 2055 quod
313 1997 409 2045 abundet
428 1997 528 2045 dulcibus
546 1997 610 2045 vitiis.
802 1989 803 1992 Ἴ

133 2070 243 2118 Memorat
262 2090 350 2129 quoque
368 2071 396 2119 Α.
416 2071 500 2119 Gellius
520 2072 543 2118 in
558 2068 667 2120 Noctibus
682 2072 760 2120 Atticis
775 2092 822 2120 esse
837 2073 875 2131 qui

91 2143 213 2191 existiment
227 2144 255 2191 de
268 2144 350 2192 Seneca
364 2155 388 2191 ut
402 2145 429 2192 de
443 2145 547 2202 scriptore
561 2144 651 2192 minime
664 2144 719 2199 utili,
734 2145 795 2192 cuius
808 2145 875 2193 libros

90 2216 195 2272 attingere
207 2216 295 2264 nullum
309 2216 407 2273 precium
422 2235 499 2274 operae
514 2217 548 2271 sit,
564 2217 624 2275 quod
638 2218 768 2266 eius-oratio
782 2218 876 2275 vulgaris

90 2287 188 2335 videatur
204 2301 225 2336 et
240 2289 336 2347 pertrita,
352 2306 385 2336 res
401 2302 466 2348 atque
482 2290 600 2338 sententiae
615 2291 700 2350 ineptae
716 2290 766 2344 sint,
782 2290 875 2338 emditio

49 2358 83 2408 30¹
92 2373 165 2409 autem
176 2362 290 2411 vernacula
302 2375 323 2411 et
334 2362 424 2421 plebeia,
438 2363 491 2411 nihil
503 2384 529 2412 ex
540 2376 638 2414 veterum
649 2365 734 2423 scriptis
746 2364 827 2413 habens
838 2376 876 2413 aut

90 2433 169 2488 gratiae
180 2446 217 2481 aut
228 2435 345 2496 dignitatis.
356 2434 416 2482 Alios
428 2454 478 2482 vero
489 2456 535 2483 esse
546 2437 611 2484 tradit
622 2438 660 2495 qui
671 2437 787 2494 elegantiae
798 2445 876 2495 parum

90 2504 114 2552 in
128 2505 199 2553 verbis
211 2506 254 2554 sed
270 2505 343 2555 rerum
359 2507 471 2556 scientiam
486 2508 650 2569 doctrinamque
667 2508 686 2558 ei
702 2528 749 2565 non¹
763 2508 837 2563 deesse
852 2521 875 2558 et

50 2602 193 2616 -m

85 2650 173 2695 &Quint
185 2655 224 2692 Inst.
237 2654 259 2691 X.
275 2656 289 2691 t.
305 2654 336 2691 125
348 2670 384 2698 sqq.
434 2656 518 2697 ascen.
531 2656 569 2693 xri.
582 2657 598 2693 2.

50 2725 193 2739 ἠ-ι-

92 2770 108 2815 1.
123 2773 163 2817 iam
177 2774 227 2819 clara
241 2786 292 2819 esset
306 2786 326 2819 et
340 2793 411 2828 magna
424 2787 554 2830 percresceret
569 2777 592 2823 F.
647 2777 666 2821 2.
679 2776 711 2822 Ex
724 2779 811 2827 crederet
824 2795 874 2824 corr.

54 2833 84 2882 18.
98 2841 231 2896 suavitatem)
246 2850 260 2887 i.
274 2861 297 2894 r.;
312 2862 335 2888 ex
353 2854 373 2887 et
391 2845 539 2899 suavi(tatem?)
557 2853 625 2891 statim
642 2863 690 2891 corr.
704 2845 723 2890 Ο
740 2845 831 2890 divinum
846 2846 874 2891 le·

51 2918 121 2953 porem
134 2917 154 2951 et
167 2908 285 2953 suavitatem
299 2927 339 2954 non
354 2909 434 2955 haberet
449 2909 471 2956 F.
526 2912 559 2956 30.
572 2923 639 2956 autem
653 2919 673 2957 in
688 2912 704 2957 F
717 2929 762 2956 sscr.
776 2911 839 2958 Sicco.

86 3057 110 3117 {2
