2093 3253
153 266 194 309 414
368 277 370 281 ’
454 276 547 307 srccorus
562 275 680 307 Ponanrom

197 391 260 451 quod
274 404 354 441 statum
365 389 482 449 pristinum
492 390 522 439 rei
535 389 633 449 publicae
644 388 796 447 gubernandae
807 390 908 448 primates
919 407 981 438 recu·

160 476 163 483 “
198 482 273 523 perere
283 475 394 522 cuperent,
405 462 466 522 plebs
476 475 550 511 autem
560 462 626 511 veteri
637 461 687 510 odio
698 478 772 520 parere
781 462 819 509 uni
830 480 896 520 quam
907 459 981 509 multis
1045 464 1047 502 ἕ

195 534 277 586 mallet.
491 547 493 549 ’
938 581 940 583 .

161 623 164 628 “
190 629 206 635 ’·
238 609 371 659 Perturbatis
383 611 457 668 itaque
468 611 604 664 rebusaum
616 609 696 658 Brutus
708 620 801 666 uterque
814 606 945 665 Cassiusque
956 627 981 654 ac
1044 648 1046 650 .

171 683 279 732 5'2caeteri'
292 683 330 741 qui
346 673 446 730 facinoris
456 682 542 730 conscii
552 679 643 735 'lucrant
658 692 722 730 metu'
733 678 806 729 reli'cta
820 680 875 729 urbe
889 678 925 728 alii
939 678 982 728 alio

162 745 310 815 “legissent
324 756 414 804 Antonii
427 774 479 804 vero
492 756 568 803 dietim
581 756 648 814 magis
661 767 683 803 et
695 753 756 803 lavor
769 753 845 813 populi
858 766 880 803 et
892 752 983 803 audacia,

197 840 309 884 cresceret,
326 827 403 877 Cicero
420 828 462 877 sibi
480 828 637 878 remanendum
654 821 677 878 in
694 827 749 876 urbe
767 846 814 877 non·
833 847 880 877 esse
897 825 981 885 putavit
1045 826 1047 828 ’

197 901 258 960 quod
273 901 296 950 in
310 921 362 951 eum
375 901 545 951 stomacharetur
559 900 676 955 Antonius,
690 914 739 950 tum
749 899 778 948 ob
789 920 855 959 quam
866 899 910 949 dixi
923 910 982 948 vete·

179 990 181 994 ¹
198 991 245 1021 rem
255 972 390 1021 simultatem
401 972 552 1022 Lentullinon
562 972 649 1030 sepulti,
662 984 711 1021 tum
721 972 781 1030 quod
791 972 869 1021 studiis
883 991 942 1020 nunc
952 971 981 1019 ita

159 1046 185 1094 10
201 1044 313 1095 differrent
323 1043 384 1105 quod
394 1043 578 1094 dominatum‘ille
588 1045 690 1105 arripere,
700 1043 735 1093 hic
746 1043 836 1094 liberam
843 1053 892 1094 'esse
907 1043 982 1093 civita·

164 1134 166 1136 ·
198 1132 243 1168 tem
253 1116 325 1167 vellet.
336 1117 442 1166 Senatum
458 1116 548 1176 quidem
558 1116 709 1167 ludificabatur
719 1117 834 1173 Antonius.
846 1117 897 1166 hinc
906 1136 981 1177 pacem

197 1202 299 1249 appetere
309 1190 420 1245 simulans,
429 1191 480 1240 inde
488 1209 547 1239 arma
557 1208 633 1249 parans
644 1203 668 1239 ut
678 1190 735 1239 bello
745 1190 810 1239 etiam
820 1190 932 1258 cohercere
940 1187 980 1237 sibi

198 1262 338 1313 adversantes
353 1275 435 1323 posset.
450 1262 498 1312 Nec
508 1261 614 1312 'Ciceroni
629 1282 685 1324 quae
698 1261 782 1313 solebat
792 1261 885 1313 Caesare
894 1262 945 1312 vivo
955 1260 982 1310 li-

164 1365 166 1369 ·
199 1336 270 1385 centia
278 1337 306 1384 de
316 1355 339 1384 re
349 1335 437 1396 publica
445 1336 550 1395 loquendi
560 1329 612 1391 erat,
624 1329 685 1396 quod
692 1347 765 1385 essent
772 1334 935 1385 Antonii'amici
943 1334 981 1392 qui

160 1411 185 1458 15
201 1424 344 1468 quaecunque
361 1409 447 1465 diceret,
465 1429 489 1457 ea
506 1410 696 1467 interpretarentur
712 1408 801 1457 arbitrio
817 1428 857 1456 suo
873 1427 898 1455 ac
914 1406 982 1465 pessi-

200 1491 257 1530 mam
271 1481 294 1529 in
309 1494 393 1541 partem
407 1481 479 1529 omnia
493 1481 609 1529 flecterent.
624 1481 707 1530 Cedere
717 1482 790 1539 itaque
800 1480 896 1539 periculo
907 1480 981 1528 statuit

184 1584 186 1588 ,
199 1551 282 1603 Cicero.
296 1555 341 1603 Sed
353 1574 380 1602 ne
392 1554 466 1612 lugere
478 1567 515 1602 aut
527 1555 676 1612 desperatione
688 1574 761 1604 rerum
772 1566 809 1601 aut
822 1567 881 1602 metu
892 1553 982 1601 Antonii

198 1628 315 1682 videretur,
324 1628 407 1675 iturum
415 1648 437 1675 se
445 1628 507 1676 finxit
516 1627 612 1676 Athenas
619 1628 649 1677 ad
656 1628 732 1683 filium,
742 1629 779 1687 qui
789 1627 838 1678 tum
845 1628 875 1676 ibi
882 1639 982 1686 precepta

192 1698 349 1758 philosophiae
364 1700 479 1749 docentem
490 1699 620 1758 Cratippum
630 1701 739 1749 audiebat.
752 1701 811 1749 Haec
823 1700 864 1749 sibi
876 1712 897 1748 et
908 1698 983 1748 amicis

157 1774 186 1821 20
201 1792 256 1831 quos
271 1773 311 1821 ista
324 1774 352 1821 de
363 1791 385 1820 re
393 1772 501 1821 consuluit
510 1774 582 1821 minus
590 1767 689 1832 suspecta
697 1786 729 1822 est
737 1773 887 1833 proficiscendi
896 1791 983 1821 excusa-

200 1846 231 1893 tio
241 1845 293 1893 visa.
303 1846 385 1893 Mentis
394 1865 470 1894 verum
477 1847 595 1894 archanum
603 1860 648 1895 erat
655 1848 752 1906 primum
760 1848 783 1895 in
791 1846 893 1901 Siciliam,
905 1845 983 1893 deinde

199 1918 222 1965 in
233 1916 349 1966 Graeciam
360 1917 459 1977 navigare
468 1932 599 1979 tempusque
609 1919 691 1979 ubique
701 1913 780 1968 terrere
792 1919 864 1982 quoad
874 1917 983 1967 Ianuariae

201 1990 319 2039 Kallendae
334 1991 438 2040 venirent.
450 1992 509 2040 Finis
520 2004 564 2040 erat
571 2005 627 2040 'tunc
637 1991 761 2041 consulatus
771 1992 868 2046 Antonii,
879 2003 904 2040 ut
914 1989 983 2039 redire

200 2063 228 2110 ad
242 2063 320 2111 urbem
333 2076 380 2111 tuto
393 2063 518 2112 consulibus
531 2064 592 2111 novis
605 2077 685 2121 posset.
700 2064 746 2112 lam
758 2064 848 2122 quidem
860 2075 920 2111 erant
933 2080 983 2120 pro-

159 2136 187 2183 25
202 2135 286 2183 ximum
296 2136 319 2183 in
329 2155 411 2183 annum
422 2135 520 2184 consules
531 2135 588 2190 novi,
600 2135 668 2185 Pansa
679 2149 699 2184 et
711 2136 805 2192 Hircius,
816 2135 928 2194 designati.
973 2187 976 2191 Δ

217 2202 228 2222 ⁵
243 2207 301 2256 Cum
321 2209 386 2267 igitur
407 2210 578 2268 proficisceretur
596 2222 662 2269 atque
675 2212 718 2258 iam
737 2210 760 2257 in
775 2209 916 2269 Campaniam
935 2227 983 2267 per-

201 2280 301 2335 venisset,
321 2281 411 2330 Antonii
434 2281 516 2330 litterae
539 2294 589 2330 sunt
612 2283 640 2330 ad
661 2304 712 2331 eum
735 2282 810 2341 plenae
833 2282 986 2331 blandimentis

202 2354 270 2401 datae.
285 2353 365 2400 Earum
379 2373 464 2401 summa
477 2367 528 2402 erat:
543 2367 642 2412 rogatum
655 2355 683 2402 ab
696 2375 722 2403 eo
736 2354 850 2403 Caesarem
866 2375 917 2403 cum
925 2353 984 2402 vive-

202 2439 234 2475 ret
249 2425 368 2475 decrevisse
381 2425 430 2475 Sex.
444 2426 554 2482 Clodium,
567 2426 591 2475 P.
605 2426 676 2477 Clodii
689 2426 765 2483 lilium,
779 2429 898 2483 restituere;
911 2447 934 2476 se
946 2448 984 2476 au·

161 2501 189 2547 30
204 2513 255 2553 tem,
271 2500 310 2548 etsi
321 2500 400 2554 liceret,
410 2513 484 2548 tamen
493 2520 533 2559 pro
543 2502 589 2548 iure
598 2501 707 2549 amiciciae
717 2501 816 2549 statuisse
825 2522 853 2550 ne
862 2503 910 2560 ipso
919 2500 987 2548 invito

202 2564 350 2619 ille‘Caesaris
370 2571 475 2618 beneficio
493 2585 596 2619 uteretur.
614 2566 652 2619 ‘Ad
671 2573 723 2620 baec
743 2573 854 2621 Ciceronis
874 2573 985 2630 responsio

202 2642 243 2692 tuit
258 2656 282 2691 ut
297 2642 413 2692 liberaliter
423 2645 542 2693 assentiret.
556 2643 690 2702 Intelligebat
702 2644 760 2693 enim
772 2665 842 2704 neque
854 2645 877 2694 id
888 2644 984 2694 Caesaris

196 2805 273 2861 28.‘Cic.
286 2807 323 2845 Art.
336 2806 381 2845 XIV.
398 2806 417 2844 13
430 2806 450 2844 Α.
500 2807 528 2844 31.
541 2808 576 2847 Cic.
588 2808 624 2846 Art.
637 2808 683 2848 XIV.
699 2809 718 2846 13
731 2809 751 2847 B.

201 2968 220 3011 6.
234 2962 332 3019 fugissent
346 2972 360 3009 i.
370 2983 395 3015 r.,·
405 2974 447 3010 erat
461 2964 582 3011 tendissent?
639 2969 658 3012 6.
672 2966 703 3013 Ex
714 2938 794 3011 iiudatia
808 2987 858 3012 corr.
912 2966 945 3014 20.
955 2969 984 3014 Ex

160 3031 263 3078 excusacio
277 3051 325 3076 corr.
341 3031 362 3085 (ο
375 3038 388 3076 ι’.
403 3033 427 3086 r.)
482 3032 515 3077 22.
529 3033 568 3076 Pro
582 3044 652 3079 terere.
