2093 3253
157 195 196 241 378
457 207 548 238 srccoms
562 207 677 238 roraurour

199 323 280 372 Omnia
292 321 381 380 quidem
393 341 448 379 quae
460 321 603 370 imminebant
615 321 709 380 pericula
721 334 792 379 atque,
806 334 830 369 ut
842 321 896 369 solet
908 322 930 369 in
943 321 972 369 du

199 396 240 443 biis
254 394 339 444 animus
354 395 467 449 humanus,
482 395 500 441 si
514 414 557 452 qua
571 395 643 452 peiora
656 406 716 442 erant
729 406 751 442 et
764 394 846 452 priuata
859 405 880 441 et
898 393 984 451 publica

200 467 327 526 pensitabat.

242 539 328 598 Epheso
340 538 428 587 tandem
441 538 550 593 Rhodum,
563 539 641 587 Rhodo
653 540 748 587 Athenas
760 540 826 589 venit.
840 534 929 598 Ubique
946 558 985 598 per

173 613 186 663 5
203 613 296 672 speciem
311 610 438 670 tranquillae
454 611 594 669 navigationis
617 611 727 660 habendae
745 611 838 660 terrebat
852 612 985 671 aliquamdiu

199 691 293 745 tempus,
309 684 423 742 expectans
436 684 536 749 advenire
549 704 682 743 quemquam
695 685 732 743 qui
745 705 775 739 se,
788 697 813 733 ut
826 684 942 733 consilium
960 706 985 733 ex

200 760 264 808 rebus
284 778 309 806 ac
328 770 426 815 tempore
443 768 535 815 caperet,
562 759 666 807 omnium*
683 767 740 817 ‘quae
766 754 847 806 Romae
872 771 985 816 agerentur

201 831 280 879 laceret
295 831 415 878 certiorem.
429 828 608 887 >Athenisvig⁴irur
626 831 672 877 dies
690 830 812 888 complures
831 843 927 877 moratus
946 843 985 877 est.

203 904 286 953 Interea
295 921 346 952 vero
356 923 379 951 se
388 901 447 961 apud
457 902 565 951 studiosos
576 902 695 951 litterarum
705 901 888 962 philosophosque
896 923 921 950 ac
926 902 985 961 prin-

163 978 189 1027 10
204 978 263 1035 cipes
277 975 376 1028 civitatis,
398 975 477 1033 quibus
498 975 568 1024 luerat
588 995 627 1034 per
647 977 814 1024 adolescentiam
834 975 944 1024 familiaris
965 987 986 1023 et

202 1055 270 1103 carus,
287 1047 417 1095 dulcissimis
434 1046 547 1106 colloquiis
558 1060 578 1095 et
589 1047 739 1106 pulcherrimis
756 1048 939 1106 disputationibus
953 1066 986 1095 re-

202 1121 295 1171 creabat.
311 1119 371 1168 Tum
386 1119 467 1169 litterae
477 1120 505 1168 ad
515 1140 566 1168 eum
576 1140 627 1169 cum
637 1133 723 1179 tempus
733 1133 876 1180 aucuparetur
888 1120 985 1174 Athenis,

203 1195 254 1243 hinc
263 1194 368 1249 Caesaris,
378 1194 429 1242 inde
438 1193 534 1251 Pompeii
544 1194 593 1242 unis
602 1199 670 1252 prop'e
679 1194 756 1243 diebus
765 1194 840 1242 allatae
849 1206 906 1242 sunt.
916 1193 986 1251 Quip-

166 1296 169 1303 ·=
203 1290 231 1327 pe
246 1267 377 1317 Ciceronem
385 1279 476 1325 uterque
487 1264 578 1315 faciebat
589 1267 642 1315 tanti
654 1266 714 1325 quod
724 1266 794 1315 lacere
805 1266 859 1315 nihil
870 1266 938 1326 pluris
949 1266 987 1315 sed

164 1341 190 1392 15
205 1358 284 1399 cupere
299 1339 377 1387 habere
386 1339 459 1396 ipsum
469 1338 510 1386 sibi
520 1338 628 1387 faventem
637 1351 703 1397 atque
712 1340 834 1396 propicium
844 1359 910 1397 quam
920 1339 987 1387 maxi-

204 1433 239 1461 me
253 1411 369 1462 videretur.
385 1410 461 1460 Verbis
476 1431 562 1471 nanque
576 1411 617 1460 sibi
631 1411 782 1461 blandiebatur
795 1424 886 1478 uterque
901 1424 922 1460 et
936 1431 987 1460 suos

205 1487 261 1534 inter
270 1485 350 1534 amicos
360 1497 380 1533 et
389 1502 449 1532 caros
458 1484 538 1532 amicos
547 1484 702 1532 annumerabat
711 1492 762 1533 eum
770 1485 886 1543 ipsumque
895 1496 919 1533 ut
928 1485 956 1533 ad
965 1505 987 1532 se

172 1587 173 1590 =
204 1559 305 1606 transiret
319 1576 370 1603 cum
385 1556 533 1603 honestatione
548 1576 624 1603 causae
638 1569 686 1603 tum
701 1557 778 1604 veteris
793 1556 902 1604 amiciciae
917 1575 987 1604 recor·

169 1658 171 1661 ⁴
205 1631 292 1681 datione
306 1628 400 1688 petebat.
417 1627 463 1677 lam
477 1628 536 1677 enim
550 1626 683 1687 Cisalpinam
696 1627 791 1678 Galliam
804 1628 919 1677 intraverat
933 1626 988 1676 Cae*

164 1705 193 1755 20
207 1723 241 1754 sar
256 1703 393 1762 minacesque
407 1714 428 1751 et
443 1702 535 1751 Romam
549 1702 629 1751 litteras
643 1703 671 1752 ad
685 1715 784 1752 senatum
797 1715 819 1752 et
832 1703 927 1761 legiones
941 1702 987 1751 Pla-

205 1778 299 1825 centiam
314 1788 416 1835 quattuor
431 1776 524 1823 miserat.
539 1775 655 1823 Caeterum
668 1795 719 1824 cum
733 1775 809 1824 dietim
823 1776 953 1834 pertinacius
967 1787 988 1823 et

207 1850 322 1899 Caesarem
336 1862 409 1907 petere
423 1861 444 1896 et
459 1847 587 1906 Pompeium
597 1867 674 1907 negare
684 1847 821 1897 consulatum
830 1849 914 1897 audiret
923 1861 988 1907 atque

173 1940 175 1942 “
207 1925 298 1973 obeam
313 1942 359 1971 rern
374 1921 441 1981 magis
455 1934 521 1981 atque
536 1922 602 1980 magis
617 1922 645 1970 ad
659 1921 741 1970 bellum
755 1923 838 1971 animos
853 1921 988 1974 inflammari,

207 2010 316 2046 mortuam
330 2015 418 2054 quoque
435 1993 519 2048 Iuliam,
533 2015 589 2054 quae
604 1993 652 2043 illos
665 1994 775 2050 affinitate,
790 1993 884 2050 loedere,
899 1993 989 2043 benivo-
1004 1996 1005 1999 ’

166 2070 193 2120 25
209 2070 274 2119 lentia
287 2069 413 2121 contineret,
428 2067 500 2115 omnia
514 2067 590 2115 Cicero
604 2080 678 2115 mente*
690 2068 800 2116 revolvens
814 2068 897 2126 putavit
913 2066 1001 2116 melius.

148 2151 150 2154 ’
208 2161 254 2190 esse
269 2139 323 2190 nihil
336 2159 402 2199 quam
411 2140 441 2187 ire
449 2147 538 2198 pergere
550 2159 575 2187 ac
587 2157 702 2198 properare
711 2138 803 2188 Romam
815 2160 881 2198 seque
894 2138 990 2197 interpo=
1019 2194 1022 2198 Δ

208 2232 265 2268 nere,
281 2213 379 2271 experiri,
398 2211 470 2260 conari
486 2212 504 2259 si
521 2223 606 2260 tantum
623 2211 741 2260 discordiae
757 2232 782 2259 ac
798 2211 848 2260 belli
865 2211 990 2260 incendium

207 2284 303 2345 extingui
318 2283 362 2333 ulla
376 2284 436 2343 pacis
449 2284 577 2343 condicione
597 2286 685 2344 posses
701 2283 726 2332 ld
746 2297 819 2333 autem
838 2282 947 2346 iacturum
968 2303 990 2331 se

208 2360 265 2409 bona
279 2378 331 2407 cum
345 2358 412 2416 gratia
426 2357 539 2417 utriusque
551 2369 616 2417 atque
628 2357 711 2407 facilius
723 2357 822 2413 credidit,
834 2358 852 2407 si
864 2358 991 2417 priusquam

167 2433 196 2482 30
211 2451 287 2481 manus
302 2442 438 2479 consererent
453 2430 498 2479 fieri
513 2450 555 2488 pax
574 2440 604 2479 'et
631 2431 746 2479 concordia
773 2443 898 2479 tentaretur.
914 2429 991 2479 Vivere

181 2517 183 2528 ³
208 2517 281 2554 autern
294 2504 375 2552 interea
388 2504 417 2551 ita
430 2502 471 2551 sibi
484 2502 593 2551 consuluit
614 2503 674 2562 quod
694 2502 816 2562 displiceret
829 2503 907 2557 neutri,
921 2502 991 2562 place-

143 2600 144 2606 *
209 2589 242 2626 ret
255 2577 343 2636 utrique
357 2576 423 2634 idque
437 2588 521 2624 curaret
535 2575 594 2624 omni
609 2596 660 2624 cum
674 2576 779 2625 modestia
792 2596 822 2624 ac¹
831 2574 969 2635 prudentias
982 2603 991 2613 ·

209 2669 257 2699 cere
271 2649 332 2709 quod
346 2669 417 2707 neque
432 2649 516 2696 deserta
530 2648 558 2697 ab
574 2669 600 2696 eo
615 2668 649 2696 res
664 2648 752 2706 publica
766 2649 875 2697 videretur
890 2669 930 2697 nec
945 2648 991 2707 pla-

209 2723 278 2771 cendo
290 2722 350 2769 alteri
361 2721 437 2770 odium
449 2721 471 2768 in
483 2741 506 2769 se
518 2720 605 2769 alterius
617 2734 638 2768 et
651 2720 818 2769 malivolentiam
830 2722 937 2769 excitaret,
947 2720 991 2769 Ubi

168 2809 309 2816 ...ῳ-

222 2841 241 2889 5.
255 2844 294 2890 Pro
309 2842 391 2888 terebat.
450 2840 479 2886 l3.
494 2841 596 2896 Quippe...
610 2839 672 2894 pluris
693 2848 707 2886 i.
726 2860 748 2893 r.;
769 2842 858 2886 ultimum
879 2840 993 2886 uocabulum

168 2919 211 2956 erat
225 2929 293 2964 quam.
348 2909 381 2955 25.
395 2910 481 2964 omnia„
495 2928 518 2967 ac
532 2917 545 2955 ι’.
560 2927 583 2960 ν.;
597 2909 631 2954 sut
640 2910 734 2966 (putav)it
744 2908 816 2960 melius
826 2918 871 2954 arar
883 2907 992 2954 revolvens.

169 2977 201 3023 28.
215 2978 246 3023 Ex
256 2976 371 3022 conditione
383 2996 432 3022 corr.
488 2976 520 3022 32.
534 2976 595 3031 idque
609 2987 685 3021 curaret
694 2976 749 3020 omni
759 2982 772 3021 ι’.
780 2995 795 3021 r.
851 2974 883 3020 33.
893 2976 947 3030 (n)ec
956 2983 969 3021 ι’.
977 2994 992 3020 r.
