2093 3253
118 672 225 720 Siccoms
240 669 371 717 Pourrvrom
387 668 457 724 Lissa
472 666 619 715 Scaurorum
636 668 774 730 {saussaium
791 684 793 686 ·

218 749 319 809 Linum
334 747 438 799 Lincurr
454 744 562 796 Exrucir
576 745 670 795 Primus,

180 829 274 877 liveram
284 827 402 877 Secuunus
416 825 453 875 An
469 825 612 876 Poernoaum
628 823 723 885 Fruum,

44 1067 46 1069 ’
121 1053 185 1102 Soleo
200 1071 293 1106 mecum,
311 1050 416 1108 Polydore
434 1050 464 1097 mi
482 1050 608 1097 suavissime
625 1049 662 1119 fili,
681 1049 819 1112 vehementer
836 1068 862 1096 ac

79 1132 233 1185 saepenumero
243 1124 351 1183 gratulari,
362 1123 422 1183 quod
432 1123 561 1180 ingredienti
571 1123 624 1170 mihi
635 1121 691 1170 hanc
700 1123 764 1170 istam
773 1122 862 1180 provin-

80 1200 142 1254 ciam,
151 1199 174 1247 in
183 1218 234 1257 qua,
243 1198 275 1246 uti
285 1216 334 1245 sum
343 1195 459 1255 pollicitus,
470 1195 584 1244 memorari
594 1194 674 1247 debent
682 1195 738 1259 vitae
748 1193 862 1243 hominum

80 1272 166 1321 illorum
175 1271 213 1331 qui
222 1278 244 1319 e't
253 1269 335 1319 Latinis
345 1268 396 1318 sunt
405 1268 480 1327 litteris
489 1268 523 1317 usi
532 1280 554 1317 et
562 1267 606 1317 ulla
615 1267 674 1317 dere
683 1261 746 1317 docte
754 1268 779 1316 ac
788 1279 862 1316 ornate

55 1346 67 1394 5
82 1346 221 1403 scripserunt,
236 1343 337 1402 permulti
353 1363 378 1391 ac
389 1361 457 1401 prope
468 1341 546 1390 infiniti
558 1349 671 1390 o‘ccurrant
682 1342 720 1400 qui
731 1361 771 1390 suo
782 1341 863 1396 studio,

81 1410 174 1474 ingenio,
191 1435 246 1465 cura
259 1435 284 1464 ea
300 1415 344 1463 sint
360 1414 475 1472 complexi,
492 1414 591 1468 assecuti,
608 1413 681 1472 adepti
698 1413 778 1472 quibus
795 1414 863 1471 possit

82 1490 197 1549 quisquam
206 1488 274 1538 claros
283 1488 339 1536 inter
348 1488 462 1546 scriptores
471 1506 496 1535 ac
505 1486 599 1535 illustres
608 1487 665 1535 viros
674 1487 721 1535 iure
729 1487 813 1545 optimo
822 1506 864 1535 nu-

82 1563 166 1611 merari.
181 1562 264 1610 Habuit
272 1562 331 1610 enim
339 1567 380 1609 nec
388 1579 468 1619 paucos
477 1560 553 1608 habuit
563 1560 623 1608 ltalia
631 1561 688 1608 viros
696 1560 750 1608 adeo
759 1559 864 1618 pollentes

82 1636 168 1693 ingenio
177 1635 275 1693 adeoque
283 1634 389 1682 virtutum
398 1626 497 1681 omnium
506 1633 614 1680 studiosos
623 1653 648 1680 ac
657 1632 737 1680 dociles
746 1645 777 1687 ut,
787 1652 865 1691 quam-

45 1708 69 1756 10
84 1717 170 1765 cunque
185 1707 213 1755 ad
228 1706 387 1755 rem-animum
402 1704 525 1753 inclinarint
541 1725 596 1763 quae
611 1705 693 1763 percipi
708 1704 753 1753 ullo
769 1704 870 1754 humano.

83 1780 169 1838 ingenio
183 1792 205 1828 et
216 1779 339 1838 cognitione
350 1778 425 1837 possit,
438 1798 486 1826 eam
497 1777 633 1836 perceperint
643 1790 703 1826 tanta
714 1797 765 1826 cum
774 1777 866 1837 integri·
889 1840 891 1842 V

83 1865 127 1900 tate
140 1865 165 1901 ut
176 1873 221 1900 non
232 1851 311 1900 eruditi
322 1851 367 1900 ullo
378 1872 391 1899 a
402 1845 504 1909 magistio
516 1851 555 1899 sed
566 1851 625 1899 missi
637 1871 649 1898 e
660 1850 719 1899 caelo
730 1850 833 1900 divinitus
844 1863 866 1900 et
890 1852 892 1855 ”

84 1925 128 1972 nati
138 1925 166 1972 ad
177 1944 225 1973 eam
235 1943 281 1972 rem
291 1924 337 1972 sine
348 1923 416 1972 dubio
426 1923 547 1972 videantur.
563 1922 650 1982 Nempe
665 1922 719 1971 illud
729 1935 761 1971 est
776 1923 866 1971 omnino

85 2017 167 2053 verum,
178 1998 239 2057 quod
251 1998 317 2052 ltalia,
328 1998 368 2045 etsi
379 1998 525 2055 cognitionem
535 2009 556 2044 et
566 2017 632 2045 usum
642 1997 789 2045 doctrinarum
799 1998 866 2045 serius

47 2071 71 2118 15
86 2090 152 2128 quam
162 2070 239 2118 Graeci
249 2083 314 2128 atque
323 2071 375 2128 ipsis
384 2090 397 2117 a
407 2070 496 2117 Graecis
505 2071 617 2127 acceperit,
628 2070 750 2127 sumpserit,
760 2070 867 2124 habuerit,

86 2141 194 2201 fueritque
205 2161 268 2200 saepe
279 2162 304 2190 ac
313 2160 383 2201 prope
394 2160 480 2200 semper
490 2141 552 2190 bellis
564 2142 662 2190 maximis
673 2141 783 2200 impedita,
795 2154 867 2190 tamen

87 2227 228 2274 posteaquam
246 2215 432 2271 iucundissimam
447 2214 506 2264 illam
529 2216 657 2265 suavitatem
677 2227 698 2264 et
718 2214 869 2265 dulcissimum

86 2287 182 2352 fructum
196 2288 320 2337 litteramm
331 2302 353 2336 et
368 2290 485 2347 sapientiae
501 2289 627 2346 degustavit,
637 2290 724 2338 mirum
736 2289 762 2337 in
778 2289 869 2338 modum

87 2360 139 2418 ipsis
150 2360 254 2408 delectata
264 2374 296 2408 est
306 2373 436 2419 tantumque
447 2360 498 2415 huic
508 2361 546 2416 rei,
558 2381 624 2419 quam
634 2361 753 2419 perciperet
763 2361 869 2419 optimam

47 2432 75 2478 20
89 2444 110 2478 et
125 2444 220 2479 sanctam
237 2452 290 2485 esse,
308 2432 357 2486 ocii,
373 2451 443 2486 curae,
465 2433 545 2489 ingenii
566 2432 642 2480 tribuit
657 2445 681 2480 ut
697 2431 758 2480 lacile
768 2446 869 2491 appareat

88 2504 157 2562 ipsam
171 2503 250 2552 deinde
257 2504 351 2563 amplius
359 2504 413 2553 nihil
422 2525 488 2563 quam
496 2505 599 2553 virtutem
606 2518 628 2553 et
636 2506 763 2564 sapientiam
770 2505 870 2555 coluisse.

89 2576 136 2624 Nec
150 2577 240 2634 quidem
254 2577 330 2625 habuit
339 2577 409 2626 nullos
420 2578 457 2636 qui
467 2590 504 2626 aut
513 2577 615 2635 praeferri
625 2591 662 2626 aut
671 2578 746 2626 saltem
755 2578 870 2638 adaequari

77 2701 79 2703 ,
89 2651 172 2706 possint
181 2648 222 2696 illis
232 2649 297 2696 etiam
306 2650 359 2707 ipsis
369 2649 458 2698 Graecis
468 2650 537 2697 doctis
547 2662 569 2698 et
578 2650 639 2699 claris
649 2651 700 2699 viris
710 2652 748 2709 qui
758 2670 781 2699 se
790 2652 871 2700 doctri·
898 2707 900 2709 ,
940 2650 942 2654 ’
962 2643 964 2646 ’

90 2731 167 2770 narum
177 2722 276 2770 omnium
286 2741 311 2770 ac
321 2723 438 2780 sapientiae
448 2723 570 2780 inventores
581 2736 602 2772 et
613 2724 720 2783 principes
731 2744 778 2773 esse
787 2724 871 2774 volunt.

49 2793 76 2842 25
91 2794 163 2843 Taceo
177 2795 276 2843 bellicam
291 2814 344 2851 rem,
360 2817 403 2854 qua
417 2817 461 2844 una
476 2796 595 2854 disciplina,
611 2795 718 2852 felicitate,
734 2798 813 2847 virtute
828 2818 872 2846 non

47 2904 190 2913 Ἣ

88 2963 108 3008 5.
123 2976 215 3010 occurant
229 2964 248 3010 Ο
263 2968 342 3011 occrant
356 2966 380 3016 R.
439 2965 468 3012 15.
483 2965 514 3013 Ex
528 2985 591 3021 acque
607 2986 657 3013 corr.
698 3005 700 3008 .
757 2996 758 2999 =
830 2981 833 2986 ’
