<?xml version="1.0" encoding="UTF-8"?>
<!DOCTYPE html PUBLIC "-//W3C//DTD XHTML 1.0 Transitional//EN"
    "http://www.w3.org/TR/xhtml1/DTD/xhtml1-transitional.dtd">
<html xmlns="http://www.w3.org/1999/xhtml" xml:lang="en" lang="en">
 <head>
  <title>
</title>
<meta http-equiv="Content-Type" content="text/html;charset=utf-8" />
  <meta name='ocr-system' content='tesseract 3.04.00' />
  <meta name='ocr-capabilities' content='ocr_page ocr_carea ocr_par ocr_line ocrx_word'/>
</head>
<body>
  <div class='ocr_page' id='page_1' title='image "MN40033ucmf_2_0213.png"; bbox 0 0 2093 3253; ppageno 0'>
   <div class='ocr_carea' id='block_1_1' title="bbox 254 138 871 194">
    <p class='ocr_par' dir='ltr' id='par_1_1' title="bbox 254 138 871 194">
     <span class='ocr_line' id='line_1_1' title="bbox 254 138 871 194; baseline -0.005 -11"><span class='ocrx_word' id='word_1_1' title='bbox 254 151 383 194; x_wconf 78' lang='lat' dir='ltr'>scnnronun</span> <span class='ocrx_word' id='word_1_2' title='bbox 398 151 522 183; x_wconf 82' lang='lat' dir='ltr'>ntusmmn</span> <span class='ocrx_word' id='word_1_3' title='bbox 534 163 549 168; x_wconf 81' lang='lat'><em>-</em></span> <span class='ocrx_word' id='word_1_4' title='bbox 563 151 621 182; x_wconf 79' lang='lat' dir='ltr'>nam</span> <span class='ocrx_word' id='word_1_5' title='bbox 636 151 663 180; x_wconf 85' lang='lat' dir='ltr'>iv.</span> <span class='ocrx_word' id='word_1_6' title='bbox 834 138 871 183; x_wconf 81' lang='lat'>139</span> 
     </span>
    </p>
   </div>
   <div class='ocr_carea' id='block_1_2' title="bbox 54 265 878 1999">
    <p class='ocr_par' dir='ltr' id='par_1_2' title="bbox 87 265 872 464">
     <span class='ocr_line' id='line_1_2' title="bbox 89 265 871 330; baseline -0.009 -11"><span class='ocrx_word' id='word_1_7' title='bbox 89 290 175 330; x_wconf 87' lang='lat' dir='ltr'>quoque</span> <span class='ocrx_word' id='word_1_8' title='bbox 190 268 269 325; x_wconf 82' lang='lat' dir='ltr'>lingua,</span> <span class='ocrx_word' id='word_1_9' title='bbox 281 286 326 323; x_wconf 91' lang='lat' dir='ltr'>quo</span> <span class='ocrx_word' id='word_1_10' title='bbox 342 268 364 314; x_wconf 90' lang='lat' dir='ltr'>in</span> <span class='ocrx_word' id='word_1_11' title='bbox 375 285 453 323; x_wconf 82' lang='lat' dir='ltr'>genere</span> <span class='ocrx_word' id='word_1_12' title='bbox 468 266 587 323; x_wconf 90' lang='lat' dir='ltr'>plurimum</span> <span class='ocrx_word' id='word_1_13' title='bbox 598 265 671 320; x_wconf 79' lang='lat' dir='ltr'>veluit,</span> <span class='ocrx_word' id='word_1_14' title='bbox 683 278 707 313; x_wconf 88' lang='lat' dir='ltr'>ut</span> <span class='ocrx_word' id='word_1_15' title='bbox 712 265 871 322; x_wconf 78' lang='lat' dir='ltr'>pretermittam</span> 
     </span>
     <span class='ocr_line' id='line_1_3' title="bbox 88 337 872 396; baseline -0.009 -5"><span class='ocrx_word' id='word_1_16' title='bbox 88 341 148 395; x_wconf 87' lang='lat' dir='ltr'>nihil,</span> <span class='ocrx_word' id='word_1_17' title='bbox 159 339 272 387; x_wconf 86' lang='lat' dir='ltr'>amatorias</span> <span class='ocrx_word' id='word_1_18' title='bbox 283 338 401 386; x_wconf 81' lang='lat' dir='ltr'><strong>cantilenas</strong></span> <span class='ocrx_word' id='word_1_19' title='bbox 412 357 436 385; x_wconf 81' lang='lat' dir='ltr'>ae</span> <span class='ocrx_word' id='word_1_20' title='bbox 447 337 513 385; x_wconf 90' lang='lat' dir='ltr'>libros</span> <span class='ocrx_word' id='word_1_21' title='bbox 524 338 655 387; x_wconf 87' lang='lat' dir='ltr'>Sonetorum</span> <span class='ocrx_word' id='word_1_22' title='bbox 666 350 688 385; x_wconf 89' lang='lat' dir='ltr'>et</span> <span class='ocrx_word' id='word_1_23' title='bbox 698 337 872 396; x_wconf 86' lang='lat' dir='ltr'>Triumphorum</span> 
     </span>
     <span class='ocr_line' id='line_1_4' title="bbox 87 414 145 464; baseline -0.034 0"><span class='ocrx_word' id='word_1_24' title='bbox 87 414 145 464; x_wconf 79' lang='lat' dir='ltr'>lecit.</span> 
     </span>
    </p>

    <p class='ocr_par' dir='ltr' id='par_1_3' title="bbox 130 484 871 544">
     <span class='ocr_line' id='line_1_5' title="bbox 130 484 871 544; baseline -0.003 -10"><span class='ocrx_word' id='word_1_25' title='bbox 130 487 217 543; x_wconf 85' lang='lat' dir='ltr'>Quippe</span> <span class='ocrx_word' id='word_1_26' title='bbox 232 484 319 534; x_wconf 89' lang='lat' dir='ltr'>dicendi</span> <span class='ocrx_word' id='word_1_27' title='bbox 331 504 399 543; x_wconf 83' lang='lat' dir='ltr'>genus</span> <span class='ocrx_word' id='word_1_28' title='bbox 411 485 541 533; x_wconf 87' lang='lat' dir='ltr'>intentatum</span> <span class='ocrx_word' id='word_1_29' title='bbox 553 484 640 544; x_wconf 88' lang='lat' dir='ltr'>reliquit</span> <span class='ocrx_word' id='word_1_30' title='bbox 651 484 737 534; x_wconf 90' lang='lat' dir='ltr'>nullum</span> <span class='ocrx_word' id='word_1_31' title='bbox 748 496 813 544; x_wconf 86' lang='lat' dir='ltr'>atque</span> <span class='ocrx_word' id='word_1_32' title='bbox 824 485 871 533; x_wconf 87' lang='lat' dir='ltr'>istis</span> 
     </span>
    </p>

    <p class='ocr_par' dir='ltr' id='par_1_4' title="bbox 64 557 873 908">
     <span class='ocr_line' id='line_1_6' title="bbox 64 557 873 615; baseline -0.007 -6"><span class='ocrx_word' id='word_1_33' title='bbox 64 564 77 612; x_wconf 81' lang='grc'><em>5</em></span> <span class='ocrx_word' id='word_1_34' title='bbox 91 564 114 609; x_wconf 89' lang='lat' dir='ltr'>in</span> <span class='ocrx_word' id='word_1_35' title='bbox 128 558 205 607; x_wconf 90' lang='lat' dir='ltr'>studiis</span> <span class='ocrx_word' id='word_1_36' title='bbox 220 578 244 605; x_wconf 88' lang='lat' dir='ltr'>ea</span> <span class='ocrx_word' id='word_1_37' title='bbox 255 557 364 614; x_wconf 78' lang='lat' dir='ltr'>gravitate,</span> <span class='ocrx_word' id='word_1_38' title='bbox 375 557 444 614; x_wconf 85' lang='lat' dir='ltr'>copia,</span> <span class='ocrx_word' id='word_1_39' title='bbox 455 557 521 614; x_wconf 77' lang='lat' dir='ltr'>gratia</span> <span class='ocrx_word' id='word_1_40' title='bbox 531 569 627 605; x_wconf 76' lang='lat' dir='ltr'>versatus</span> <span class='ocrx_word' id='word_1_41' title='bbox 637 570 670 605; x_wconf 90' lang='lat' dir='ltr'>est</span> <span class='ocrx_word' id='word_1_42' title='bbox 680 570 705 605; x_wconf 92' lang='lat' dir='ltr'>ut</span> <span class='ocrx_word' id='word_1_43' title='bbox 715 557 753 615; x_wconf 94' lang='lat' dir='ltr'>qui</span> <span class='ocrx_word' id='word_1_44' title='bbox 763 558 829 605; x_wconf 84' lang='lat' dir='ltr'>etiam</span> <span class='ocrx_word' id='word_1_45' title='bbox 838 576 873 605; x_wconf 87' lang='lat' dir='ltr'>se-</span> 
     </span>
     <span class='ocr_line' id='line_1_7' title="bbox 89 627 872 689; baseline -0.005 -8"><span class='ocrx_word' id='word_1_46' title='bbox 89 631 198 682; x_wconf 86' lang='lat' dir='ltr'>verissime</span> <span class='ocrx_word' id='word_1_47' title='bbox 212 629 309 678; x_wconf 86' lang='lat' dir='ltr'>iudicant</span> <span class='ocrx_word' id='word_1_48' title='bbox 324 627 433 678; x_wconf 75' lang='lat' dir='ltr'>fateantur</span> <span class='ocrx_word' id='word_1_49' title='bbox 447 629 520 686; x_wconf 90' lang='lat' dir='ltr'>ipsum</span> <span class='ocrx_word' id='word_1_50' title='bbox 535 628 659 679; x_wconf 83' lang='lat' dir='ltr'>excelluisse</span> <span class='ocrx_word' id='word_1_51' title='bbox 674 642 764 679; x_wconf 86' lang='lat' dir='ltr'>cunctos</span> <span class='ocrx_word' id='word_1_52' title='bbox 780 629 818 689; x_wconf 92' lang='lat' dir='ltr'>qui</span> <span class='ocrx_word' id='word_1_53' title='bbox 834 641 872 678; x_wconf 77' lang='lat' dir='ltr'>eut</span> 
     </span>
     <span class='ocr_line' id='line_1_8' title="bbox 90 701 872 761; baseline -0.003 -7"><span class='ocrx_word' id='word_1_54' title='bbox 90 704 193 754; x_wconf 81' lang='lat' dir='ltr'>memoria</span> <span class='ocrx_word' id='word_1_55' title='bbox 206 723 245 752; x_wconf 89' lang='lat' dir='ltr'>sua</span> <span class='ocrx_word' id='word_1_56' title='bbox 260 702 356 751; x_wconf 88' lang='lat' dir='ltr'>viverent</span> <span class='ocrx_word' id='word_1_57' title='bbox 367 714 405 751; x_wconf 88' lang='lat' dir='ltr'>aut</span> <span class='ocrx_word' id='word_1_58' title='bbox 416 702 521 760; x_wconf 87' lang='lat' dir='ltr'>superiori</span> <span class='ocrx_word' id='word_1_59' title='bbox 532 714 602 751; x_wconf 86' lang='lat' dir='ltr'>aetate</span> <span class='ocrx_word' id='word_1_60' title='bbox 614 701 672 751; x_wconf 89' lang='lat' dir='ltr'>mille</span> <span class='ocrx_word' id='word_1_61' title='bbox 685 722 753 761; x_wconf 87' lang='lat' dir='ltr'>prope</span> <span class='ocrx_word' id='word_1_62' title='bbox 764 703 792 752; x_wconf 80' lang='lat' dir='ltr'>ad</span> <span class='ocrx_word' id='word_1_63' title='bbox 804 722 872 752; x_wconf 78' lang='lat' dir='ltr'>annos</span> 
     </span>
     <span class='ocr_line' id='line_1_9' title="bbox 90 775 873 835; baseline -0.003 -9"><span class='ocrx_word' id='word_1_64' title='bbox 90 780 135 827; x_wconf 87' lang='lat' dir='ltr'>istis</span> <span class='ocrx_word' id='word_1_65' title='bbox 150 778 173 824; x_wconf 92' lang='lat' dir='ltr'>in</span> <span class='ocrx_word' id='word_1_66' title='bbox 188 776 263 823; x_wconf 86' lang='lat' dir='ltr'>litteris</span> <span class='ocrx_word' id='word_1_67' title='bbox 274 775 407 823; x_wconf 79' lang='lat' dir='ltr'>claruissent.</span> <span class='ocrx_word' id='word_1_68' title='bbox 419 775 498 833; x_wconf 87' lang='lat' dir='ltr'>Neque</span> <span class='ocrx_word' id='word_1_69' title='bbox 509 792 560 823; x_wconf 91' lang='lat' dir='ltr'>vero</span> <span class='ocrx_word' id='word_1_70' title='bbox 571 775 594 822; x_wconf 91' lang='lat' dir='ltr'>id</span> <span class='ocrx_word' id='word_1_71' title='bbox 605 789 684 832; x_wconf 84' lang='lat' dir='ltr'>negant</span> <span class='ocrx_word' id='word_1_72' title='bbox 695 777 733 834; x_wconf 92' lang='lat' dir='ltr'>qui</span> <span class='ocrx_word' id='word_1_73' title='bbox 744 775 806 823; x_wconf 86' lang='lat' dir='ltr'>lateri</span> <span class='ocrx_word' id='word_1_74' title='bbox 817 794 873 835; x_wconf 81' lang='lat' dir='ltr'>quae</span> 
     </span>
     <span class='ocr_line' id='line_1_10' title="bbox 90 847 873 908; baseline -0.005 -7"><span class='ocrx_word' id='word_1_75' title='bbox 90 864 140 901; x_wconf 88' lang='lat' dir='ltr'>sunt</span> <span class='ocrx_word' id='word_1_76' title='bbox 154 867 204 898; x_wconf 85' lang='lat' dir='ltr'>vera</span> <span class='ocrx_word' id='word_1_77' title='bbox 221 868 265 897; x_wconf 92' lang='lat' dir='ltr'>non</span> <span class='ocrx_word' id='word_1_78' title='bbox 282 851 389 903; x_wconf 83' lang='lat' dir='ltr'>verentur,</span> <span class='ocrx_word' id='word_1_79' title='bbox 408 849 481 906; x_wconf 87' lang='lat' dir='ltr'>ipsum</span> <span class='ocrx_word' id='word_1_80' title='bbox 497 868 544 896; x_wconf 88' lang='lat' dir='ltr'>esse</span> <span class='ocrx_word' id='word_1_81' title='bbox 561 847 623 897; x_wconf 91' lang='lat' dir='ltr'>illum</span> <span class='ocrx_word' id='word_1_82' title='bbox 640 850 678 908; x_wconf 91' lang='lat' dir='ltr'>qui</span> <span class='ocrx_word' id='word_1_83' title='bbox 695 862 717 898; x_wconf 91' lang='lat' dir='ltr'>et</span> <span class='ocrx_word' id='word_1_84' title='bbox 734 849 834 908; x_wconf 87' lang='lat' dir='ltr'>princeps</span> <span class='ocrx_word' id='word_1_85' title='bbox 851 861 873 897; x_wconf 90' lang='lat' dir='ltr'>et</span> 
     </span>
    </p>

    <p class='ocr_par' dir='ltr' id='par_1_5' title="bbox 54 921 875 1274">
     <span class='ocr_line' id='line_1_11' title="bbox 54 921 874 981; baseline -0.005 -6"><span class='ocrx_word' id='word_1_86' title='bbox 54 928 79 976; x_wconf 84' lang='lat' dir='ltr'>ll]</span> <span class='ocrx_word' id='word_1_87' title='bbox 92 937 166 973; x_wconf 78' lang='lat' dir='ltr'>auctor</span> <span class='ocrx_word' id='word_1_88' title='bbox 180 921 221 970; x_wconf 85' lang='lat' dir='ltr'>luit</span> <span class='ocrx_word' id='word_1_89' title='bbox 236 922 343 970; x_wconf 84' lang='lat' dir='ltr'>excitandi</span> <span class='ocrx_word' id='word_1_90' title='bbox 358 921 424 970; x_wconf 89' lang='lat' dir='ltr'>studii</span> <span class='ocrx_word' id='word_1_91' title='bbox 440 934 461 970; x_wconf 91' lang='lat' dir='ltr'>et</span> <span class='ocrx_word' id='word_1_92' title='bbox 476 922 554 979; x_wconf 89' lang='lat' dir='ltr'>poetici</span> <span class='ocrx_word' id='word_1_93' title='bbox 569 936 591 970; x_wconf 90' lang='lat' dir='ltr'>et</span> <span class='ocrx_word' id='word_1_94' title='bbox 606 923 676 970; x_wconf 90' lang='lat' dir='ltr'>omnis</span> <span class='ocrx_word' id='word_1_95' title='bbox 691 922 833 981; x_wconf 78' lang='lat' dir='ltr'>eloquentiae,</span> <span class='ocrx_word' id='word_1_96' title='bbox 849 935 874 971; x_wconf 89' lang='lat' dir='ltr'>ut</span> 
     </span>
     <span class='ocr_line' id='line_1_12' title="bbox 91 994 873 1055; baseline -0.001 -10"><span class='ocrx_word' id='word_1_97' title='bbox 91 1017 146 1055; x_wconf 92' lang='lat' dir='ltr'>quae</span> <span class='ocrx_word' id='word_1_98' title='bbox 158 995 234 1053; x_wconf 91' lang='lat' dir='ltr'>perdiu</span> <span class='ocrx_word' id='word_1_99' title='bbox 246 994 343 1052; x_wconf 82' lang='lat' dir='ltr'>neglecta</span> <span class='ocrx_word' id='word_1_100' title='bbox 354 994 440 1042; x_wconf 81' lang='lat' dir='ltr'>fuerant</span> <span class='ocrx_word' id='word_1_101' title='bbox 451 1008 473 1042; x_wconf 91' lang='lat' dir='ltr'>et</span> <span class='ocrx_word' id='word_1_102' title='bbox 484 995 545 1052; x_wconf 87' lang='lat' dir='ltr'>quasi</span> <span class='ocrx_word' id='word_1_103' title='bbox 558 997 627 1053; x_wconf 81' lang='lat' dir='ltr'>sopita</span> <span class='ocrx_word' id='word_1_104' title='bbox 639 995 777 1050; x_wconf 89' lang='lat' dir='ltr'>dormierant,</span> <span class='ocrx_word' id='word_1_105' title='bbox 790 1017 814 1044; x_wconf 89' lang='lat' dir='ltr'>ea</span> <span class='ocrx_word' id='word_1_106' title='bbox 825 1009 873 1044; x_wconf 87' lang='lat' dir='ltr'>tan-</span> 
     </span>
     <span class='ocr_line' id='line_1_13' title="bbox 91 1063 874 1127; baseline -0.001 -9"><span class='ocrx_word' id='word_1_107' title='bbox 91 1072 141 1118; x_wconf 89' lang='lat' dir='ltr'>dem</span> <span class='ocrx_word' id='word_1_108' title='bbox 156 1068 279 1117; x_wconf 84' lang='lat' dir='ltr'>mortalium</span> <span class='ocrx_word' id='word_1_109' title='bbox 288 1068 316 1116; x_wconf 85' lang='lat' dir='ltr'>ed</span> <span class='ocrx_word' id='word_1_110' title='bbox 325 1068 471 1126; x_wconf 79' lang='lat' dir='ltr'>cognitionem</span> <span class='ocrx_word' id='word_1_111' title='bbox 479 1089 588 1127; x_wconf 84' lang='lat' dir='ltr'>usumque</span> <span class='ocrx_word' id='word_1_112' title='bbox 598 1069 700 1118; x_wconf 87' lang='lat' dir='ltr'>redirent.</span> <span class='ocrx_word' id='word_1_113' title='bbox 711 1063 792 1118; x_wconf 85' lang='lat' dir='ltr'>Glatus</span> <span class='ocrx_word' id='word_1_114' title='bbox 801 1083 874 1118; x_wconf 86' lang='lat' dir='ltr'>tamen</span> 
     </span>
     <span class='ocr_line' id='line_1_14' title="bbox 92 1142 874 1201; baseline 0 -9"><span class='ocrx_word' id='word_1_115' title='bbox 92 1145 178 1192; x_wconf 92' lang='lat' dir='ltr'>illorum</span> <span class='ocrx_word' id='word_1_116' title='bbox 193 1144 264 1200; x_wconf 84' lang='lat' dir='ltr'>gustui</span> <span class='ocrx_word' id='word_1_117' title='bbox 275 1163 319 1190; x_wconf 95' lang='lat' dir='ltr'>non</span> <span class='ocrx_word' id='word_1_118' title='bbox 329 1142 383 1191; x_wconf 87' lang='lat' dir='ltr'>solet</span> <span class='ocrx_word' id='word_1_119' title='bbox 393 1162 440 1190; x_wconf 88' lang='lat' dir='ltr'>esse</span> <span class='ocrx_word' id='word_1_120' title='bbox 450 1143 487 1201; x_wconf 95' lang='lat' dir='ltr'>qui</span> <span class='ocrx_word' id='word_1_121' title='bbox 498 1156 549 1191; x_wconf 88' lang='lat' dir='ltr'>sunt</span> <span class='ocrx_word' id='word_1_122' title='bbox 558 1143 612 1191; x_wconf 76' lang='lat' dir='ltr'>adeo</span> <span class='ocrx_word' id='word_1_123' title='bbox 622 1143 706 1192; x_wconf 87' lang='lat' dir='ltr'>delicati</span> <span class='ocrx_word' id='word_1_124' title='bbox 716 1157 741 1192; x_wconf 92' lang='lat' dir='ltr'>ut</span> <span class='ocrx_word' id='word_1_125' title='bbox 751 1144 804 1192; x_wconf 87' lang='lat' dir='ltr'>nihil</span> <span class='ocrx_word' id='word_1_126' title='bbox 814 1145 874 1192; x_wconf 92' lang='lat' dir='ltr'>omni</span> 
     </span>
     <span class='ocr_line' id='line_1_15' title="bbox 92 1215 875 1274; baseline 0 -10"><span class='ocrx_word' id='word_1_127' title='bbox 92 1230 152 1274; x_wconf 89' lang='lat' dir='ltr'>parte</span> <span class='ocrx_word' id='word_1_128' title='bbox 166 1237 210 1264; x_wconf 92' lang='lat' dir='ltr'>non</span> <span class='ocrx_word' id='word_1_129' title='bbox 225 1215 346 1273; x_wconf 86' lang='lat' dir='ltr'>perlectum</span> <span class='ocrx_word' id='word_1_130' title='bbox 359 1215 454 1269; x_wconf 90' lang='lat' dir='ltr'>laudent;</span> <span class='ocrx_word' id='word_1_131' title='bbox 468 1216 506 1263; x_wconf 92' lang='lat' dir='ltr'>sed</span> <span class='ocrx_word' id='word_1_132' title='bbox 519 1216 657 1264; x_wconf 83' lang='lat' dir='ltr'>meminerint</span> <span class='ocrx_word' id='word_1_133' title='bbox 670 1216 780 1264; x_wconf 85' lang='lat' dir='ltr'>Ciceronis</span> <span class='ocrx_word' id='word_1_134' title='bbox 793 1237 839 1264; x_wconf 83' lang='lat' dir='ltr'>esse</span> <span class='ocrx_word' id='word_1_135' title='bbox 851 1216 875 1264; x_wconf 86' lang='lat' dir='ltr'>in</span> 
     </span>
    </p>

    <p class='ocr_par' dir='ltr' id='par_1_6' title="bbox 57 1282 876 1639">
     <span class='ocr_line' id='line_1_16' title="bbox 57 1282 876 1347; baseline -0.004 -8"><span class='ocrx_word' id='word_1_136' title='bbox 57 1290 80 1339; x_wconf 81' lang='lat'>15</span> <span class='ocrx_word' id='word_1_137' title='bbox 94 1290 161 1338; x_wconf 89' lang='lat' dir='ltr'>Bmto</span> <span class='ocrx_word' id='word_1_138' title='bbox 173 1282 263 1342; x_wconf 86' lang='lat' dir='ltr'>dietum,</span> <span class='ocrx_word' id='word_1_139' title='bbox 275 1287 329 1336; x_wconf 91' lang='lat' dir='ltr'>nihil</span> <span class='ocrx_word' id='word_1_140' title='bbox 341 1286 405 1335; x_wconf 86' lang='lat' dir='ltr'>simul</span> <span class='ocrx_word' id='word_1_141' title='bbox 417 1299 438 1335; x_wconf 87' lang='lat' dir='ltr'>et</span> <span class='ocrx_word' id='word_1_142' title='bbox 449 1288 562 1336; x_wconf 89' lang='lat' dir='ltr'>inventum</span> <span class='ocrx_word' id='word_1_143' title='bbox 573 1300 594 1336; x_wconf 88' lang='lat' dir='ltr'>et</span> <span class='ocrx_word' id='word_1_144' title='bbox 606 1286 726 1346; x_wconf 84' lang='lat' dir='ltr'>perlectum</span> <span class='ocrx_word' id='word_1_145' title='bbox 738 1308 791 1338; x_wconf 84' lang='lat' dir='ltr'>esse.</span> <span class='ocrx_word' id='word_1_146' title='bbox 802 1288 876 1347; x_wconf 79' lang='lat' dir='ltr'>Atque</span> 
     </span>
     <span class='ocr_line' id='line_1_17' title="bbox 93 1360 875 1421; baseline -0.003 -10"><span class='ocrx_word' id='word_1_147' title='bbox 93 1362 146 1411; x_wconf 89' lang='lat' dir='ltr'>illud</span> <span class='ocrx_word' id='word_1_148' title='bbox 158 1375 249 1417; x_wconf 81' lang='lat' dir='ltr'>constat,</span> <span class='ocrx_word' id='word_1_149' title='bbox 263 1361 330 1420; x_wconf 87' lang='lat' dir='ltr'>quod,</span> <span class='ocrx_word' id='word_1_150' title='bbox 343 1362 383 1409; x_wconf 89' lang='lat' dir='ltr'>etsi</span> <span class='ocrx_word' id='word_1_151' title='bbox 396 1381 440 1409; x_wconf 93' lang='lat' dir='ltr'>non</span> <span class='ocrx_word' id='word_1_152' title='bbox 453 1361 606 1421; x_wconf 76' lang='lat' dir='ltr'>adaequandus</span> <span class='ocrx_word' id='word_1_153' title='bbox 620 1360 720 1411; x_wconf 87' lang='lat' dir='ltr'>Ciceroni</span> <span class='ocrx_word' id='word_1_154' title='bbox 733 1382 773 1410; x_wconf 90' lang='lat' dir='ltr'>nec</span> <span class='ocrx_word' id='word_1_155' title='bbox 785 1361 875 1421; x_wconf 78' lang='lat' dir='ltr'>Virgilio</span> 
     </span>
     <span class='ocr_line' id='line_1_18' title="bbox 93 1435 876 1494; baseline -0.001 -11"><span class='ocrx_word' id='word_1_156' title='bbox 93 1436 197 1488; x_wconf 85' lang='lat' dir='ltr'>videatur,</span> <span class='ocrx_word' id='word_1_157' title='bbox 211 1436 234 1483; x_wconf 90' lang='lat' dir='ltr'>id</span> <span class='ocrx_word' id='word_1_158' title='bbox 247 1448 320 1482; x_wconf 84' lang='lat' dir='ltr'>tamen</span> <span class='ocrx_word' id='word_1_159' title='bbox 333 1448 366 1482; x_wconf 89' lang='lat' dir='ltr'>est</span> <span class='ocrx_word' id='word_1_160' title='bbox 379 1455 418 1482; x_wconf 90' lang='lat' dir='ltr'>suo</span> <span class='ocrx_word' id='word_1_161' title='bbox 432 1435 518 1492; x_wconf 84' lang='lat' dir='ltr'>ingenio</span> <span class='ocrx_word' id='word_1_162' title='bbox 531 1455 556 1483; x_wconf 80' lang='lat' dir='ltr'>ec</span> <span class='ocrx_word' id='word_1_163' title='bbox 569 1435 679 1492; x_wconf 81' lang='lat' dir='ltr'>diligentia</span> <span class='ocrx_word' id='word_1_164' title='bbox 691 1448 802 1484; x_wconf 84' lang='lat' dir='ltr'>assecutus</span> <span class='ocrx_word' id='word_1_165' title='bbox 815 1436 876 1494; x_wconf 88' lang='lat' dir='ltr'>quod</span> 
     </span>
     <span class='ocr_line' id='line_1_19' title="bbox 93 1507 875 1565; baseline -0.001 -10"><span class='ocrx_word' id='word_1_166' title='bbox 93 1510 138 1555; x_wconf 88' lang='lat' dir='ltr'>istis</span> <span class='ocrx_word' id='word_1_167' title='bbox 153 1509 175 1555; x_wconf 90' lang='lat' dir='ltr'>in</span> <span class='ocrx_word' id='word_1_168' title='bbox 191 1508 268 1556; x_wconf 89' lang='lat' dir='ltr'>studiis</span> <span class='ocrx_word' id='word_1_169' title='bbox 284 1519 305 1554; x_wconf 91' lang='lat' dir='ltr'>et</span> <span class='ocrx_word' id='word_1_170' title='bbox 321 1508 355 1555; x_wconf 89' lang='lat' dir='ltr'>sui</span> <span class='ocrx_word' id='word_1_171' title='bbox 371 1519 393 1554; x_wconf 90' lang='lat' dir='ltr'>et</span> <span class='ocrx_word' id='word_1_172' title='bbox 409 1508 525 1565; x_wconf 87' lang='lat' dir='ltr'>superioris</span> <span class='ocrx_word' id='word_1_173' title='bbox 540 1509 644 1565; x_wconf 83' lang='lat' dir='ltr'>temporis</span> <span class='ocrx_word' id='word_1_174' title='bbox 660 1528 736 1556; x_wconf 86' lang='lat' dir='ltr'>omnes</span> <span class='ocrx_word' id='word_1_175' title='bbox 752 1508 780 1556; x_wconf 90' lang='lat' dir='ltr'>ad</span> <span class='ocrx_word' id='word_1_176' title='bbox 796 1507 875 1557; x_wconf 87' lang='lat' dir='ltr'>multos</span> 
     </span>
     <span class='ocr_line' id='line_1_20' title="bbox 93 1580 621 1639; baseline -0.002 -9"><span class='ocrx_word' id='word_1_177' title='bbox 93 1603 160 1630; x_wconf 89' lang='lat' dir='ltr'>annos</span> <span class='ocrx_word' id='word_1_178' title='bbox 175 1581 252 1639; x_wconf 90' lang='lat' dir='ltr'>quovis</span> <span class='ocrx_word' id='word_1_179' title='bbox 269 1580 356 1629; x_wconf 86' lang='lat' dir='ltr'>dicendi</span> <span class='ocrx_word' id='word_1_180' title='bbox 372 1580 395 1628; x_wconf 88' lang='lat' dir='ltr'>in</span> <span class='ocrx_word' id='word_1_181' title='bbox 412 1600 489 1637; x_wconf 81' lang='lat' dir='ltr'>genere</span> <span class='ocrx_word' id='word_1_182' title='bbox 506 1580 621 1637; x_wconf 86' lang='lat' dir='ltr'>superavit.</span> 
     </span>
    </p>

    <p class='ocr_par' dir='ltr' id='par_1_7' title="bbox 56 1652 878 1999">
     <span class='ocr_line' id='line_1_21' title="bbox 56 1652 878 1719; baseline -0.002 -15"><span class='ocrx_word' id='word_1_183' title='bbox 56 1656 82 1704; x_wconf 82' lang='lat'>20</span> <span class='ocrx_word' id='word_1_184' title='bbox 138 1654 197 1702; x_wconf 89' lang='lat' dir='ltr'>Haec</span> <span class='ocrx_word' id='word_1_185' title='bbox 206 1666 264 1707; x_wconf 83' lang='lat' dir='ltr'>sunt,</span> <span class='ocrx_word' id='word_1_186' title='bbox 273 1654 303 1701; x_wconf 92' lang='lat' dir='ltr'>mi</span> <span class='ocrx_word' id='word_1_187' title='bbox 312 1653 417 1719; x_wconf 84' lang='lat' dir='ltr'>Polydore</span> <span class='ocrx_word' id='word_1_188' title='bbox 425 1652 463 1708; x_wconf 85' lang='lat' dir='ltr'>fili,</span> <span class='ocrx_word' id='word_1_189' title='bbox 472 1673 528 1711; x_wconf 90' lang='lat' dir='ltr'>quae</span> <span class='ocrx_word' id='word_1_190' title='bbox 536 1653 602 1702; x_wconf 89' lang='lat' dir='ltr'>habui</span> <span class='ocrx_word' id='word_1_191' title='bbox 611 1667 710 1702; x_wconf 88' lang='lat' dir='ltr'>nostrum</span> <span class='ocrx_word' id='word_1_192' title='bbox 717 1655 746 1702; x_wconf 87' lang='lat' dir='ltr'>ad</span> <span class='ocrx_word' id='word_1_193' title='bbox 753 1655 878 1703; x_wconf 89' lang='lat' dir='ltr'>institutum</span> 
     </span>
     <span class='ocr_line' id='line_1_22' title="bbox 94 1725 876 1785; baseline -0.003 -10"><span class='ocrx_word' id='word_1_194' title='bbox 94 1739 118 1775; x_wconf 87' lang='lat' dir='ltr'>ut</span> <span class='ocrx_word' id='word_1_195' title='bbox 137 1728 231 1775; x_wconf 90' lang='lat' dir='ltr'>dicerem</span> <span class='ocrx_word' id='word_1_196' title='bbox 248 1727 276 1774; x_wconf 90' lang='lat' dir='ltr'>de</span> <span class='ocrx_word' id='word_1_197' title='bbox 292 1725 390 1774; x_wconf 82' lang='lat' dir='ltr'>Petrerca</span> <span class='ocrx_word' id='word_1_198' title='bbox 407 1745 431 1772; x_wconf 82' lang='lat' dir='ltr'>ac</span> <span class='ocrx_word' id='word_1_199' title='bbox 450 1726 538 1773; x_wconf 86' lang='lat' dir='ltr'>caeteris</span> <span class='ocrx_word' id='word_1_200' title='bbox 554 1727 591 1785; x_wconf 91' lang='lat' dir='ltr'>qui</span> <span class='ocrx_word' id='word_1_201' title='bbox 607 1738 683 1784; x_wconf 81' lang='lat' dir='ltr'>poetae</span> <span class='ocrx_word' id='word_1_202' title='bbox 698 1739 749 1774; x_wconf 89' lang='lat' dir='ltr'>sunt</span> <span class='ocrx_word' id='word_1_203' title='bbox 764 1727 876 1785; x_wconf 85' lang='lat' dir='ltr'>principali</span> 
     </span>
     <span class='ocr_line' id='line_1_23' title="bbox 95 1797 877 1858; baseline -0.004 -10"><span class='ocrx_word' id='word_1_204' title='bbox 95 1799 166 1848; x_wconf 88' lang='lat' dir='ltr'>studio</span> <span class='ocrx_word' id='word_1_205' title='bbox 176 1798 285 1858; x_wconf 70' lang='lat' dir='ltr'>qppellati.</span> <span class='ocrx_word' id='word_1_206' title='bbox 296 1797 405 1856; x_wconf 90' lang='lat' dir='ltr'>Deinceps</span> <span class='ocrx_word' id='word_1_207' title='bbox 413 1817 464 1845; x_wconf 88' lang='lat' dir='ltr'>vero</span> <span class='ocrx_word' id='word_1_208' title='bbox 474 1798 502 1846; x_wconf 84' lang='lat' dir='ltr'>ad</span> <span class='ocrx_word' id='word_1_209' title='bbox 512 1818 549 1845; x_wconf 90' lang='lat' dir='ltr'>eos</span> <span class='ocrx_word' id='word_1_210' title='bbox 560 1798 640 1857; x_wconf 86' lang='lat' dir='ltr'>quibus</span> <span class='ocrx_word' id='word_1_211' title='bbox 651 1798 721 1847; x_wconf 84' lang='lat' dir='ltr'>soluta</span> <span class='ocrx_word' id='word_1_212' title='bbox 732 1800 799 1856; x_wconf 79' lang='lat' dir='ltr'>magis</span> <span class='ocrx_word' id='word_1_213' title='bbox 809 1799 877 1847; x_wconf 88' lang='lat' dir='ltr'>oratio</span> 
     </span>
     <span class='ocr_line' id='line_1_24' title="bbox 95 1871 878 1932; baseline -0.001 -12"><span class='ocrx_word' id='word_1_214' title='bbox 95 1871 181 1931; x_wconf 85' lang='lat' dir='ltr'>placuit,</span> <span class='ocrx_word' id='word_1_215' title='bbox 197 1872 235 1921; x_wconf 90' lang='lat' dir='ltr'>sed</span> <span class='ocrx_word' id='word_1_216' title='bbox 249 1872 345 1930; x_wconf 92' lang='lat' dir='ltr'>primum</span> <span class='ocrx_word' id='word_1_217' title='bbox 359 1871 388 1918; x_wconf 87' lang='lat' dir='ltr'>ad</span> <span class='ocrx_word' id='word_1_218' title='bbox 398 1871 518 1925; x_wconf 84' lang='lat' dir='ltr'>historicos,</span> <span class='ocrx_word' id='word_1_219' title='bbox 531 1871 591 1929; x_wconf 90' lang='lat' dir='ltr'>quod</span> <span class='ocrx_word' id='word_1_220' title='bbox 602 1873 645 1919; x_wconf 89' lang='lat' dir='ltr'>sint</span> <span class='ocrx_word' id='word_1_221' title='bbox 657 1873 726 1930; x_wconf 89' lang='lat' dir='ltr'>poetis</span> <span class='ocrx_word' id='word_1_222' title='bbox 737 1872 802 1920; x_wconf 87' lang='lat' dir='ltr'>vicini</span> <span class='ocrx_word' id='word_1_223' title='bbox 812 1885 878 1932; x_wconf 85' lang='lat' dir='ltr'>atque</span> 
     </span>
     <span class='ocr_line' id='line_1_25' title="bbox 95 1946 314 1999; baseline -0.009 -7"><span class='ocrx_word' id='word_1_224' title='bbox 95 1946 177 1999; x_wconf 88' lang='lat' dir='ltr'>sororii,</span> <span class='ocrx_word' id='word_1_225' title='bbox 191 1946 314 1992; x_wconf 60' lang='lat' dir='ltr'>veniemus„</span> 
     </span>
    </p>
   </div>
   <div class='ocr_carea' id='block_1_3' title="bbox 57 2037 195 2047">
    <p class='ocr_par' dir='ltr' id='par_1_8' title="bbox 57 2037 195 2047">
     <span class='ocr_line' id='line_1_26' title="bbox 57 2037 195 2047; baseline -0.007 -1"><span class='ocrx_word' id='word_1_226' title='bbox 57 2037 195 2047; x_wconf 76' lang='lat'>--..--</span> 
     </span>
    </p>
   </div>
   <div class='ocr_carea' id='block_1_4' title="bbox 110 2087 286 2126">
    <p class='ocr_par' dir='ltr' id='par_1_9' title="bbox 110 2087 286 2126">
     <span class='ocr_line' id='line_1_27' title="bbox 110 2087 286 2126; baseline -0.006 -3"><span class='ocrx_word' id='word_1_227' title='bbox 110 2087 136 2123; x_wconf 72' lang='lat' dir='ltr'>ll.</span> <span class='ocrx_word' id='word_1_228' title='bbox 149 2088 184 2124; x_wconf 85' lang='lat' dir='ltr'>Cic.</span> <span class='ocrx_word' id='word_1_229' title='bbox 197 2090 244 2126; x_wconf 73' lang='lat' dir='ltr'>Brut.</span> <span class='ocrx_word' id='word_1_230' title='bbox 258 2089 286 2123; x_wconf 81' lang='lat' dir='ltr'>ll.</span> 
     </span>
    </p>
   </div>
   <div class='ocr_carea' id='block_1_5' title="bbox 59 2171 197 2180">
    <p class='ocr_par' dir='ltr' id='par_1_10' title="bbox 59 2171 197 2180">
     <span class='ocr_line' id='line_1_28' title="bbox 59 2171 197 2180; baseline 0.007 -1"><span class='ocrx_word' id='word_1_231' title='bbox 59 2171 197 2180; x_wconf 54' lang='lat'>--.—.—</span> 
     </span>
    </p>
   </div>
   <div class='ocr_carea' id='block_1_6' title="bbox 112 2219 443 2273">
    <p class='ocr_par' dir='ltr' id='par_1_11' title="bbox 112 2219 443 2273">
     <span class='ocr_line' id='line_1_29' title="bbox 112 2219 443 2273; baseline 0.003 -9"><span class='ocrx_word' id='word_1_232' title='bbox 112 2219 127 2264; x_wconf 93' lang='lat' dir='ltr'>l.</span> <span class='ocrx_word' id='word_1_233' title='bbox 141 2221 161 2265; x_wconf 90' lang='lat' dir='ltr'>in</span> <span class='ocrx_word' id='word_1_234' title='bbox 177 2230 222 2265; x_wconf 79' lang='lat' dir='ltr'>onte</span> <span class='ocrx_word' id='word_1_235' title='bbox 235 2220 302 2273; x_wconf 79' lang='lat' dir='ltr'>lingua</span> <span class='ocrx_word' id='word_1_236' title='bbox 316 2221 353 2266; x_wconf 85' lang='lat' dir='ltr'>del.</span> <span class='ocrx_word' id='word_1_237' title='bbox 367 2229 385 2266; x_wconf 83' lang='lat' dir='ltr'>et</span> <span class='ocrx_word' id='word_1_238' title='bbox 400 2235 443 2272; x_wconf 81' lang='lat' dir='ltr'>exp.</span> 
     </span>
    </p>
   </div>
   <div class='ocr_carea' id='block_1_7' title="bbox 0 0 1063 3253">
    <p class='ocr_par' dir='ltr' id='par_1_12' title="bbox 0 0 1063 3253">
     <span class='ocr_line' id='line_1_30' title="bbox 0 0 1063 3253; baseline 0 0"><span class='ocrx_word' id='word_1_239' title='bbox 0 0 1063 3253; x_wconf 95' lang='lat' dir='ltr'> </span> 
     </span>
    </p>
   </div>
  </div>
 </body>
</html>
