2093 3253
240 133 369 173 sculptorum
384 141 508 172 ILLUSTRIUM
521 154 536 159 -
549 142 607 172 LIBER
621 142 665 173 VIII.
831 121 872 172 2I7

53 305 54 308 ,
81 260 145 319 ¹Rege
157 279 244 317 nanque
255 256 322 307 Tullo
334 255 434 311 Hostilio,
448 258 485 315 oui
497 277 533 306 rex
545 258 620 306 tertius
631 258 691 315 apud
703 256 811 306 Romanos
823 255 872 311 luit,

87 334 167 382 fecialis
178 332 213 379 Μ.
224 330 321 378 Valerius
337 328 414 376 foedus
430 330 478 376 iniit
494 350 544 377 cum
554 330 652 382 Albanis,
663 342 687 376 ut
698 331 716 376 is
727 330 822 387 populus
832 331 873 376 im-

88 417 171 466 peraret
179 404 241 452 cuius
249 401 357 460 trigemini
367 401 389 449 in
398 422 470 459 pugna
478 402 570 450 victores
578 414 657 449 essent.
667 400 773 460 Legatum
782 400 874 449 Romani

88 493 169 529 veteres
184 476 282 524 lecialem
299 476 316 521 si
334 476 361 522 de
378 474 442 528 bello,
475 475 638 523 caduceatorem
654 475 672 521 si
690 475 717 522 de
734 495 786 532 pace
803 486 874 533 ageret

64 556 75 603 5
91 549 234 610 appellabant.
245 548 292 595 Hac
301 568 313 595 e
322 547 403 595 familia
412 548 436 595 P.
445 547 543 595 Valerius
552 548 691 605 depellendos
701 548 729 595 ad
738 566 798 604 reges
808 547 876 594 Bruto

90 642 161 672 comes
171 634 192 669 et
206 621 292 669 adiutor
301 618 350 667 luit.
363 619 425 667 Idem
434 633 508 678 postea
518 620 593 668 consul
603 618 763 668 defendendam
773 619 801 667 ad
811 618 875 666 Iiber-

89 711 155 745 tatem
166 707 249 742 creatus
261 693 343 751 populo
354 693 463 740 summisit
474 691 542 740 fasces
554 706 575 740 et
586 713 653 752 quam
664 713 750 741 summo
762 693 784 740 in
796 692 875 740 vertice

90 769 162 817 Veliae
174 766 313 815 exedificabat
325 766 422 820 domum,
434 786 482 814 eam
493 766 521 817 ad
532 765 592 813 collis
604 765 704 814 infimum
716 766 805 813 materia
816 765 875 813 omni

91 841 159 889 delata
171 838 273 890 traduxit,
287 859 331 895 quo
344 851 365 884 et
378 851 447 885 ortam
460 839 606 895 suspicionem
618 837 711 885 affectati
725 839 784 894 regni
797 837 876 885 delevit

54 916 77 967 10
92 932 179 974 prorsus
194 925 215 959 et
230 910 271 959 sibi
283 909 399 969 liberisque
412 911 456 959 suis
468 931 492 958 ac
503 911 595 970 posteris
606 909 708 959 omnibus
720 931 840 969 cognomen
852 923 876 958 ut

25 1048 27 1050 q
92 984 213 1034 Publicolae
237 984 372 1042 appellentur
397 983 455 1031 lecit.
480 983 551 1031 Huius
571 976 647 1032 autem
663 983 786 1032 Publicolae
804 982 876 1037 irater,

93 1059 125 1106 M.
141 1056 245 1110 Valerius,
255 1056 313 1103 baud
322 1056 402 1103 multos
410 1069 485 1114 postea
492 1056 521 1103 ad
528 1077 597 1103 annos
606 1056 698 1103 dictator
704 1054 776 1103 lactus
785 1055 877 1103 dicendo

92 1130 173 1179 sedavit
187 1128 308 1177 Romanam
321 1128 415 1188 plebem,
430 1149 486 1188 quae
500 1128 590 1177 Anienis
603 1128 631 1177 ad
644 1128 715 1187 ripam
728 1128 781 1196 Irata
795 1128 878 1177 senatui

94 1202 225 1251 consederet.
241 1202 390 1258 Quamobrem
402 1202 456 1249 illud
468 1215 499 1249 est
511 1202 538 1249 ad
550 1202 635 1249 virtutis
648 1197 756 1259 premium
767 1214 877 1249 assecutus

56 1279 80 1325 15
95 1289 126 1329 ut,
142 1275 327 1333 quemadmodum
338 1273 404 1321 lrater
414 1274 524 1321 Publicola
535 1274 564 1321 ob
574 1275 701 1321 summissos
712 1274 794 1332 populo
804 1265 878 1326 fasces}

94 1349 123 1396 ita
138 1349 184 1405 ipse
199 1347 228 1395 ob
243 1347 402 1395 reconciliatam
417 1348 500 1395 senatui
517 1346 603 1405 plebem
619 1345 693 1404 (relert
709 1347 750 1394 hoc
766 1345 842 1394 Cicero
858 1347 879 1393 in

95 1421 161 1467 Bruto
176 1420 225 1477 suo)
237 1421 365 1477 cognomine
377 1420 404 1465 sit
417 1419 527 1467 Matrimus
538 1420 665 1477 appellatus.
688 1411 690 1414 .

137 1492 176 1539 His
195 1492 311 1539 maioribus
337 1506 410 1539 noster
428 1493 463 1539 hic
480 1492 577 1539 Valerius
599 1493 716 1546 Maximus,
738 1492 765 1539 de
785 1513 829 1549 quo
848 1505 881 1539 est

96 1565 158 1611 nobis
172 1563 296 1622 principalis
312 1583 390 1617 sermo,
407 1577 469 1611 natus
485 1577 524 1612 est.
543 1558 664 1621 Imperabat
682 1577 735 1611 tunc
750 1562 881 1611 Octavianus

56 1638 82 1685 20
97 1638 214 1695 Augustus.
229 1637 274 1685 Iam
286 1637 344 1685 enim
356 1655 389 1684 res
402 1636 488 1695 publica
500 1656 603 1696 oppresso
615 1650 691 1686 senatu
702 1637 787 1686 violatis
798 1636 882 1701 legibus

96 1710 123 1756 ad
137 1710 239 1761 Caesares
255 1723 349 1758 venerat.
365 1709 445 1768 Noster
456 1722 529 1757 autem
540 1709 638 1757 Valerius
649 1709 726 1757 litteris
740 1709 803 1756 datus
814 1709 882 1756 histo·

97 1781 139 1828 riae
149 1780 269 1839 plurimum
279 1781 363 1828 studuit
375 1778 516 1839 exemplaque
527 1780 613 1838 collegit
624 1780 699 1830 multa.
711 1779 758 1828 Hac
767 1781 794 1828 de
802 1799 825 1828 re
833 1779 882 1828 libri

97 1865 146 1901 sunt
154 1853 181 1901 ab
189 1874 215 1901 eo
223 1853 299 1902 decem
307 1853 388 1911 scripti.
398 1853 464 1901 Urbis
473 1873 561 1913 nanque
569 1853 650 1901 Romae
658 1866 823 1912 exterarumque
831 1873 882 1910 gen·

97 1926 152 1973 tium
161 1926 218 1973 dicta
227 1926 291 1973 simul
300 1939 321 1973 et
330 1926 386 1974 lacta
395 1945 450 1984 quae
459 1927 524 1983 digna
533 1934 579 1974 esse
589 1927 692 1974 memoria
701 1927 826 1974 viderentur
835 1944 883 1983 per·

58 1997 84 2042 25
99 1998 184 2043 strinxit
195 1998 268 2053 paucis
277 1998 396 2055 eademque
407 2010 467 2044 tanto
478 2018 529 2045 cum
540 1998 616 2045 ordine
626 1999 785 2046 ac-maturitate
796 1999 884 2055 digessit

98 2082 121 2116 ut
136 2091 192 2127 quae
205 2069 284 2118 diffusa
296 2069 356 2128 apud
368 2071 484 2128 scriptores
498 2084 581 2119 veteres
594 2070 732 2124 haberentur,
746 2092 771 2127 ea
784 2070 827 2119 sint
840 2092 884 2118 non

99 2143 170 2190 minus
179 2155 254 2191 ornate
262 2163 329 2201 quam
337 2143 432 2191 breviter
441 2143 505 2191 dicta.
515 2143 559 2199 Qui
567 2156 641 2192 autem
650 2143 701 2191 velit
710 2136 808 2200 exempla
817 2144 885 2201 possit

99 2233 123 2260 ea
138 2214 233 2271 preclara
240 2227 265 2267 ,et
274 2215 304 2262 ,ad
315 2216 406 2263 virtutes
418 2228 439 2262 et
450 2215 478 2262 ad
489 2216 541 2262 vitia
552 2216 656 2262 invenire.

141 2286 244 2333 Amicum
252 2305 303 2350 vero
313 2286 479 2343 adiutoremque
489 2286 612 2334 studiorum
623 2287 668 2334 eius
679 2307 704 2333 ac
712 2287 767 2334 vitae
778 2285 886 2336 laventem

60 2353 87 2402 30
102 2376 152 2411 suae
164 2357 243 2424 :habuit
263 2357 313 2427 Ser.
333 2358 469 2418 Pompeium.
490 2358 541 2415 Non
557 2359 615 2407 enim
631 2360 702 2417 magni
709 2359 815 2417 Pompeii
830 2358 887 2407 filius

101 2429 140 2479 iste
153 2428 195 2479 tuit
205 2428 312 2481 'sedatius
326 2453 338 2481 e
351 2430 432 2481 lamilia
445 2432 599 2491 Pompeiorum
613 2453 679 2491 quem
692 2432 824 2482 Octavianus
838 2446 887 2490 post

101 2501 156 2550 bella
169 2505 317 2562 triumviratus
331 2505 411 2563 passim
426 2505 492 2553 rebus
505 2506 593 2563 pacatis,
608 2525 659 2554 cum
672 2505 749 2554 timere
759 2505 813 2556 nibil
821 2525 848 2552 ex
861 2526 887 2553 eo

103 2574 152 2621 mali
167 2590 246 2632 posset,
262 2578 342 2625 civitati
359 2578 452 2625 restituit
466 2577 605 2636 eundemque
621 2578 703 2635 magnis
719 2578 784 2625 etiam
800 2577 887 2625 honori-

67 2662 204 2676 *sm——

118 2714 143 2752 lb.
156 2716 191 2752 Cic.
204 2719 250 2756 Brut.
264 2718 293 2755 54.

67 2790 204 2804 ’κ’-

115 2834 134 2877 8.
148 2833 219 2893 cottis)
234 2844 247 2881 i.
262 2854 285 2888 r.;
299 2846 342 2881 erat
357 2835 418 2882 colis?
478 2836 544 2883 latix
552 2837 667 2881 summissas
676 2855 733 2886 corr„
742 2843 804 2890 primo
814 2856 827 2882 o
836 2856 888 2888 sscr..

64 2894 129 2944 deinde
145 2920 219 2948 rasura.
275 2903 352 2950 2412}
367 2904 472 2948 memoriae
487 2923 536 2948 corr.
