2093 3253
249 183 378 215 scnnronun
393 183 518 215 nausmmnr
530 194 545 199 -
558 184 616 215 iram
629 184 665 216 vu.
830 173 864 231 191

83 300 189 353 voluntati
204 320 230 349 ae
245 299 333 347 decreto
348 311 439 357 pareret.
454 298 512 347 Hinc
526 298 584 364 Sylla
598 299 747 349 vehementius
762 300 870 349 subiratus

82 374 124 424 sibi
138 374 219 427 dotem,
234 371 276 419 sibi
291 370 410 428 gentilicias
425 370 559 427 hereditates,
573 372 615 420 sibi
629 373 693 421 etiarn
707 372 822 421 sacerdocii
836 374 870 421 ius

84 447 171 499 ademit.
187 444 312 495 Destinavit
330 466 418 504 quoque
434 446 472 504 qui
489 467 539 495 eum
555 445 704 505 perquirerent
720 467 745 495 ac
761 460 869 497 necarent.

84 524 187 573 Metuens
198 532 272 568 autern
282 531 336 567 tunc
347 517 388 567 sibi
400 517 478 567 Caesar
488 518 621 578 aliquamdiu
631 520 691 578 apud
701 520 782 568 amicos
793 521 869 569 tacitus

58 599 70 648 5
86 595 148 644 latuit
165 612 191 640 ac
209 603 365 650 saepenumero
384 590 443 639 nullo
462 591 537 639 fidens·
548 592 603 647 loco,
621 612 755 651 quamquam
773 592 870 641 febribus

83 677 204 719 vexaretur,
219 663 311 713 latebras
325 664 474 714 commutavit.
488 663 517 713 Se
530 684 618 724 quoque
631 665 741 714 interdum
754 664 782 714 ab
796 666 868 725 inqui·

83 739 193 793 sitoribus,
209 738 248 797 qui
262 737 290 786 ad
304 757 355 786 eum
369 737 513 797 occidendum
527 739 669 794 mitterentur,
684 739 754 797 longis
768 739 869 798 precibus

81 835 106 863 ac
119 812 193 876 precio
207 811 315 859 liberavit.
329 809 432 869 Denique
445 810 563 859 Vestalium
576 812 685 869 virginum
698 824 720 860 et
734 812 768 860 Μ.
781 812 869 861 Aemilii
914 870 916 873 y

82 900 103 935 et
112 885 139 934 A.
149 884 226 933 Cottae
236 881 337 942 precibus
347 881 447 941 fatigatus
456 882 514 942 Sylla
523 883 612 942 quievit.
620 882 741 932 Admonuit
749 896 822 932 tamen
830 884 868 943 qui

46 962 233 1021 lllprecarentur,
253 957 298 1005 sive
317 956 420 1006 divinitus
438 957 483 1005 sive
500 955 572 1015 aliqua
589 956 712 1006 coniectura
730 956 815 1013 ductus,
834 977 870 1006 ca-

82 1044 159 1081 verent
174 1051 186 1078 a
201 1049 270 1089 puero
284 1029 340 1078 male
354 1029 476 1088 praecincto
490 1029 612 1088 scirentque
626 1029 649 1077 in
664 1051 689 1079 eo
704 1051 770 1088 quem
784 1030 867 1079 salvum

82 1112 196 1161 tantopere
209 1113 313 1160 cuperent
326 1101 408 1149 Marios
421 1096 501 1149 multos
512 1122 558 1153 esse
569 1122 594 1149 ac
605 1100 704 1150 buturum
715 1101 830 1159 aliquando
842 1115 867 1150 ut
936 1110 937 1114 ’

29 1168 30 1171 ¹
84 1196 151 1240 quam
167 1176 298 1234 optimatum
314 1187 397 1233 partem
413 1194 487 1224 secum
502 1174 532 1223 illi
543 1187 617 1224 contra
628 1174 710 1224 Marios
722 1174 869 1231 defendissent

84 1251 124 1298 iste
142 1261 278 1308 oppugnaret
295 1261 361 1307 atque
378 1260 529 1307 prosterneret.
547 1247 615 1297 Venia
632 1248 704 1307 itaque
722 1248 771 1296 data
789 1248 867 1297 Caesar

44 1325 68 1373 l5
83 1343 127 1371 non
142 1322 197 1369 satis.
210 1335 284 1371 tutum
300 1320 341 1369 sibi
357 1341 403 1369 esse
419 1321 441 1369 in
456 1321 510 1369 urbe
526 1334 584 1369 ratus
600 1321 641 1369 sub
656 1321 727 1379 specie
743 1321 830 1370 militiae
846 1322 869 1369 in
903 1366 905 1368 ,

81 1394 157 1444 Asiam
172 1407 193 1443 et
209 1393 310 1443 Ciliciam
321 1394 428 1453 navigavit
439 1407 463 1444 ut
474 1393 551 1453 Syllae,
563 1395 580 1443 si
591 1414 635 1443 non
646 1406 719 1453 posset
729 1394 868 1444 manifestum

82 1469 167 1522 odium,
182 1468 259 1517 saltem
272 1467 346 1516 oculos
360 1468 470 1517 devitaret.
484 1468 562 1526 Neque
575 1486 625 1516 vero
638 1481 688 1517 ante
701 1469 764 1517 rediit
777 1468 869 1532 Romam

82 1562 148 1600 quam
160 1540 242 1598 Syllam
253 1563 265 1589 e
276 1541 320 1590 vita
331 1542 433 1599 migrasse
443 1541 532 1590 audivit.

124 1614 231 1662 Reversus
245 1626 319 1662 autem
331 1634 382 1661 mox
393 1613 527 1661 Cornellium
539 1612 682 1668 Dolobellam‚
695 1614 732 1671 qui
744 1633 769 1661 ea
780 1615 803 1661 in
814 1614 868 1662 urbe

41 1686 67 1734 20
83 1686 115 1734 vir
129 1698 177 1733 tum
185 1698 242 1734 esset
251 1706 302 1733 cum
310 1686 394 1743 generis
403 1685 515 1734 nobilitate
522 1697 571 1734 tum
578 1686 697 1734 amicorum
706 1685 783 1734 studiis
792 1698 869 1745 potens
899 1728 901 1730 .

83 1758 246 1817 consularisque
266 1779 291 1806 ac
310 1758 454 1816 triumphalis,
473 1759 642 1816 repetundarum
662 1758 777 1807 accusavit.
800 1759 869 1808 Roma

83 1830 145 1877 enim·
151 1849 285 1889 quamquam
295 1828 425 1888 fugiendum
432 1830 560 1878 accusatoris
568 1849 649 1878 nomen
657 1849 703 1878 esse
711 1842 814 1884 censeret,
820 1830 868 1878 illos

83 1914 156 1951 tamen
166 1904 280 1968 presertim
290 1904 378 1952 iuvenes
388 1921 518 1962 magnopere
527 1902 642 1952 extollebat
651 1903 688 1962 qui
698 1923 725 1951 ex
733 1902 868 1962 principibus

18 1980 34 2003 ’·
82 1977 286 2036 reumquempiam
301 1989 436 2036 accusarent.
450 1976 498 2024 Hoc
513 1976 603 2035 quidem
617 1975 737 2034 praeclarae
751 1976 830 2025 indolis
845 1989 867 2023 et

41 2048 66 2096 25
82 2051 149 2100 animi
157 2051 230 2109 magni
238 2051 388 2099 testimonium
396 2069 501 2109 spemque
509 2050 613 2108 optimam
621 2049 649 2097 ad
656 2050 765 2104 virtutem,
774 2049 868 2103 laudern,

82 2123 173 2179 gloriam
181 2123 300 2173 afferebant
308 2124 396 2173 iuvenes
405 2122 504 2178 Romani,
513 2123 531 2170 si
539 2135 650 2181 potentem
658 2142 791 2182 quemquam
798 2123 868 2172 civem

63 2196 65 2199 ’
82 2197 119 2254 qui
136 2209 191 2245 esset
206 2216 255 2246 reus
269 2196 343 2255 aliquo
357 2196 446 2245 crimine
460 2196 482 2244 in
496 2195 576 2244 iudicio
590 2194 730 2254 postularent.
745 2194 866 2244 Cornellius

33 2292 34 2296 ¹
81 2282 156 2316 autern
170 2269 210 2317 hac
225 2271 247 2317 in
261 2289 325 2318 causa
339 2282 455 2328 patronum
469 2268 544 2316 babuit
558 2269 584 2316 L.
599 2268 693 2322 Cottam,
707 2269 778 2315 virum
791 2269 867 2326 utique

81 2354 102 2390 et
120 2343 218 2391 amicicia
235 2342 276 2391 sibi
294 2342 420 2391 devinctum
437 2355 458 2390 et
468 2342 490 2389 in
501 2342 571 2389 causis
587 2341 674 2403 orandis
690 2360 756 2400 quam
773 2333 865 2388 mairime

41 2411 68 2460 30
84 2415 232 2465 excellentem.
245 2416 265 2464 Is
276 2435 370 2474 nanque,
381 2427 406 2463 ut
415 2415 478 2473 periti
489 2414 565 2469 solent,
576 2413 661 2463 dicendi
672 2413 762 2462 artificio
772 2413 869 2473 quodam

81 2507 134 2537 usus
148 2510 160 2537 e
173 2485 240 2539 manu
252 2488 357 2544 Caesaris,
370 2489 408 2548 qui
419 2488 513 2537 tribunal
525 2486 614 2535 fortasse
624 2499 672 2534 tum
682 2487 778 2545 primum
787 2487 867 2534 adisset

81 2578 122 2608 nec
137 2560 207 2630 multo
222 2574 278 2618 esset
293 2559 429 2610 adolescente
444 2559 518 2622 maior,
533 2557 594 2608 lacile
609 2579 695 2608 causam
710 2560 798 2608 extorsit
812 2558 864 2608 effe·

72 2630 156 2695 *citque
169 2653 221 2682 curn
233 2633 355 2692 patrocinio
368 2654 415 2687 suo,
428 2653 473 2692 quo
485 2632 604 2691 plurimum
616 2644 696 2690 posset,
708 2644 757 2698 tum
769 2632 867 2680 iudicum
932 2673 933 2676 ,

81 2704 142 2760 vitio,
155 2707 217 2764 quod
228 2706 351 2765 depravatis
362 2706 405 2753 iam
417 2705 513 2753 moribus
525 2705 598 2754 civitas
610 2717 631 2752 et
642 2704 721 2753 violare
732 2703 789 2763 leges
800 2717 822 2753 et
832 2704 868 2752 iu·

40 2798 134 2811 χ

72 2835 88 2872 9.
100 2808 162 2876 511ο1.ἡ
159 2809 190 2878 lid.
203 2840 232 2878 45.

40 2911 179 2925 X*

79 2952 108 2999 17,
125 2955 212 3014 (saltelm
226 2954 298 3019 oculos
308 2961 321 3000 i.
335 2974 352 3001 r.
406 2953 439 3001 29.
453 2954 533 3012 (cannis
547 2961 560 3000 i.
574 2973 590 3000 r.
