2093 3253
159 180 199 226 208
462 193 553 223 srcconrs
567 192 683 223 ronrurom

201 308 281 368 quibus
290 321 315 358 ut
326 307 423 358 Maronis
433 306 512 356 Aeneis
525 320 646 356 servaretur
655 306 726 356 iussit.
743 305 805 355 Duos
816 326 867 355 vero
881 307 985 366 perlectos
1016 370 1018 373 ¹

201 381 267 431 libros
279 381 372 441 reliquit
384 401 441 430 unus
453 375 566 430 exametris
578 380 671 439 scriptus
683 391 811 438 argumento
823 391 845 428 et
856 380 920 430 titulo
933 382 986 434 Sici·
1046 418 1047 421 =

170 463 172 467 “
202 455 229 502 lia
239 450 370 508 nominatum
380 452 434 501 alter
444 470 546 500 versuum
556 472 676 510 paucorum
684 465 728 500 erat
739 472 780 499 nec
790 470 864 501 versus
874 452 927 501 alios
935 476 986 506 con·

190 517 283 575 'tinebat
297 544 364 584 quam
377 524 426 573 illos
440 524 506 574 modo
520 525 558 584 qui
572 543 624 573 cum
637 524 714 573 balneo
728 523 826 573 uteretur
839 524 985 580 delectationis

175 599 188 649 5
204 599 481 658 εκεῐείῒαῐίοῃίεᾳυδεᾱυεα
495 597 546 647 lacti
561 611 640 648 essent.

243 672 314 721 Scribi
324 684 398 720 autem
408 671 436 719 de
446 692 470 719 se
480 673 598 729 quicquam
609 672 677 720 vetuit
687 672 792 720 universis
804 671 884 730 quibus
903 672 986 726 licentia

202 762 301 803 expresse
316 764 360 793 non
374 743 424 792 data
437 756 500 792 esset.
514 742 593 801 Neque
607 740 658 792 vero
671 743 730 792 illam
744 743 804 791 dedit
818 742 880 811 facile
894 745 932 803 sed
946 747 985 797 illis
1045 741 1047 779 Ῐ

202 818 267 867 modo
282 817 320 877 qui
334 818 357 867 in
371 816 463 866 dicendo
476 817 560 875 egregie
574 816 632 865 docti
645 829 683 865 aut
697 829 766 866 metro
779 811 897 876 aut'pross
908 835 984 872 essent.
1046 865 1047 868 ,

204 891 246 939 lsta
256 911 345 950 quoque
355 890 383 938 de
393 908 416 938 re
427 911 475 938 eam
485 909 559 938 curam
570 889 676 944 adhibuit,
687 887 712 938 ut
723 888 860 947 magistratus
871 890 985 950 investiga-

163 963 189 1010 ll]
204 975 251 1010 rent
267 983 308 1011 nec
323 974 448 1021 paterentur
463 961 556 1010 scribere
572 981 706 1020 quemquam
722 961 750 1010 de
765 962 814 1020 ipso
830 962 948 1022 quicquam
964 967 985 1015 ni

201 1054 287 1084 summe
301 1035 378 1084 doctus
392 1046 448 1083 esset
460 1054 485 1083 ac
498 1033 688 1083 excellentissimus
701 1033 818 1084 videretur.
834 1033 923 1094 Ingenia
936 1057 985 1087 vero
1043 1040 1047 1075 j

202 1109 235 1157 sui
252 1110 355 1167 temporis
372 1109 444 1157 omnia
461 1127 516 1167 quae
532 1107 576 1157 ulla
586 1108 609 1156 in
625 1109 704 1157 virtute
721 1127 744 1156 se
760 1108 875 1165 presertim
891 1109 914 1157 in
931 1108 986 1159 litte·
1043 1114 1045 1116 ’

202 1181 231 1229 ris
247 1193 382 1229 versarentur
396 1192 418 1228 et
433 1180 533 1228 laudibus
549 1180 614 1237 digna
628 1192 700 1228 essent
715 1180 854 1237 amplissimis
869 1180 985 1238 favoribus,
1045 1212 1047 1214 v

202 1254 319 1311 beneficiis,
331 1254 394 1305 donis
405 1252 467 1304 lovit.
478 1252 528 1311 Quo
540 1253 612 1304 minus
622 1252 776 1304 admirandum
786 1253 886 1304 existimo
896 1267 986 1307 aetatem
1046 1252 1047 1255 Ἴ

163 1328 188 1377 15
204 1327 262 1377 illam
278 1329 328 1379 viris
344 1327 417 1377 multis
433 1327 558 1388 eisdemque
574 1327 643 1376 doctis
659 1340 680 1376 et
690 1327 813 1377 clarissimis
825 1326 929 1384 floruisse,
938 1350 986 1379 cum
1046 1322 1047 1325 Ἴ

201 1402 287 1459 ingenia
297 1401 385 1459 premiis
395 1412 416 1447 et
426 1399 544 1447 honoribus
554 1397 684 1447 nutriantur.
864 1399 866 1401 ’

245 1473 303 1523 Vixit
314 1472 445 1522 Octavianus
455 1493 523 1522 annos
535 1471 628 1522 LXXVI
640 1471 712 1522 minus
723 1471 809 1522 XXXV
819 1471 903 1528 diebus,
915 1494 927 1522 e
937 1473 985 1532 qui·
1044 1526 1046 1528 ,

202 1547 244 1611 bus
258 1567 309 1596 cum
322 1540 418 1595 Antonio
432 1558 454 1594 et
468 1545 552 1604 Lepido
565 1545 688 1600 duodecim,
702 1545 760 1594 solus
774 1564 825 1595 vero
839 1546 986 1596 monarchiam

202 1620 284 1677 potitus
299 1639 367 1667 annos
382 1632 484 1676 quattuor
497 1631 518 1666 et
531 1618 672 1676 quadraginta
684 1618 805 1676 imperavit.
818 1617 886 1676 Apud
899 1616 985 1673 Nolam,

160 1692 189 1740 20
204 1690 336 1750 Campaniae
352 1691 468 1746 civitatem,
486 1690 555 1739 XIIII
575 1689 691 1739 Kallendas
702 1690 841 1748 Septembres
860 1692 959 1749 migravit
975 1713 986 1740 e

201 1764 253 1814 vita.
265 1764 346 1815 Romae
357 1776 430 1813 autem
441 1763 538 1824 sepultus
555 1775 594 1812 est.
1039 1768 1041 1770 ’

244 1838 288 1888 Sed
301 1838 345 1888 iam
357 1837 446 1887 tandem
459 1837 542 1887 excelso
555 1838 640 1896 imperii
654 1858 666 1886 e
679 1834 782 1893 culmine,
796 1837 827 1887 uti
841 1852 915 1887 nostra
927 1838 986 1887 iubet

202 1912 315 1966 institutio,
329 1924 413 1968 togatos
426 1911 454 1958 ad
468 1910 565 1958 homines
579 1910 743 1959 descendamus.
758 1910 844 1959 Horum
857 1929 908 1959 vero
921 1931 933 1958 e
946 1931 985 1959 nu·

203 2003 269 2039 mero,
285 1996 425 2043 posteaquam
439 2002 549 2032 recensere
562 1981 610 2031 illos
624 2002 683 2032 nunc
696 1981 749 2031 libet
763 1983 801 2042 qui
812 1996 863 2032 sunt
874 1981 984 2042 principali
1046 2017 1047 2020 =

160 2056 188 2106 25
204 2057 276 2106 studio
284 2077 332 2106 eam
340 2069 423 2115 partem
431 2055 531 2105 historiae
538 2052 664 2105 scribendae
671 2056 765 2115 amplexi
773 2076 829 2115 quae
838 2056 985 2106 memorandas

202 2130 230 2178 ad
244 2131 299 2177 vitas
309 2129 426 2188 Caesarum
435 2129 558 2186 pertineret,
568 2129 661 2177 occurrit
671 2128 733 2176 nobis
743 2141 793 2177 ante
801 2129 854 2177 alios
865 2128 986 2177 Cornellius

202 2201 299 2258 Tacitus,
308 2203 340 2251 vir
347 2203 423 2260 utique
431 2202 472 2250 isto
480 2202 502 2249 in
510 2220 588 2260 genere
595 2201 662 2250 studii
670 2214 691 2250 et
699 2202 784 2251 virtutis
792 2202 893 2261 copiosus
901 2223 926 2251 ac
934 2200 986 2250 deli·

203 2288 273 2324 matus
283 2276 381 2333 scriptor.
393 2274 495 2323 Incensus
505 2274 541 2323 hic
549 2274 577 2323 ab
587 2275 675 2323 ineunte
684 2286 754 2323 aetate
763 2274 899 2334 eloquentiae
909 2274 985 2323 studiis

201 2350 274 2397 orator
285 2347 388 2396 memorIa
398 2346 434 2395 illa
444 2346 549 2396 excellens
560 2365 634 2395 causas
646 2346 724 2398 multas
735 2358 757 2395 et
769 2344 856 2405 magnas
867 2348 911 2406 egit
921 2358 985 2405 atque

161 2420 189 2470 30
204 2421 260 2470 inter
268 2432 370 2480 patronos
379 2419 417 2479 qui
425 2432 478 2469 tunc
486 2432 557 2469 essent
567 2418 648 2469 Romae
656 2418 707 2469 clari
716 2419 787 2478 ampla
796 2440 847 2470 curn
856 2420 919 2470 laude
928 2419 987 2469 vixit.

204 2493 330 2542 Honoribus
342 2493 407 2542 etiarn
415 2491 542 2551 perfunctus
550 2505 583 2542 est
592 2493 682 2552 magnis,
691 2493 752 2552 quod
762 2494 821 2552 apud
831 2488 940 2553 principes
951 2492 987 2551 qui

165 2592 168 2595 2
202 2580 256 2615 tunc
270 2568 293 2615 in
308 2567 362 2615 urbe
373 2567 442 2614 Roma
453 2579 588 2614 morarentur
598 2587 623 2614 ac
633 2567 764 2625 imperarent
775 2566 887 2616 nobilitate
897 2566 986 2626 generis,

202 2639 304 2688 facundia
318 2639 411 2698 linguae,
425 2639 541 2698 prudentia
555 2639 629 2694 animi,
644 2639 765 2698 integritate
779 2636 830 2688 fidei
845 2651 953 2699 spectatus
968 2649 988 2685 et

202 2732 266 2762 carus
279 2726 342 2762 esset.
356 2712 473 2770 Dignitatis
485 2725 559 2761 autem
571 2711 712 2761 fundamenta
725 2713 794 2772 prima
807 2712 933 2762 adolescens
946 2709 987 2759 sub

199 2847 212 2887 1ἰ
226 2846 272 2887 διιεῖ,
285 2848 327 2893 Aug.
341 2848 369 2888 85.
419 2846 447 2885 34.
460 2845 500 2885 Tac.
513 2849 556 2887 Hier.
569 2846 581 2884 l.
598 2847 611 2885 1.

160 2928 303 2935 Ι-.------

201 2965 234 3009 27.
249 2975 268 3008 et
282 2971 295 3009 ι’.
310 2982 333 3014 r.;
347 2972 392 3008 erat.
404 2981 433 3008 ac.
