2093 3253
158 167 160 169 ’
185 203 187 206 ,
217 213 218 216 ,
249 178 379 210 scurronum
393 177 518 209 uuusmrun
532 190 546 194 -
560 176 617 216 uram
632 177 660 209 vr.
834 159 871 207 173·

85 284 157 350 contra
167 296 230 354 leges,
240 306 314 342 contra
324 310 394 341 mores
403 312 415 341 a
425 292 516 341 Caesare
525 292 607 348 fierent,
617 312 642 340 ea
651 291 692 339 sibi
702 310 768 350 quam
777 292 869 339 maxime

86 369 234 431 displicebant.
247 367 286 415 Rei
298 387 385 425 nanque
396 366 495 425 publicae
507 366 600 415 formam
611 385 699 414 omnem
710 365 739 413 ita
751 377 870 413 mutaverat

87 447 163 495 Caesar
177 436 242 500 quod
252 440 306 488 nihil
317 440 423 488 maiorum
433 458 499 494 more,
510 439 563 488 nihil
573 458 612 497 per
622 438 685 496 leges,
700 438 738 486 sed
748 438 820 486 omnia
830 457 870 495 pro

85 519 130 568 eius
144 528 206 570 nutu,
217 512 335 568 voluntate,
346 512 437 572 imperio
447 525 567 571 ageremus
584 513 606 561 in
617 514 692 561 senatu
703 529 761 566 vero,
775 531 826 565 non,
838 511 869 559 uti

61 594 72 644 5
88 591 179 639 solerent
189 588 255 636 libera
265 587 357 641 civitate,
368 586 459 645 patricii,
470 586 559 641 nobiles,
570 585 692 634 consulares
702 585 749 640 viri,
760 584 798 633 sed
808 585 870 643 igno·

87 664 134 712 bilis
151 662 243 720 quisque
260 659 403 718 sordidusque
419 679 444 707 ac
462 658 537 707 Gallus
554 660 619 707 etiam
635 659 764 707 sententiam
780 658 867 706 diceret.

126 734 224 793 Tempus
233 746 306 782 autem
312 731 426 782 Sallustius
435 731 603 791 haudquaquam
608 751 647 791 per
655 731 775 781 socordiam
783 744 805 781 et
812 730 869 780 iuer¹

86 810 137 859 tiam
150 807 285 865 consumpsit
297 826 337 855 nec
350 806 410 864 quod
423 806 531 864 reliquum
544 804 585 854 luit
598 806 653 854 vitae
665 805 757 854 colendo
769 824 820 864 agro
832 817 870 853 aut

87 881 183 930 venando
192 893 230 927 aut
240 879 352 934 servilibus
363 878 438 926 officiis
448 879 543 926 intentus
553 879 597 935 egit
606 879 645 928 sed
654 878 700 925 illas
710 879 767 936 ipsas
776 878 804 926 ad
813 890 869 925 artes

51 956 74 1005 ll]
89 972 195 1013 regressus
209 964 241 1001 est
255 972 267 1000 a
281 951 361 1011 quibus
375 951 449 1000 aetatis
463 951 524 999 initio
538 951 566 999 ad
580 969 626 1000 rem
640 950 749 1010 publicam
763 950 869 1000 deductus

87 1040 137 1075 erat.
147 1026 224 1074 Primis
234 1045 321 1083 nanque
330 1024 486 1073 adolescentiae
496 1024 557 1072 annis
568 1024 645 1072 studiis
655 1024 789 1081 eloquentiae
799 1024 869 1072 delec-

86 1114 142 1148 tatus
152 1100 180 1147 ad
190 1118 236 1146 rem
247 1098 357 1156 publicam
367 1111 461 1146 venerat.
472 1093 637 1151 Turbatavero‚
648 1110 673 1145 ut
683 1097 784 1151 diximus,
795 1109 869 1154 postea

86 1172 206 1238 afflictaque
217 1190 242 1219 ac
254 1189 322 1228 prope
334 1189 407 1219 eversa
419 1189 442 1219 re
454 1169 541 1228 publica
552 1169 581 1218 ad
593 1189 648 1228 quae
660 1168 775 1234 reliquerat
786 1169 869 1218 iuvenis

88 1245 206 1294 litterarum
217 1243 288 1293 studia
300 1243 370 1293 rediit.
382 1242 414 1292 Ex
425 1243 520 1302 negociis
531 1256 604 1292 autem
615 1263 671 1302 quae
682 1241 870 1307 dicendiartificio

52 1319 75 1368 15
90 1331 111 1367 et
125 1314 211 1374 ingenio
220 1329 346 1365 exercentur
356 1337 433 1373 magno
443 1317 492 1364 usui
502 1315 548 1364 lore
557 1316 647 1374 putavit,
666 1316 684 1363 si
693 1316 721 1363 ad
731 1315 870 1372 scribendum

89 1410 121 1438 res
135 1403 205 1447 gestas
218 1389 293 1447 populi
307 1389 399 1437 Romani
412 1410 435 1437 se
448 1388 563 1437 conterret.
578 1388 681 1456 Fructum
695 1388 784 1447 quidem
797 1388 870 1436 existi-

89 1463 153 1511 mavit
167 1462 250 1510 nomini
262 1462 360 1511 Romano
371 1462 434 1521 longe
444 1462 548 1510 maiorem
559 1483 598 1511 suo
608 1482 635 1510 ex
645 1462 692 1510 ocio
703 1482 769 1521 quarn
778 1461 870 1510 aliorum

89 1556 115 1584 ex
128 1537 217 1593 negocio
226 1548 349 1590 venturum,
358 1536 418 1594 quod
427 1535 457 1583 illi
467 1535 585 1584 ambitione
593 1556 618 1583 ac
627 1535 716 1583 libidine
725 1555 763 1583 sua
771 1535 870 1593 publicae

88 1607 190 1655 libertatis
205 1607 343 1665 splendorem
357 1608 513 1665 extinguerent,
528 1608 575 1665 ipse
587 1624 638 1655 vero
653 1607 767 1655 scribendo
778 1607 870 1655 Romani

49 1681 76 1728 20
91 1682 182 1728 nominis
192 1682 331 1735 maiestatem,
341 1682 449 1735 virtutem,
459 1681 701 1739 gloriamimmortalem
709 1701 734 1729 ac
744 1695 870 1740 perpetuam

89 1753 194 1807 redderet.
208 1754 234 1802 Id
245 1774 333 1812 quoque
344 1753 453 1802 facturum
464 1774 487 1802 se
498 1753 560 1802 facile
571 1754 685 1802 arbitratus
697 1767 736 1809 est,
753 1755 813 1813 quod
829 1754 870 1802 sibi

88 1827 146 1874 omni
160 1846 172 1874 a
186 1846 232 1885 spe,
247 1840 313 1881 metu,
328 1826 436 1886 periculis
450 1826 547 1885 partibus
561 1827 591 1875 rei
605 1826 704 1885 publicae
717 1828 802 1876 animus
817 1827 871 1876 liber

88 1911 150 1946 esset.
165 1898 193 1946 Se
205 1899 271 1957 igitur
282 1898 368 1957 collegit
380 1899 494 1947 Sallustius
506 1912 527 1947 et
538 1912 642 1957 tanquam
654 1900 676 1947 in
688 1913 776 1958 portum
787 1900 870 1958 procel-

89 1969 133 2018 loso
147 1992 172 2019 ac
181 1972 329 2020 turbatissimo
338 1993 350 2021 e
360 1973 412 2020 mari
422 1971 549 2031 confugiens
558 1973 664 2031 privatam
672 1973 700 2021 ad
709 1973 775 2022 vitam
784 1986 805 2022 et
814 1972 871 2021 litte-

49 2040 75 2089 25
90 2061 122 2090 ras
137 2045 235 2092 contulit.
246 2045 319 2103 Atque
331 2047 395 2093 missa
406 2047 465 2093 omni
478 2047 507 2093 rei
519 2046 618 2103 publicae
629 2065 679 2093 cura
690 2047 713 2093 id
724 2067 794 2094 unum
805 2067 871 2103 nego-

89 2114 146 2161 cium
155 2118 254 2175 sumpsit,
264 2117 324 2176 quod
334 2131 392 2176 gesta
401 2117 476 2177 populi
486 2117 578 2165 Romani
587 2118 680 2176 scripsit.
690 2118 737 2165 Nec
746 2119 835 2177 quidem
843 2118 871 2165 ab

88 2188 148 2236 initio
161 2189 221 2237 urbis
234 2204 266 2238 est
279 2210 341 2238 orsus
354 2212 395 2239 nec
407 2191 522 2239 coniuncte
535 2191 608 2239 omnia
620 2204 745 2250 temporum
757 2212 783 2239 ex
796 2191 871 2239 ordine

88 2275 213 2317 prosecutus
221 2277 261 2318 est,
269 2283 345 2312 verum
353 2285 408 2322 quae
416 2265 457 2312 sibi
466 2277 524 2322 grata
532 2277 603 2312 essent
611 2277 632 2312 et
641 2266 708 2322 magis
716 2265 781 2322 digna
789 2285 871 2312 memo-

88 2333 118 2381 ria
130 2334 261 2392 viderentur,
274 2356 299 2385 ea
311 2349 407 2396 separate
420 2357 460 2386 suo
473 2355 512 2397 pro
524 2336 620 2393 arbitrio,
634 2338 727 2397 ingenio,
740 2337 813 2386 studio
825 2357 872 2387 am·

51 2403 77 2452 30
91 2405 165 2464 plexus
176 2423 215 2465 est,
234 2410 315 2469 quippe
332 2410 439 2469 imprimis
457 2409 562 2459 Catilinae
579 2410 756 2466 coniurationem,
768 2410 871 2460 audacis

88 2479 167 2528 simum
174 2502 199 2529 ac
207 2482 346 2530 memorabile
354 2482 444 2537 lacinus,
454 2482 532 2530 deinde
540 2482 622 2531 bellum
634 2483 658 2531 id
665 2496 726 2531 atrox
733 2483 793 2541 quod
800 2504 872 2542 popu·
907 2501 909 2504 ’

89 2549 121 2598 lus
133 2552 242 2601 Romanus
253 2574 304 2602 cum
317 2555 411 2612 lugurta,
423 2573 472 2612 rege
483 2555 584 2612 prudenti
595 2574 620 2602 ac
630 2551 780 2613 potentissimo
791 2555 871 2603 Numi·

91 2621 173 2679 darum,
190 2627 264 2683 gessit.
280 2626 392 2676 Postremo
409 2627 507 2675 historias
523 2625 575 2676 alias
591 2639 657 2686 atque
671 2627 723 2676 alias
735 2630 870 2678 memoravit.

89 2694 137 2752 Qua
147 2698 170 2747 in
178 2718 201 2748 re
209 2712 295 2750 tantum
303 2699 434 2758 diligentiae,
443 2693 517 2754 studii,
526 2719 589 2750 curae
600 2700 725 2750 adhibuisse
734 2700 802 2751 lertur
811 2701 871 2761 quod

50 2807 188 2822 κ

88 2881 107 2926 l.
116 2881 146 2930 Ex
156 2897 247 2931 senatum
257 2906 306 2933 corr.
362 2886 394 2934 21.
404 2888 501 2934 redderet.
510 2888 534 2934 ld
544 2907 625 2946 quoque
634 2895 647 2935 ι’.
655 2909 681 2943 ν.;
691 2899 733 2935 arat
743 2888 766 2935 ld
776 2894 870 2945 quoque?

52 2944 83 2991 29.
96 2967 132 3010 suo
146 2960 210 3005 proi.
225 2974 251 3007 r.,·
266 2974 289 3001 ex
303 2956 385 3001 arbitrio
400 2957 431 3011 (9)
445 2963 512 3001 statim
526 2976 576 3002 corr.
