2093 3253
265 203 394 234 SCRIPTORUM
408 202 533 235 ILLUSTRIUM
545 214 560 218 ·
573 203 632 233 LIBER
648 202 685 233 vtl.
848 186 888 232 2ss

105 320 204 379 magister
220 316 268 366 fuit.
285 316 352 365 Libro
364 316 453 374 quidem
464 337 509 365 uno
525 317 618 365 breviter
633 329 738 365 memorat
753 337 809 376 quae
819 317 889 376 ipsoa

105 392 182 443 Carolo
192 391 324 439 Francorum
333 408 382 447 rege
389 409 414 437 ac
423 389 516 448 nominis
524 389 570 438 eius
579 391 650 448 primo
659 389 808 438 Romanorum
819 390 888 448 impe-

103 480 172 514 ratore
187 476 245 521 gesta
261 475 339 509 essent.
349 461 421 509 Rebus
430 475 503 510 autem
511 461 610 515 interfuit
617 463 664 518 ipse
672 481 712 509 nec
720 460 818 510 fabulose
827 462 888 519 quic·

104 558 170 599 quam
184 548 221 584 aut
238 533 313 594 patrie,
330 533 362 582 uti
379 532 444 593 vulgo
460 533 550 593 quidam
566 533 643 601 solent,
659 534 699 583 sed
715 534 788 583 omnia
805 532 889 588 Latine,

77 616 89 664 5
106 614 175 665 docte,
186 622 260 657 ornate
270 609 299 656 ita
309 608 394 666 scripsit
404 607 464 666 quod
474 607 528 656 liber
537 607 647 666 profectus
658 608 827 667 haudquaquam
842 607 891 656 rudi

103 707 115 732 a
127 682 218 729 barbaro
233 680 271 727 sed
285 680 355 736 perito
366 699 378 726 a
388 679 435 726 viro
445 692 511 737 atque
522 681 544 727 in
555 680 647 727 dicendo
658 680 773 727 exercitato
783 680 890 728 videatur.

146 753 252 802 Omnium
267 764 340 800 autem
355 752 491 806 novissimus,
508 764 615 810 quantum
631 752 736 806 existimo.
753 752 812 801 venit
833 752 890 801 Ben-

104 840 195 876 venutus
213 824 332 881 imolensis.
352 823 521 873 Grammaticam
540 824 574 872 hic
592 823 702 883 professus
725 839 757 873 est
775 838 846 884 atque,
865 837 891 873 ut

105 898 237 960 grammatici
248 897 324 952 solent,
335 899 358 946 in
368 898 437 956 poetis
448 898 614 956 interpretandis
624 911 645 946 et
656 898 750 947 historiis
756 919 890 956 cognoscen-

66 976 91 1023 10
105 973 138 1022 dis
154 971 248 1020 multum
260 969 329 1021 ,studii
344 991 369 1018 ac
384 969 507 1029 diligentiae
522 971 602 1030 posuit.
618 970 732 1020 Caesareas
747 990 798 1021 vero
813 972 841 1021 ad
856 991 890 1020 res

106 1044 255 1095 memorandas
265 1044 339 1103 ipsum
349 1043 438 1103 quidam
447 1045 478 1091 ita
488 1044 607 1092 elaborasse
617 1057 694 1103 putant
704 1043 758 1101 (vidi
768 1058 841 1093 tamen
851 1045 889 1104 qui

108 1121 148 1167 boe
164 1119 274 1167 Petrarcae
289 1138 344 1175 opus
360 1116 487 1174 attribuant)
499 1130 523 1166 ut
536 1117 638 1166 scriberet
649 1117 676 1165 ad
687 1117 803 1183 Nicqlaum
813 1117 891 1167 Essen-

104 1211 150 1239 sem
159 1190 317 1243 Marchionem
327 1190 364 1247 qui
373 1189 463 1236 virtutes
472 1190 567 1237 heroicas
576 1190 655 1237 coleret
663 1209 687 1237 ac
696 1189 714 1237 F
714 1184 781 1238 erbrie
791 1190 890 1238 domina-

104 1279 138 1313 tor
151 1275 213 1316 esset,
227 1261 352 1312 calculantis
366 1264 388 1310 in
402 1263 493 1326 modum
507 1263 601 1318 nomina,
615 1263 712 1317 virtutes,
727 1263 778 1312 vitia
791 1264 890 1312 omnium

67 1340 91 1387 i5
107 1337 223 1385 Caesarum
232 1336 270 1394 qui
279 1337 327 1393 ipso
336 1356 348 1384 a
359 1335 414 1383 lulio
424 1335 515 1384 Caesare
524 1337 546 1384 in
555 1336 694 1385 Vencislaum
702 1357 772 1394 usque
780 1338 807 1385 ex
815 1337 892 1386 ordine

106 1408 238 1462 memoravit,
248 1420 273 1456 ut
282 1409 344 1465 quasi
353 1407 471 1456 clarissimo
481 1408 504 1456 in
513 1408 601 1466 speculo
610 1408 704 1458 breviter
713 1428 737 1457 ac
746 1407 809 1457 facile
817 1409 891 1458 videas

106 1482 143 1542 qui
158 1481 217 1536 boni,
230 1481 268 1541 qui
282 1480 331 1530 mali
344 1480 432 1531 fuerunt
444 1477 553 1541 principes
566 1481 722 1532 Romanorum.

146 1553 243 1609 Absolvi,
252 1553 358 1612 Polydoro
367 1554 404 1608 mi,
413 1555 451 1614 qui
459 1554 513 1602 vitas
522 1554 639 1604 Caesarum
648 1555 815 1614 descripserunt.
824 1555 891 1605 Nunc

105 1640 178 1676 autem
189 1627 287 1686 sequitur
299 1627 364 1675 mixta
376 1628 483 1685 quaedam
494 1640 515 1676 et
526 1628 579 1676 varii
590 1629 674 1686 generis
685 1629 741 1677 acies
753 1629 890 1687 scriptorum,

66 1701 93 1747 20
108 1700 146 1747 sed
160 1700 247 1747 illorum
260 1700 355 1757 primum
368 1700 405 1758 qui
418 1699 519 1748 collectos
532 1710 558 1748 ex
570 1700 664 1749 historiis
677 1701 740 1749 flores
753 1702 781 1749 ad
792 1702 890 1750 testimo-

108 1773 168 1820 nium
183 1792 207 1820 ac
222 1773 278 1820 vitae
295 1772 426 1820 documenta
443 1772 582 1826 reduxerunt,
600 1773 679 1820 deinde
696 1774 733 1832 qui
748 1774 815 1822 situm
830 1774 890 1822 orbis

107 1858 219 1898 terrarum,
228 1846 266 1903 qui
278 1846 383 1892 rationem
391 1857 516 1903 temporum
528 1846 676 1903 intelligendas
687 1847 715 1893 ad
726 1847 824 1894 historias
833 1867 889 1904 opus

107 1916 307 1969 commodissimum
318 1916 457 1974 reliquerunt.

66 2050 207 2057 m

105 2134 124 2177 4.
138 2132 221 2187 quidam
239 2140 252 2179 i.
267 2151 294 2184 a:
313 2144 354 2189 erat
373 2134 479 2189 plurique?
536 2136 554 2181 7.
568 2133 707 2182 Benevenutus
727 2136 746 2190 (e
762 2150 816 2189 espa
831 2143 890 2182 etiam

66 2201 85 2241 in
101 2197 171 2256 indice)
186 2200 205 2246 O
219 2201 359 2247 Benevenutus
374 2203 401 2249 H.
460 2202 488 2248 11.
504 2201 585 2258 quidam
600 2193 619 2249 ι’..
628 2221 650 2255 r.;
665 2213 708 2250 erat
722 2202 821 2259 plurique.
