2093 3253
140 192 180 238 492
350 236 352 238 .
439 208 533 241 srccours
547 208 666 241 roeauronr

148 375 149 378 ,
182 335 230 372 tum
245 341 272 370 ne
287 342 354 381 quam
367 323 431 370 unice
444 336 525 372 amaret
538 324 631 372 inimicis
645 326 673 373 ad
686 325 806 374 ludibrium
820 338 841 375 et
854 337 967 375 contume-

182 396 234 444 liam
244 408 371 450 remaneret,
382 407 431 443 tum
442 415 469 444 ne
479 397 554 445 virtuti
565 397 611 445 eius
619 398 768 446 adversaretur
776 399 888 457 quenullo
895 419 968 448 exemu

151 477 159 521 ,ζ
182 469 220 529 plo
234 469 302 516 emori
316 482 394 527 sponte
409 489 460 517 cunr
476 471 553 518 marito
568 469 639 520 vellet.
940 532 942 535 ι

225 541 266 592 His
282 542 371 591 demum
385 555 450 602 atque
464 543 544 593 talibus
558 543 630 593 verbis
645 557 737 603 uterque
751 543 865 595 brachium
879 565 967 605 percus-

156 618 169 666 5
185 617 227 665 sori
242 614 365 664 feriendum
377 616 449 665 tradit.
463 617 557 666 Senecae
569 637 657 678 quoque
670 618 693 666 id
705 619 787 677 petenti
799 631 864 679 atque
877 620 967 679 roganti,

148 740 150 744 A
183 689 244 749 quod
257 688 352 747 tepidius
367 690 386 738 ei
401 690 488 748 sanguis
501 690 604 745 efflueret,
617 712 684 740 venae
697 703 748 739 sunt
760 691 869 751 poplitum
881 712 906 740 ac
918 711 968 741 crue

183 783 233 813 rum
247 762 332 818 incisae,
348 763 377 811 ob
392 783 458 821 quarn
473 783 520 812 rern
534 763 608 813 dolore
623 765 696 824 ipsum
715 764 864 814 vehementius
879 778 969 824 urgente
1038 760 1042 781 ⁵

183 834 289 894 persuasit
294 835 355 883 uxori
361 834 422 895 quod
432 834 510 883 delerri
519 856 544 883 se
554 836 678 894 proximum
688 836 711 884 in
721 835 847 885 cubiculum
852 849 969 900 pateretur.

185 908 211 968 ld
225 907 288 966 enim·
297 907 380 956 curavit
395 907 484 964 Seneca,
501 929 529 964 ne
545 909 615 959 mariti
631 908 696 958 simul
712 922 733 957 et
749 929 789 957 suo
810 908 884 966 dolore
900 910 970 959 victus

144 980 297 1031 tomuliebris
311 981 396 1029 animus
416 981 444 1029 ad
463 982 621 1041 impatientiam
639 982 754 1031 laberetur.
775 983 833 1032 Cum
852 1003 903 1032 vero
924 1005 968 1032 non

183 1052 310 1102 acceleraret
323 1071 387 1107 mors,
401 1074 510 1102 venenum
522 1055 601 1108 hausit;
613 1067 713 1113 paratum
725 1054 779 1103 illud
791 1056 819 1107 ad
832 1057 969 1103 necessitates
1034 1057 1041 1094 ἕ

184 1125 321 1177 imminentes
335 1125 416 1176 Statius
430 1126 527 1183 Anneus,
542 1126 638 1177 medicus
652 1147 712 1183 suus,
726 1126 826 1178 habebat.
837 1128 968 1179 lndetrans·
1034 1122 1044 1178 ,Ῠ

184 1201 234 1250 ferri
248 1220 271 1248 se
285 1200 307 1249 in
321 1200 424 1249 balneum
437 1201 525 1249 calentis
538 1221 607 1259 aquae
620 1200 678 1255 lecit,
692 1201 752 1260 quod
766 1202 827 1251 senili
846 1222 872 1251 ac
889 1201 970 1265 frigido
1034 1206 1047 1251 β

183 1290 273 1332 corpore
286 1273 315 1321 ad
328 1273 478 1321 maturandam
491 1285 583 1321 mortem
596 1293 667 1332 neque
680 1293 789 1323 venenum
801 1275 846 1323 vim
859 1274 968 1323 efficacem
1033 1275 1036 1313 Ῐ
1043 1266 1046 1303 3

145 1347 170 1396 15
186 1345 274 1394 baberet
287 1366 326 1393 nec
339 1345 429 1409 sanguis
439 1345 525 1403 effluere
537 1345 625 1394 abunde
637 1366 701 1405 posse
713 1346 829 1395 videretur.

228 1418 318 1467 Interim
330 1437 381 1467 vero
394 1437 465 1467 sermo
478 1419 524 1467 eius
537 1419 565 1467 ad
577 1420 658 1467 amicos
671 1420 698 1468 de
711 1419 796 1469 animae
809 1420 970 1469 immortalitate

152 1544 153 1547 Ἴ
184 1505 206 1540 et
220 1504 290 1539 morte
305 1492 464 1540 contemnenda
479 1505 530 1540 erat.
541 1491 626 1540 ‘Omnia
642 1492 730 1546 librarii,
742 1493 784 1552 .qui
799 1494 861 1541 acciti
876 1506 927 1542 sunt
942 1495 969 1541 de

184 1564 296 1619 industria,
316 1564 393 1613 litteris
413 1563 549 1624 colligebant.
569 1564 708 1624 Epigramma
728 1585 793 1615 suum
812 1565 859 1614 hoc
872 1577 969 1625 tempore
1034 1562 1047 1632 [5

184 1639 267 1688 lactum
281 1637 308 1687 ab
324 1659 350 1687 eo
367 1637 440 1688 lerunt
457 1639 554 1699 quidam:
572 1654 581 1679 a
589 1638 655 1694 Cura,
673 1638 741 1694 labor,
760 1639 868 1694 meritum,
887 1640 968 1699 sumpti
1033 1636 1046 1699 ᾗ

143 1714 171 1761 20
186 1731 227 1771 pro
235 1730 330 1759 vmunere
344 1712 443 1766 honores,
457 1713 493 1760 ite.
506 1712 566 1760 Alias
578 1725 628 1770 post
641 1713 697 1760 hanc
710 1711 814 1765 solicitate
826 1712 916 1760 animas.
930 1712 970 1760 Me
1039 1702 1046 1776 ⁴„-

184 1781 287 1842 procula
301 1784 363 1832 vobis
378 1784 432 1831 deus
447 1797 528 1839 evocat,
544 1783 601 1832 ilicet
615 1785 677 1832 astris
693 1783 757 1831 rebus
771 1783 869 1837 terrenis,
885 1783 969 1842 hospita
1032 1789 1041 1835 ’ῤ’

184 1871 247 1910 terra,
261 1855 315 1905 vale.
330 1856 417 1915 Corpus
431 1876 493 1905 avara
506 1869 579 1905 tamen
594 1856 728 1905 solemnibus
742 1856 816 1914 excipe
830 1854 893 1904 saxis.
907 1855 969 1905 Nan·
1030 1879 1041 1903 ,τ

184 1951 228 1988 que
241 1929 337 1977 animam
346 1928 405 1976 caelo
414 1929 517 1983 redimus,
527 1949 574 1976 ossa
583 1929 630 1977 tibi.
640 1945 649 1969 r
659 1928 761 1987 Denique
770 1929 885 1976 rubentem
893 1946 969 1977 cruore

140 2048 154 2065 ¹2
184 2022 263 2063 aquarn
278 2001 301 2051 in
315 2001 426 2061 proximos
445 2020 559 2061 aspergens
580 2000 651 2051 dicere
670 2001 731 2051 tenui
751 1998 910 2066 voceauditus
930 2013 968 2050 est:
1031 1994 1047 2068 ³„

141 2071 171 2133 25
186 2096 194 2119 a
203 2077 322 2135 Liquorern
334 2076 393 2124 hunc
405 2076 450 2124 libo
465 2076 511 2125 lovi
523 2075 658 2125 liberatori.»
671 2076 745 2125 Deum
758 2097 844 2134 nanque
862 2074 971 2133 gentilicio

184 2167 244 2198 more
260 2148 335 2196 lovem
347 2146 466 2207 appellasse
478 2147 568 2207 quidam
579 2160 663 2206 putant,
676 2168 722 2196 non
734 2148 787 2197 nulli
800 2148 969 2207 haudquaquam

186 2223 260 2272 lovem
275 2222 313 2271 sed
328 2221 452 2271 Christiano
473 2221 516 2269 ritu
539 2220 611 2270 lesum
632 2221 744 2270 invocasse
765 2221 855 2270 malunt.
877 2220 970 2270 Fervore

184 2308 257 2345 autem
267 2295 339 2343 balnei
350 2294 411 2343 senili
422 2313 512 2352 corpore
522 2293 625 2342 calefacto
640 2308 661 2342 et
671 2314 781 2343 venenum
791 2302 830 2353 per
844 2313 909 2342 venas
924 2293 970 2342 vion

184 2369 263 2417 lentius
279 2366 412 2415 discurrebat
427 2378 449 2413 et
463 2366 549 2424 sanguis
565 2386 576 2413 e
591 2385 681 2425 corpore
696 2366 784 2414 uberius
800 2366 907 2414 effluebat.
922 2366 970 2413 Nec

85 2484 86 2489 ,
142 2441 171 2490 30
187 2460 246 2501 mora
260 2439 351 2499 longior;
361 2438 560 2498 spiritumtandem
568 2438 650 2487 Seneca
658 2452 731 2487 noster
739 2439 825 2487 efflavit.
835 2437 969 2486 Undecimus

185 2514 220 2562 hie
233 2532 303 2561 annus
318 2510 403 2571 imperii
421 2508 516 2559 Neronis
534 2523 586 2559 erat.
725 2506 727 2510 ’
1045 2515 1047 2517 ’

227 2585 301 2633 Funus
316 2603 368 2633 vero
383 2604 451 2632 suum
462 2584 507 2634 vidi
523 2583 561 2642 qui
579 2584 673 2632 maximo
692 2604 743 2632 cum
760 2584 842 2632 honore
859 2595 971 2640 peracturo
1035 2593 1047 2639 ξ’

158 2697 160 2699 ψ
185 2658 264 2708 scribat
278 2658 401 2706 coniectura
414 2656 504 2705 lortasse
517 2657 594 2704 ductus
608 2656 668 2715 quod
681 2655 834 2714 epigrammate
847 2674 887 2702 suo
900 2651 969 2712 excipi
1033 2649 1035 2662 ³

143 2757 285 2764 -—-.—-—-

181 2801 206 2838 18.
218 2799 307 2845 Repertum
319 2801 337 2837 in
349 2799 398 2837 codd.
410 2798 491 2840 Senecam
504 2798 536 2836 vid.
549 2797 620 2835 Senecae
632 2812 681 2843 opera
693 2797 719 2835 ed.
732 2813 741 2835 a
753 2797 812 2839 Haase,
825 2797 854 2838 lll,
866 2812 884 2840 p.
897 2796 939 2833 482.

142 2881 283 2889 -.-—--—-

186 2922 216 2967 17.
229 2920 303 2966 librarii
318 2922 354 2976 qui
369 2927 383 2966 i.
393 2938 416 2971 r.;
428 2938 451 2964 ex
462 2919 566 2973 scriptores
574 2936 603 2965 ac
616 2925 683 2964 statim
698 2936 747 2964 corr.
761 2918 780 2963 O
794 2918 899 2971 scriptores
912 2913 968 2967 acciti

142 2988 168 3033 de
177 2988 274 3035 industria
285 2989 307 3033 F.
344 2986 378 3033 29.
390 2985 488 3044 u(berius)
498 2992 512 3031 ι’.
521 3004 544 3036 r.;
554 3003 578 3029 ex
586 2983 691 3040 ltargiusa)
700 2991 768 3031 statim
776 3003 825 3029 corr.
834 2984 854 3029 Ο
864 2982 936 3036 largius
947 2980 970 3026 F.
