2093 3253
147 166 183 212 144
443 180 537 212 sicconis
551 181 670 211 roiuurour

185 297 236 345 teris
250 309 394 357 anteponunt,
407 295 462 345 hanc
475 295 544 354 legem
555 294 622 345 luisse
633 295 786 355 comperimus,
798 307 823 345 ut
834 316 889 354 quae
900 295 928 345 ab
938 300 968 348 eis

186 382 244 427 gesta
258 383 295 418 aut
310 367 362 427 pace
374 382 412 417 aut
425 369 482 417 bello
495 381 573 423 essent,
586 389 610 417 ea
622 367 725 416 scriberet
737 368 803 416 modo
815 369 853 427 qui
865 370 968 427 propheta
1018 398 1030 426 ,³

187 455 249 491 esset.
265 442 320 496 Hoc,
338 442 391 489 dum
408 442 513 499 propheta
530 462 556 488 eo
572 443 595 489 in
612 441 694 499 populo
712 442 827 499 quisquam
843 440 892 495 luit,
909 447 968 501 quasi
1020 433 1033 493 is}

186 515 261 563 datum
275 515 323 572 ipso
337 534 350 561 a
365 514 406 561 deo
421 526 556 571 preceptum,
572 526 593 561 et
609 513 708 561 habitum
722 526 743 561 et
757 533 842 561 summa
856 533 907 561 cum
922 514 969 563 dili·

160 587 259 646 5gentia
273 586 407 636 custoditum
421 599 461 635 est.
477 586 553 635 Postea
576 606 627 635 vero
651 606 717 646 quam
740 586 869 645 prophetam
892 585 969 639 habere
1019 581 1032 644 {3²

186 662 204 708 ls
218 660 312 718 populus
327 660 398 714 desiit,
411 673 459 707 tum
472 660 592 707 maximum
604 659 631 707 ad
644 658 775 717 pontificem,
788 660 825 717 qui
837 661 969 717 auctoritate,

187 734 275 786 honore,
291 733 394 789 dignitate
416 744 540 789 praestaret,
562 732 703 779 haneistam
724 730 849 779 scribendae
871 732 969 782 historiae

186 824 260 855 curam
275 819 296 854 et
309 804 405 854 officium
418 804 549 854 detulerunt.
566 803 631 853 Hunc
646 822 729 853 morem
740 825 753 853 a
766 802 915 853 vetustissimis
928 817 969 854 tra-

187 880 257 927 ditum
271 879 350 937 perdiu
365 899 390 927 ac
405 898 455 927 suos
476 888 545 936 usque
564 878 601 926 ad·
612 878 664 933 dies,
685 878 764 936 quibus
775 878 816 926 ¹est
836 879 970 929 Hierusalem

148 952 173 1000 lll
188 952 297 999 excidium
315 969 427 998 summum
445 969 513 1007 passa,
533 950 696 1006 diligentissime
714 950 847 997 custoditum
866 950 970 1009 Iosephus

187 1022 282 1073 scribens
297 1024 319 1073 in
327 1022 452 1081 appionem
460 1022 532 1072 tradit.
542 1021 589 1071 Nec
597 1022 627 1071 rei
636 1022 699 1071 buius
707 1036 772 1070 testes
780 1036 830 1070 sunt
838 1022 924 1071 obscuri
932 1028 970 1083 qui

188 1094 294 1144 habentur
307 1095 385 1144 veteris
399 1088 521 1143 testamenti
537 1093 593 1148 libri,
609 1094 669 1152 quod
682 1095 742 1142 tenui
756 1093 784 1141 ab
798 1094 886 1142 homine
899 1094 969 1144 nullus
1022 1084 1035 1145 ῘΚ

188 1168 226 1215 sed
234 1188 309 1215 ornnes
318 1168 363 1214 sint
372 1166 470 1213 maximis
479 1186 492 1214 a
500 1166 550 1214 viris
559 1179 624 1223 atque
632 1165 742 1226 prophetis
751 1165 832 1224 scripti.
1023 1160 1035 1228 [J

229 1240 319 1288 Chaldei
336 1259 424 1298 quoque
438 1251 506 1297 atque
520 1238 615 1297 Aegiptii
629 1251 651 1286 et
665 1239 702 1296 qui
717 1238 802 1287 oriundi
817 1252 868 1287 sunt
881 1239 909 1288 ab
923 1239 970 1295 illis,

149 1315 174 1364 15
190 1314 315 1367 Phoenices,
331 1311 405 1369 Syriae
420 1310 549 1360 nobilissimi
564 1310 647 1370 populi,
663 1331 749 1359 summo
758 1324 785 1359 vet
800 1311 872 1360 studio
886 1325 908 1361 et
923 1313 971 1361 dili-

188 1387 259 1445 gentia
273 1386 415 1435 observarunt
429 1397 454 1433 ut
468 1385 599 1442 quimagno
612 1384 734 1432 sacerdocio
748 1379 861 1442 potiretur,
874 1385 892 1432 is
906 1386 970 1433 modo

189 1458 263 1517 populi
278 1458 312 1506 sui
327 1469 386 1516 gesta
398 1456 548 1514 perscriberet.
560 1455 620 1504 Plato
632 1457 685 1505 item
697 1456 847 1515 philosophus,
859 1457 882 1506 in
895 1478 939 1516 quo
951 1472 971 1506 et

190 1531 257 1580 multa
271 1531 315 1580 veri
329 1529 469 1590 perquirendi
484 1549 534 1578 cura
548 1543 569 1578 et
582 1528 689 1578 bonarum
702 1530 781 1578 artium
794 1531 888 1588 cognitio
901 1531 971 1590 ampla

190 1605 239 1658 luit,
254 1624 294 1652 suo
310 1604 333 1651 in
351 1602 443 1650 Timaeo
460 1602 548 1650 adducit
564 1602 697 1650 sacerdotem
713 1603 845 1660 Aegiptium,
862 1603 972 1651 hominem
1026 1653 1027 1664 γ

148 1679 176 1726 20
191 1675 288 1735 prolecto
301 1688 322 1723 et
334 1674 438 1731 religione
449 1674 508 1732 apud
520 1694 571 1721 suos
582 1674 727 1722 venerabilem
738 1687 760 1721 et
772 1674 889 1734 multarum
901 1693 972 1724 rerum

189 1749 268 1799 noticia
279 1746 427 1802 excellentem,
439 1748 477 1805 qui
491 1746 567 1795 Soloni
578 1748 706 1804 interoganti
718 1748 746 1796 de
757 1749 821 1804 gestis
832 1768 857 1796 ac
868 1760 972 1797 vetustate

191 1823 259 1880 gentis
270 1821 384 1880 Aegiptiae
395 1820 542 1878 responderet.
764 1834 766 1836 ’

231 1895 298 1954 Apud
313 1894 409 1942 Graecos
430 1912 488 1948 vero,
511 1894 548 1951 qui
570 1893 656 1940 militari
677 1893 796 1951 disciplina,
817 1895 855 1952 qui
875 1888 972 1952 imperio,

190 1969 227 2028 qui
243 1967 359 2026 sapientiae
371 1966 444 2014 studio
456 1965 583 2020 floruerunt,
594 1985 618 2014 ea
628 1965 666 2014 lex
677 1966 754 2025 perdiu
765 1967 850 2022 mansit,
861 1967 921 2026 quod
936 1965 985 2015 der

149 2042 176 2091 25
192 2042 292 2099 ligeretur
305 2040 332 2087 cle
344 2039 433 2098 publico
445 2039 477 2087 vir
489 2038 560 2087 bonus
571 2059 596 2087 ac
608 2039 684 2087 doctus
696 2039 812 2099 quisquam
824 2041 862 2099 qui
874 2061 900 2089 eo
911 2052 973 2100 pacto

190 2128 211 2162 et
225 2115 282 2161 dicta
295 2125 316 2160 et
329 2113 385 2160 lacta
397 2112 471 2169 omnia
484 2125 612 2159 memoraret
627 2125 652 2159 ut
667 2112 720 2159 nibil
736 2113 838 2160 insereret
853 2113 913 2170 quod
928 2114 975 2171 ipse

191 2198 228 2234 aut
243 2184 310 2233 oculis
325 2204 369 2232 non
384 2183 473 2230 vidisset
487 2184 532 2230 suis
545 2196 582 2230 aut
595 2202 671 2230 verum
685 2202 731 2230 esse
743 2196 802 2232 certo
815 2204 839 2232 ac
848 2184 973 2233 ‘indubitato
1042 2192 1045 2239 f

191 2258 315 2307 testimonio
330 2276 374 2305 non
385 2256 481 2304 haberet.
491 2254 585 2304 Proinde
600 2255 694 2304 Macedo
704 2255 739 2304 ille
749 2276 839 2315 magnus
853 2256 975 2323 Alexander

197 2333 229 2389 rui
245 2332 350 2379 orientem
360 2331 439 2378 virtute
449 2328 525 2377 bellica
535 2329 627 2382 domuit,
637 2329 775 2387 proficiscens
784 2331 807 2378 in
816 2323 889 2378 hostes
898 2330 973 2379 babuit

150 2406 178 2453 30
193 2400 975 2460 secumviroscumperitiatumlideprobatos,quietrebusinteressent
998 2417 999 2420 ’

191 2477 235 2525 suis
246 2488 268 2524 et
276 2495 331 2534 quae
339 2474 437 2523 viderent
448 2473 512 2532 digna
523 2474 638 2522 memoriae
649 2487 707 2532 gesta
718 2495 771 2529 esse,
779 2495 804 2523 ea
812 2474 838 2523 eri
849 2476 924 2524 ordine
931 2472 974 2524 fide

191 2569 276 2598 summa
290 2546 444 2597 describerent.
896 2559 898 2564 ,

234 2617 337 2669 Romanis
351 2630 431 2674 autem,
453 2620 491 2678 qui
511 2619 570 2667 orbis
593 2620 681 2668 tandem
696 2621 812 2678 imperium
828 2622 975 2672 vendicarunt,

192 2695 233 2741 hoe
248 2694 374 2740 institutum
388 2691 416 2737 ab
429 2692 491 2739 initio
504 2691 565 2739 urbis
578 2711 647 2739 annos
660 2691 688 2738 ad
702 2691 781 2739 multos
795 2691 861 2739 luisse
872 2701 976 2740 memorat

189 2830 214 2868 10.
228 2828 292 2872 loseplr.
306 2802 348 2872 App.
362 2826 374 2866 l.
388 2827 404 2864 Β.

153 2910 296 2917 --..-..--

194 2942 224 2988 14.
239 2939 318 2986 oriundi
333 2952 380 2984 sunt
394 2960 417 2985 cx
433 2941 472 2984 nati
487 2951 533 2983 sunt
548 2947 613 2984 stetim
628 2958 676 2984 corr,
