2093 3253
145 254 186 300 422
287 245 289 248 ’
445 267 538 300 sicconis
552 266 670 301 rotantem

188 387 228 436 cile
240 405 307 436 unam
319 386 342 435 in
355 386 483 435 sententiam
496 399 579 441 coeant,
593 387 631 435 sed
643 387 675 435 uti
688 386 750 435 vultu
763 387 791 436 ita
805 386 848 434 sint
861 385 938 434 animis
950 401 971 437 et

189 459 328 519 opinionibus
337 460 390 507 varii
400 479 424 506 ac
433 473 520 517 tempus
530 459 722 517 disceptationibus
733 472 810 512 terant;
821 459 912 520 proinde
921 480 972 509 curn

189 546 274 591 tempus
289 530 348 587 fluat,
364 532 405 579 hoc
419 532 543 589 saepissime
557 531 600 585 fiat,
616 544 640 580 ut
655 531 726 580 oblata
740 545 828 580 evaneat
839 531 922 579 occasio
933 553 972 581 nec

189 606 235 655 lieri
250 605 333 664 possint
349 615 412 664 pacto
426 603 471 653 ullo
486 624 549 664 quae·¹
556 604 677 664 potuissent
692 603 754 654 facile
769 604 892 654 sivceterius
908 624 971 664 expe-

163 680 176 728 5
192 679 280 727 dissent.
295 677 416 725 Antonium
430 696 481 725 vero
495 697 557 726 suam
571 677 599 725 ad
614 697 659 726 rern
673 678 818 735 peragendam
832 678 913 725 interea
927 698 972 727 esse

191 751 299 799 intentum
312 768 337 798 ac
347 767 464 808 properare
477 760 502 797 ut
515 750 633 807 exercitum
647 749 734 798 duceret
747 750 775 797 ad
788 742 871 798 urbem*
879 761 900 796 et
914 752 972 808 quod
1042 799 1047 812 ,Ἰ

190 823 263 873 animo
278 834 387 877 statuerat¹
405 822 422 870 si
438 834 518 881 posset,
535 818 634 881 impleret
650 822 792 881 cognoscebat
809 821 893 871 Cicero.
910 822 972 872 Unus

191 897 281 956 quidem
298 908 343 944 erat
360 895 476 950 Antonius,
495 908 517 943 et
534 895 624 943 consilio
642 916 699 950 suos
709 916 752 944 non
770 896 840 943 alieno
858 896 972 953 pendebat.

191 970 253 1027 Quae
267 981 340 1017 autem
355 967 474 1025 velletsuti
489 968 559 1023 vellet,
576 969 664 1029 quando
678 969 742 1018 vellet
757 969 887 1028 disponebat
902 983 974 1021 mente

152 1044 178 1092 10
193 1063 231 1091 sua
244 1054 308 1100 atque
322 1042 395 1089 suain
409 1061 474 1090 manu
487 1053 508 1089 et
521 1042 643 1107 retardandi
657 1054 678 1090 et
692 1042 813 1090 maturandi
826 1041 973 1091 consiliumet

191 1126 319 1173 potestatem
334 1113 433 1163 habebat.
486 1137 487 1140 ¹
1042 1110 1047 1175 i

234 1187 336 1245 Denique
350 1199 410 1235 tanto
424 1200 512 1245 tamque
526 1188 584 1245 gravi
598 1201 619 1236 et
634 1208 673 1236 suo
688 1202 708 1236 et
723 1188 753 1236 rei
767 1187 866 1246 publicae
880 1188 974 1246 periculo
1038 1176 1047 1200 Ε

195 1258 294 1309 Ciceroni
310 1271 342 1307 est
358 1272 379 1307 et
394 1258 468 1307 amicis
483 1259 555 1307 visum
570 1280 614 1308 non
630 1260 762 1319 expectanda
777 1273 863 1308 senatus
879 1260 973 1309 consulta
1040 1265 1047 1320 gl

194 1333 400 1382 sed‘maturandum
415 1332 582 1392 faciendumque
597 1334 703 1392 quicquid
717 1353 763 1382 esse
778 1354 790 1382 e
805 1351 828 1381 re
843 1333 929 1391 publica
944 1334 974 1383 vi·

155 1407 180 1456 l5
196 1408 289 1455 deretur.
303 1406 437 1454 Auctoritate
448 1406 521 1464 itaque
533 1426 570 1454 sua
582 1408 709 1465 privatoque
720 1407 840 1454 amicorum
851 1405 941 1454 consilio
952 1426 975 1452 ac

195 1479 253 1529 bono
266 1498 316 1527 cum
329 1491 415 1536 patrum
427 1497 515 1527 assensu
528 1478 605 1528 Cicero
618 1499 760 1539 quaecunque
772 1481 860 1533 interea,
873 1479 927 1526 dum
939 1478 975 1526 ha-

195 1553 241 1601 beri
256 1550 383 1610 consulique
398 1564 484 1600 senatus
499 1565 579 1609 posset,
594 1552 622 1600 ad
637 1551 781 1600 resistendum
795 1550 892 1601 Antonio
907 1563 975 1599 essent

195 1625 217 1672 in
225 1622 279 1672 urbe
287 1622 387 1672 obeunda
396 1623 497 1681 suscepit.
506 1622 612 1672 Omnium
617 1636 690 1672 autem
698 1624 794 1682 primum
801 1645 825 1673 ac
834 1624 975 1673 necessarium

195 1696 278 1756 putavit
293 1716 339 1745 esse
353 1715 427 1756 parare
442 1695 514 1755 copias
529 1696 608 1755 quibus
624 1696 721 1746 resistere
735 1696 831 1746 Antonio
843 1696 938 1745 venienti
953 1716 976 1743 ac

154 1770 184 1817 20
197 1770 252 1817 tueri
269 1768 346 1816 urbem
362 1781 441 1827 posset.
458 1769 555 1816 Primum
571 1769 636 1826 igitur
652 1770 695 1827 egit
711 1770 849 1828 persuasione
865 1790 903 1817 sua
919 1769 976 1828 quod

197 1842 352 1900 patrimonium
365 1861 429 1889 suum
442 1840 546 1890 Octavius
558 1842 586 1889 ad
599 1842 671 1900 copias
684 1843 850 1891 conscribendas
864 1854 977 1900 exponeret
1039 1840 1047 1889 t

197 1914 335 1973 legionesque
353 1926 451 1973 quartam
469 1925 490 1961 et
508 1914 611 1961 Martiam
628 1934 653 1961 ac
670 1927 782 1962 veteranos
800 1915 879 1963 milites
896 1915 935 1974 qui
951 1914 976 1960 ab

196 1987 292 2035 Antonio
306 1985 428 2034 defecerant
442 1987 522 2034 amicos
536 2006 561 2033 ac
575 1987 633 2034 dicto
648 2001 746 2044 parentes
761 1988 856 2035 haberet.
871 1988 932 2044 Quae
946 2005 976 2034 res

197 2059 320 2109 venientem
332 2058 453 2108 Antonium
464 2059 518 2108 adeo
529 2059 606 2108 terruit
617 2080 642 2108 ac
654 2081 695 2119 spe·
704 2060 763 2109 omni
776 2060 893 2110 denudavit
905 2072 930 2109 ut
941 2058 976 2118 qui

155 2133 185 2181 25
201 2132 265 2191 paulo
278 2145 328 2180 ante
341 2132 415 2190 paucis
429 2134 543 2181 comitatus
557 2134 666 2191 equitibus
681 2134 812 2181 discessisset
826 2134 899 2181 minax
912 2132 991 2199 redire.
1038 2123 1047 2173 i

199 2225 256 2252 nunc
268 2203 296 2251 ad
308 2204 385 2252 urbem
399 2204 466 2252 multa
479 2205 569 2262 stipatus
582 2206 657 2253 militia
670 2227 714 2253 non
726 2206 822 2254 auderet.
840 2227 841 2230 ¹

241 2275 373 2334 Cisalpinam
386 2277 474 2333 quidem
486 2277 508 2325 in
521 2276 615 2325 Galliam
626 2292 678 2326 tunc
694 2276 753 2326 flexit
768 2279 815 2326 iter.
828 2277 882 2326 Eam
893 2276 978 2336 provin·

200 2350 254 2398 ciam
267 2349 296 2397 D.
308 2349 388 2398 Brutus
400 2349 440 2397 sibi
453 2350 525 2398 datam
536 2370 548 2398 a
561 2349 651 2399 Caesare
663 2372 721 2401 nunc
737 2370 777 2409 pro
788 2369 811 2398 re
823 2350 909 2409 publica
925 2348 978 2397 obti·

200 2422 271 2470 nebat.
294 2421 351 2470 Huic
368 2441 419 2470 vero
435 2442 474 2479 per
490 2422 570 2471 litteras
587 2422 664 2470 Cicero
681 2424 786 2481 persuasit
807 2423 867 2480 quod
888 2418 979 2471 venienti

155 2494 185 2541 30
199 2494 301 2551 Antonio*
309 2514 332 2541 se
345 2507 471 2552 opponeret,
486 2508 613 2553 curaretque
623 2496 738 2553 prohibere
752 2515 779 2543 ne
792 2495 828 2543 ille
839 2495 921 2552 regredi
932 2510 979 2551 pro·

109 2566 110 2569 ¹
200 2567 286 2626 gredive
299 2588 391 2627 usquam
403 2580 482 2627 posset,
496 2588 535 2617 nec
548 2568 656 2617 dubitaret
668 2568 698 2617 illi
711 2567 884 2618 belluminlerre
896 2577 979 2616 senatus

201 2641 285 2688 iniussu
298 2661 364 2699 quem
376 2642 472 2699 privatus
486 2640 563 2688 Cicero
575 2642 678 2689 scriberet
691 2642 860 2700 haudquaquam
872 2638 980 2688 consulem

202 2713 359 2763 nominandum
372 2712 410 2762 sed
422 2712 454 2762 uti
467 2714 547 2773 patriae
560 2713 645 2762 hostem
657 2713 782 2762 habendum
795 2734 848 2762 esse.
860 2713 890 2762 Αῒ
902 2709 980 2761 viribus

201 2786 309 2843 potentior
319 2785 354 2832 ille
364 2785 458 2834 Decium
467 2786 546 2834 trustra
556 2788 648 2834 retinere
657 2800 772 2835 conantem
781 2788 915 2835 retrocedere
924 2801 981 2832 corn*

158 2856 188 2905 35
203 2856 258 2916 pulit
267 2857 418 2916 inclusumque
428 2858 517 2907 moeniis
528 2858 627 2907 Mutinae
636 2859 710 2907 castris
719 2859 801 2908 circum
809 2858 884 2906 locatis
893 2852 981 2904 obsedit.

183 3045 215 3087 229.
229 3046 263 3084 Cic.
276 3048 320 3086 Fam.
333 3047 362 3085 Xl.
372 3047 388 3090 5,
398 3049 414 3091 7,
423 3048 439 3084 8.
