2093 3253
161 179 200 225 112
390 193 393 196 ·
458 191 554 226 sicconis
569 191 687 224 rorsuronr

201 319 290 361 textam,
305 306 397 355 alterum
410 304 532 363 Opericum
545 304 668 363 appellavit.
684 305 727 353 lsta
741 304 851 353 Cornutus
865 305 899 352 edi
908 303 987 361 'prohi-
1029 312 1041 359 {s

202 379 257 428 buit.
271 378 383 428 Postremo
405 389 479 426 autem
500 377 585 427 doctior
607 374 677 426 lactus
699 389 764 435 atque
786 377 827 425 ital·
837 375 987 425 corroboratus

204 452 293 502 scientia
309 451 412 511 poetandi
428 450 489 509 quod
505 463 573 509 poeta
585 450 692 499 nominari
709 450 764 498 inter
780 463 854 508 poetas
871 443 948 498 merito
963 470 988 498 ae

203 527 250 573 iure
259 537 345 582 posset,
361 523 439 571 vitiae
455 522 541 571 Lucillii
556 524 647 579 vestigio
661 521 818 580 reprehendere
832 522 913 569 statuit.
928 519 988 570 Tum
1037 536 1045 565 f

177 599 189 648 5
206 596 295 657 quidem
309 616 365 656 opus
376 594 447 655 coepit
457 595 576 655 egregium,
587 595 625 645 sed
637 613 695 644 mors
705 595 839 654 inexpectata
849 595 989 655 praeveniens

204 692 232 719 ne
245 671 358 729 perficeret
368 669 444 718 vetuit.
455 668 567 718 Stomachi
578 689 665 728 nanque
675 669 728 718 vitio
738 681 813 732 captus
824 669 871 728 ipso
881 668 904 717 in
914 668 989 716 aetatis
1033 687 1035 726 j

205 744 257 792 flore
268 744 364 802 (annum
373 742 458 790 Persius
469 761 553 791 nonum
564 761 589 790 ac
600 742 730 799 vigesimum
741 755 789 789 turn
799 742 885 799 agebat)
897 742 939 790 vita
951 741 989 788 de·

204 815 342 864 lunctusest
359 813 414 863 Vlll
432 813 549 863 Kallendas
566 813 707 869 Decembres,
722 814 807 873 imperii
823 813 917 863 Neronis
932 833 990 863 anno

205 889 282 943 VIIII,
299 888 332 937 M.
349 888 437 936 Rabirio
449 900 471 936 et
484 887 514 936 C)
523 887 599 935 Asinio
612 886 745 937 consulibus.
758 886 861 946 Sepultus
874 900 906 936 est
918 886 989 945 Appia

168 963 194 1010 lO
208 960 243 1009 via
253 962 276 1009 in
288 959 382 1020 praediis
397 960 442 1007 suis
457 972 559 1008 octavum
573 960 601 1007 ad
613 959 715 1017 lapidem.
729 959 874 1008 Fortunarum
885 960 938 1012 eius
950 950 989 1007 ets'i

205 1032 267 1081 aliter
279 1043 408 1081 testamento
421 1032 519 1085 cavisset,
533 1030 686 1079 bibliotecham
700 1031 758 1088 (libri
771 1044 832 1080 erant
845 1031 875 1081 Vl
880 1031 916 1088 10)
935 1029 990 1080 Cor·
1036 1062 1047 1086 μ,

207 1117 273 1155 nutus
285 1105 367 1160 habuit;
383 1103 465 1164 reliqua
476 1104 539 1152 matri
551 1116 602 1153 sunt
613 1124 637 1153 ac
649 1104 717 1153 sorori
729 1103 785 1153 data.
796 1104 869 1163 Atque
879 1102 934 1164 illud
945 1124 990 1153 rne-

208 1198 298 1234 morare,
311 1175 339 1227 ne
351 1179 374 1227 in
386 1196 489 1232 errorem,
502 1197 558 1237 quae
570 1177 624 1226 solet
637 1177 724 1232 multos,
737 1177 831 1226 nominis
843 1177 991 1237 aequivocatio

208 1272 341 1310 quemquam
354 1249 431 1304 trahat,
445 1248 547 1297 hocloco
560 1250 636 1307 placet:
650 1250 747 1297 Persium
757 1250 849 1298 alterum
859 1250 918 1308 apud
929 1249 991 1297 Cice·
1019 1308 1021 1311 Α
1037 1249 1043 1293 Γ,

170 1324 195 1374 15
211 1335 319 1372 ronemet
329 1323 355 1371 in
368 1320 459 1370 Oratore
470 1320 499 1369 ad
510 1320 540 1378 Q.
548 1320 640 1370 -lratrem
652 1334 674 1370 et
686 1322 742 1371 inter
754 1316 847 1371 oratores
859 1323 887 1371 ad
899 1323 992 1371 Brutum
1028 1316 1045 1368 ff?

210 1396 323 1445 nominari.
339 1394 383 1444 Sed
398 1393 434 1443 ille
449 1407 527 1450 orator,
544 1393 579 1442 hic
595 1407 658 1453 poeta
673 1393 723 1444 luit.
739 1395 835 1443 Mortem
850 1395 885 1443 ille
908 1397 993 1443 civitate

209 1468 276 1516 libera
290 1467 351 1522 obiit,
367 1468 402 1515 hic
416 1466 480 1525 longe
494 1479 551 1526 post,
565 1487 617 1515 curn
631 1485 654 1515 re
668 1466 755 1526 publica
769 1487 871 1528 oppressa
885 1466 992 1526 Tyberius

210 1541 332 1598 imperaret,
345 1552 408 1587 natus
421 1552 461 1587 est.
475 1539 533 1586 Huic
545 1557 596 1587 vero
608 1558 633 1586 ea
645 1539 754 1586 scribendi
766 1540 820 1587 ratio
833 1540 920 1597 placuit,
933 1540 993 1598 quod

210 1611 303 1661 voluisse
318 1612 385 1671 magis
400 1631 443 1659 non
458 1610 499 1669 legi
513 1631 552 1659 sua
566 1631 633 1670 quam
646 1610 736 1670 intelligi
750 1611 854 1661 videatur.
869 1612 994 1670 Satyrorum

170 1687 204 1734 20v
213 1686 279 1735 Persii
290 1686 358 1734 nostri
370 1683 424 1732 liber
436 1684 503 1732 modo
515 1696 572 1733 extat
583 1704 640 1734 unus
652 1684 711 1733 haud
723 1685 794 1734 minus
807 1685 877 1734 verbis
889 1685 994 1735 obscurus
1010 1715 1011 1719 =

212 1780 278 1817 quam
288 1758 393 1807 sententia
404 1758 473 1815 gravis
483 1771 549 1818 atque
559 1777 654 1806 severus.
665 1759 752 1815 Nempe
761 1771 821 1807 tanta
831 1771 863 1807 est
873 1754 995 1808 maturitate

211 1830 320 1890 perlectus
333 1830 393 1891 quod
404 1851 430 1878 eo
442 1851 487 1879 uno
499 1831 621 1890 eodemque
633 1850 699 1890 parvo
712 1830 767 1880 libro
779 1844 843 1890 poeta
855 1831 890 1881 hic
902 1832 996 1882 multum

213 1907 240 1953 sit
254 1905 334 1963 gloriae
345 1924 370 1953 ac
382 1923 463 1952 nomen
475 1904 597 1952 immortale
608 1903 690 1952 iudicio
703 1903 830 1961 Quintiliani
843 1918 865 1953 et
876 1907 996 1964 peritorum
1043 1902 1046 1958 Ῐῖ

213 1978 312 2025 omnium
326 1989 443 2024 assecutus.
458 1975 524 2023 Tanti
538 1995 590 2023 vero
603 1989 636 2023 est
649 1997 663 2023 a
677 1976 775 2024 Petrarca
788 1978 806 2023 is
821 1976 875 2025 liber
888 1977 958 2026 lactus
971 1990 997 2027 ut

172 2050 200 2099 25
215 2049 287 2097 dicere
294 2048 372 2097 soleret
380 2048 443 2097 malle
451 2068 474 2096 se
482 2068 551 2097 unum
559 2049 617 2098 hunc
625 2049 691 2097 Persii
700 2048 780 2098 librum
788 2062 809 2098 et
818 2070 909 2110 parvum
916 2050 997 2099 librum
1045 2044 1047 2087 }

214 2142 280 2181 quam
295 2133 404 2181 quotquot
418 2120 504 2171 fecisset
519 2121 566 2179 ipse
581 2122 656 2176 libros,
672 2122 710 2180 qui
726 2141 817 2172 numero
832 2123 894 2172 multi
910 2135 961 2172 sunt
976 2135 997 2172 et
1045 2115 1047 2165 Ϊ

214 2214 277 2244 versu
290 2207 312 2243 et
324 2213 394 2254 prosa,
406 2195 523 2254 scripsisse.
536 2194 641 2244 Recitavit
652 2196 725 2254 ipsum
735 2194 821 2255 publice
832 2196 942 2247 Cornutus
953 2198 998 2257 pri-
1045 2225 1046 2229 =

215 2289 277 2318 mum
291 2269 330 2317 sed
341 2289 394 2317 voce
405 2269 455 2322 leni,
467 2268 546 2316 deinde
557 2269 635 2316 Bassus
647 2271 693 2317 vice
704 2270 817 2327 impetrata
830 2290 854 2318 ea
865 2291 917 2318 voce
928 2290 998 2329 eoque
1045 2301 1046 2304 =

137 2343 138 2346 ’
215 2353 276 2400 gestu
287 2340 338 2399 legit
348 2352 373 2389 ut
383 2340 421 2398 qui
430 2340 531 2389 audirent
540 2360 616 2389 omnes
627 2341 660 2390 his
671 2342 746 2392 litteris
756 2342 847 2401 praediti
857 2342 999 2402 obstuperent

174 2416 203 2465 30
217 2426 283 2474 atque
292 2414 380 2463 tandem
390 2413 497 2462 desiderio
507 2414 594 2463 videndi
605 2414 646 2463 sibi
655 2415 784 2465 alterutrum
793 2437 805 2464 e
815 2436 881 2464 manu
890 2415 999 2474 carpendo

215 2499 329 2535 certarent.
336 2487 437 2535 Lucanus
443 2505 493 2534 vero
501 2486 623 2534 exclamans
631 2487 743 2536 lacrimose
748 2489 809 2537 dixit:
815 2488 942 2544 «Quaenam
947 2508 999 2546 poe·

217 2571 274 2607 mata
286 2559 327 2607 ista
339 2572 384 2608 tam
397 2577 469 2606 severa
482 2571 581 2607 essent.»
595 2558 661 2609 Hunc
674 2561 766 2609 correxit
784 2560 864 2611 librum
881 2560 1000 2610 Cornutus.

226 2732 251 2769 15.
264 2732 301 2770 Cic.
313 2734 338 2771 Da
350 2732 379 2769 Or.
392 2731 413 2767 11.
426 2730 455 2768 25.
513 2731 539 2768 15.
553 2731 589 2770 Cic.
603 2733 651 2771 Brut.l
664 2733 693 2771 99.
743 2734 772 2771 23.
785 2733 843 2777 Quint.
855 2735 895 2772 lust.
907 2734 929 2772 Χ.
945 2734 959 2771 1.
972 2733 1001 2772 94.

177 2792 300 2830 tactionum
313 2794 372 2830 inveni.
421 2792 450 2830 ³1.
464 2793 498 2829 Vra
512 2793 566 2831 Persii.

232 2949 249 2997 l.
263 2951 303 2997 Pro
317 2949 478 3004 Hodoeporicon.
532 2951 552 2995 4.
566 2949 597 2997 Ex
612 2950 685 2997 Lucilii
699 2970 748 2997 corr.
763 2952 831 3006 (etiam
845 2960 864 2998 r’n
879 2953 957 3010 indice).
