2093 3253
136 205 175 249 412
434 217 529 248 srccours
544 216 666 247 Potamou}

179 334 211 382 vis
225 322 339 387 tutissima,
351 344 423 381 tamen
436 332 496 391 quod
507 324 624 380 severitatis
636 322 714 378 babere
727 326 820 379 multum
831 349 855 403 ac
872 328 963 378 nimium

172 407 293 474 videretur,
308 405 390 454 nemim
384 403 491 465 placuit.
1037 457 1039 473 ζ

223 478 267 527 Sed
278 499 323 527 non
335 498 396 526 secus
408 498 475 537 quam
487 490 543 526 esset
554 498 567 525 a
579 478 683 525 Cicerone
696 475 831 534 praedictum
842 476 919 524 evenit.
932 477 963 525 Ut
1035 480 1045 509 ³³

180 552 238 601 enim
258 550 371 599 Caesarem
390 544 528 598 interfectum
547 550 629 598 audivit
648 548 764 603 Antonius,
784 546 875 607 propere
894 548 962 597 demi-

155 628 167 673 5
183 626 250 684 gravit
261 626 359 677 domum,
371 624 462 681 insignia
473 624 545 682 posuit
557 617 687 675 consulatus,
696 635 780 694 vestem
789 619 887 675 mutavit,
895 620 964 670 biduo
1034 633 1039 677 ζ

180 698 243 747 latuit
253 697 329 779 grandi
340 717 391 744 cum
401 708 468 750 metu
478 716 505 744 ne
514 696 546 744 uti
558 694 686 743 Caesarem
680 708 709 743 rta
718 690 747 749 se
757 714 795 753 qur
789 694 900 742 Caesaris
908 708 964 742 esset
1035 691 1045 698 ³

180 770 257 836 affinis,
270 770 359 838 amicus,
372 768 454 830 consul,
468 769 597 817 occiderent.
611 767 697 817 Deinde
710 781 734 816 ut
747 767 818 815 caedis
829 779 927 816 auctores
938 787 963 815 ac
1036 772 1044 806 ³²

182 855 280 892 senatum
288 862 414 890 convenisse
422 862 444 889 m
453 841 592 900 Capitolium
601 842 628 890 de
639 861 662 888 se
672 855 745 889 autem
755 839 809 888 nibil
819 859 894 898 aspere
904 839 963 899 loqui

182 916 255 970 sensit,
270 916 327 963 bona
341 935 379 973 spe
392 927 455 986 capta
468 915 526 963 misit
539 935 565 962 ex
578 915 622 962 suis
635 913 673 973 qui
686 913 836 984 promitterent
849 925 964 962 venturum

142 991 188 1038 ll]
183 1001 255 1047 ipsum
270 990 292 1036 in
307 1001 436 1046 potestatem
448 1000 534 1043 senatus
546 986 698 1044 {acturumque
711 1006 751 1045 pro
763 1006 786 1034 re
799 983 897 1048 publica
899 1008 965 1045 quae·
1038 1049 1043 1053 ,.

183 1080 269 1118 cunque
283 1060 388 1109 iuberent.
404 1058 483 1108 Filium
497 1079 584 1118 quoque
598 1059 656 1107 misit
669 1059 698 1106 ad
711 1078 754 1112 eos,
769 1070 794 1106 ut
808 1059 884 1108 obside
897 1078 965 1118 puero
1037 1067 1044 1122 ζ

182 1126 236 1183 fides
251 1153 297 1181 esse
311 1132 388 1181 certior
401 1131 517 1181 videretur.
532 1130 633 1190 Denique
646 1121 749 1180 latebris
746 1150 844 1189 egressus
857 1130 964 1181 Antonius
1036 1124 1042 1137 ⁵

182 1207 225 1256 fide
239 1207 341 1265 utrinque
356 1205 405 1253 data
418 1205 478 1253 venit
492 1205 610 1253 incuriam
624 1203 766 1263 benignisque
780 1224 804 1253 ac
818 1203 903 1253 blandis
917 1224 964 1254 ver·

182 1281 216 1329 bis
230 1299 282 1328 usus
296 1291 395 1327 senatum
409 1279 467 1336 pacis
481 1277 586 1336 cupidum
599 1298 625 1326 eo
639 1277 739 1335 perduxit
753 1290 777 1325 ut
791 1279 837 1326 sine
850 1277 918 1327 dubio
931 1297 965 1327 re-

144 1356 169 1403 l5
185 1346 291 1421 conciliati
304 1352 370 1401 animi
383 1352 524 1411 restitutaque
536 1350 629 1400 libertati
643 1370 676 1399 res
689 1349 776 1410 publica
789 1350 904 1400 videretur.
917 1351 966 1411 Ipsa
1045 1401 1046 1404 ,

182 1427 217 1476 die
231 1445 271 1485 pro
286 1426 410 1475 testimonio
425 1425 482 1484 pacis
499 1436 520 1473 et
535 1424 622 1473 Cassius
633 1424 692 1483 apud
702 1425 823 1473 Antonium
833 1437 865 1473 et
869 1424 966 1484 Lepidus
1038 1424 1044 1465 ἶ

182 1499 241 1559 apud
249 1498 342 1547 Brutum
351 1499 421 1546 amice
428 1491 605 1555 familiariterque
613 1498 704 1546 cenavit.
713 1498 795 1546 Senatu
805 1510 878 1546 autem
886 1498 965 1547 deinde

183 1571 309 1629 frequenti
303 1591 326 1617 m
337 1569 431 1617 Telluris
440 1570 516 1618 aedem
526 1584 602 1618 vocato
611 1571 645 1618 Μ
654 1568 768 1617 Antonius
773 1568 872 1618 omnium
881 1569 964 1619 incon

182 1656 258 1702 spectu
271 1663 356 1691 summe
369 1643 464 1691 laudavit
476 1638 553 1700 pacem
566 1640 631 1701 atque
644 1643 674 1690 ita
687 1655 719 1690 est
732 1643 759 1690 de
772 1635 873 1691 tollendis
886 1644 968 1691 civium

141 1711 177 1764 20⁵
185 1716 305 1770 discordiis,
317 1715 344 1763 de
355 1715 480 1774 magistratu
491 1715 603 1764 dictatorio
616 1713 714 1764 funditus
728 1714 827 1770 delendo,
841 1713 869 1764 de
879 1716 966 1774 provin-

183 1786 222 1839 ciis
237 1784 358 1838 dividendis
372 1785 442 1847 deque
455 1784 514 1836 omni
528 1807 550 1836 re
561 1789 647 1846 publica
658 1789 741 1846 legibus
752 1802 773 1837 et
783 1789 887 1837 institutis
899 1790 966 1837 maio*

183 1882 232 1911 rum
241 1882 266 1909 ac
281 1881 366 1909 summa
374 1857 490 1909 concordia
499 1860 638 1920 gubernanda
646 1856 732 1909 locutus
740 1873 765 1909 ut
773 1874 859 1910 senatus
868 1861 967 1910 omnium

184 1955 290 1985 consensu
305 1948 327 1983 et
337 1932 371 1982 illi
387 1934 498 1983 consulare
510 1935 627 1993 imperium
639 1936 714 1983 datum
725 1956 738 1982 a
750 1934 841 1983 Caesare
852 1935 967 1983 confirma-

183 2009 210 2058 rit
226 2021 247 2056 et
262 2029 317 2067 quae
331 2021 378 2056 acta
391 2020 451 2056 erant
463 2028 475 2055 a
488 2007 580 2056 Caesare
592 2007 724 2067 approbarit.

142 2082 170 2129 25
228 2080 299 2128 llllulta
314 2100 401 2138 quoque
415 2081 438 2128 in
452 2093 527 2128 senatu
541 2080 582 2128 hoc
596 2082 637 2128 isto
651 2080 686 2128 die
700 2080 776 2128 Cicero
789 2081 818 2129 ad
831 2079 923 2130 salutem
936 2081 967 2129 rei

184 2151 283 2212 publicae
295 2165 317 2201 et
330 2151 475 2202 conciliandos
488 2153 571 2202 animos
585 2153 612 2202 de
625 2153 736 2202 communi
750 2153 849 2202 omnium
861 2146 966 2209 libertate,

185 2228 212 2276 de
226 2233 279 2285 pace
292 2225 447 2280 confirmanda,
458 2226 485 2275 de
495 2222 618 2287 principum
628 2226 725 2275 delendis
736 2219 848 2276 discordiis
858 2226 901 2286 qua
911 2227 965 2276 sole-

184 2300 220 2347 bat
235 2299 360 2347 incaeteris
377 2300 408 2347 uti
426 2299 487 2357 copia
504 2312 525 2347 et
538 2301 646 2356 gravitate
661 2299 722 2348 dixit.
740 2299 836 2348 Caesaris
853 2318 904 2347 vero
920 2312 966 2348 acta

184 2392 317 2444 quamquam
327 2370 462 2431 reprobanda
474 2392 520 2420 esse
533 2370 621 2429 videret,
635 2392 660 2421 ea
672 2385 744 2422 tamen
756 2372 829 2422 baberi
842 2385 887 2422 rata
897 2385 918 2422 et
928 2380 968 2433 ap

142 2447 170 2494 30
186 2445 272 2519 probari
286 2447 401 2500 consensit,
416 2446 476 2503 quod
489 2447 642 2504 percommoda
656 2460 727 2495 essent
742 2446 815 2495 multis
829 2447 967 2496 necrescindi

184 2539 247 2578 posse
261 2521 308 2567 sine
319 2536 392 2567 rerum
403 2519 565 2577 perturbatione
577 2517 670 2568 maxima
681 2520 813 2568 viderentur.
827 2519 884 2568 Illud
894 2533 968 2568 autem

184 2588 225 2642 sibi
240 2588 349 2651 displicuit
362 2592 508 2647 vehementer,
522 2589 582 2652 quod
594 2592 691 2641 Antonio
704 2591 824 2642 remaneret
836 2593 968 2643 consulatus

184 2666 216 2714 Εο
231 2685 317 2724 nanque
330 2665 418 2714 consule
431 2684 557 2724 oppressam
569 2667 642 2724 potius
655 2686 721 2724 quam
734 2667 855 2716 restitutam
868 2685 914 2715 rem
926 2687 968 2725 put

184 2739 263 2786 blicam
278 2759 324 2786 esse
338 2738 432 2786 videbat.
446 2738 491 2786 Sed
503 2739 615 2786 adversam
628 2740 650 2786 in
664 2741 792 2788 sententiam
805 2739 907 2788 euntibus
919 2759 968 2787 cae·

181 2916 200 2959 9.
209 2914 243 2968 qui
253 2932 276 2958 cr
287 2912 342 2968 quod
351 2932 398 2957 corr.
454 2913 473 2957 9.
483 2914 607 2969 ventulrum)
617 2923 630 2959 i.
641 2935 662 2965 r.;
673 2926 716 2959 erut
725 2915 829 2959 futurum?
885 2916 917 2961 33.
926 2933 969 2959 rem

140 2980 242 3032 publicam
257 2998 299 3022 esse
313 2986 325 3023 i.
340 2998 363 3028 r.;
377 2989 419 3023 erat
434 2998 476 3022 esse
490 2998 532 3023 rem
546 2979 660 3032 publicam?
