2093 3253
144 224 184 269 456
419 238 536 269 ἐιεοοΝιε
551 239 669 270 roiaurour

187 351 258 400 lestias
279 352 395 399 senectutis
416 352 454 399 sed
475 352 562 400 mollem
582 374 606 401 ac
627 354 743 401 iocundam
770 355 904 402 senectutem
929 354 974 402 effi·

189 438 237 471 crat.
1039 432 1047 439 f'

232 495 299 544 Libro
313 497 430 551 itemuno,
446 518 512 557 quem
526 490 605 558 dialogi
619 498 648 547 ad
661 497 755 547 lormam
769 499 796 548 de
810 499 873 548 amici
888 500 976 549 nomine

190 569 333 619 Hortensium
345 569 468 630 appellavit,
482 570 620 643 philosophia
633 570 722 636 delensa
735 586 774 622 est.
789 571 877 632 Equalis
890 595 977 635 nanque

163 646 176 692 5
193 662 245 691 suus
255 643 459 702 consularisquevir
469 658 494 691 ac
502 644 575 714 'ordtqr
585 665 684 693 summus
694 645 722 701 Q.
732 645 862 694 Hortensius
871 640 977 693 hane‘sibi

191 713 325 774 provinciam
344 727 472 775 sumpserat,
493 717 553 776 quod
564 734 568 786 }
572 715 628 764 libro
647 737 692 765 uno
711 715 872 776 philosophiam
891 718 977 775 quantis

191 801 274 847 poterat
289 788 432 838 contumeliis
442 811 467 839 ac
484 787 679 849 vitupeiationibus
696 791 810 846 incusaret,
828 812 872 841 non
889 789 978 849 quidem

190 860 264 909 animo
284 873 305 908 et
326 860 437 911 voluntate
458 863 587 912 criminandi
609 864 721 912 seientiam
742 884 809 923 quam
830 863 978 912 doctrinarum

191 930 290 980 omnium
306 953 352 980 esse
369 947 481 991 parentem
498 935 648 994 humanaeque
664 935 720 983 vitae
736 935 811 983 cibum
827 935 936 994 optimum
951 955 977 982 ac

153 1004 179 1052 10
194 1002 311 1060 sapientiae
323 1001 408 1052 fontem
420 1004 559 1053 doctissimus
572 1005 638 1054 homo
650 1004 721 1060 sciret,
735 1005 774 1053 sed
784 1005 881 1065 quodam
890 1003 977 1053 dicendi

193 1075 265 1125 Studi⁰
277 1088 343 1134 fitque
355 1089 379 1126 ut
392 1078 521 1134 Cicewnem
533 1078 561 1126 ad
573 1098 621 1127 earn
633 1078 764 1131 laudandam
776 1077 978 1135 defendendamque
1036 1080 1047 1131 1²3

193 1160 267 1196 contra
289 1147 451 1208 vituperatores.
466 1151 608 1197 accenderet„
623 1150 726 1197 Lectione
748 1163 821 1198 autern
843 1150 892 1197 libri
916 1149 979 1197 huius

194 1220 324 1280 perductum
338 1242 361 1270 se
376 1222 472 1281 primum
486 1223 514 1272 ad
528 1222 600 1273 studia
614 1222 731 1283 sapientiae
742 1236 802 1283 pater
813 1236 900 1273 sanctus
910 1222 979 1272 Aurea

195 1293 237 1342 lius
249 1293 385 1353 Augustinus
398 1296 421 1344 in
434 1316 459 1344 eo
472 1295 528 1344 libro
540 1296 578 1355 qui
592 1296 712 1345 estvtertius
726 1295 895 1345 Confessionum
908 1295 979 1344 relert.

157 1368 181 1415 15
197 1367 272 1431 Annos
289 1367 335 1425 ipse
351 1382 400 1426 post
417 1382 528 1416 mortuum
544 1369 673 1417 Ciceronem
688 1370 717 1416 ad
733 1369 813 1417 CCCC
828 1369 877 1416 luit.
894 1369 982 1427 Quippe

196 1440 297 1487 iuvenem
311 1440 460 1498 augustinum
475 1461 536 1495 vana,
548 1454 572 1489 ut
582 1441 653 1489 solent
669 1441 756 1495 multos,
772 1440 894 1499 spectacula
910 1440 982 1488 oblec-

197 1510 278 1560 tabant.
291 1511 322 1560 At
334 1532 385 1562 vero
397 1527 421 1563 ut
433 1513 484 1572 legit
497 1514 555 1563 hunc
567 1513 647 1563 librum
659 1527 680 1563 et
692 1535 747 1573 quae
760 1515 781 1562 in
799 1536 825 1563 eo
844 1513 982 1562 continentur

198 1584 306 1633 mirabiles
319 1588 347 1635 ad
361 1588 524 1645 philosophiam
535 1589 694 1637 exhortationes
708 1601 728 1636 et
743 1587 816 1636 laudes
831 1586 885 1636 vidit
899 1586 981 1643 (aetatis

198 1658 253 1707 lorte
268 1678 337 1706 unum
352 1658 379 1706 de
393 1658 437 1706 XX
458 1659 534 1716 agebat
556 1659 654 1717 annum),
682 1680 733 1706 mox
758 1657 860 1706 affectum
892 1657 982 1706 mutavit

156 1734 184 1782 20
200 1752 239 1781 nec
254 1731 332 1780 deinde
347 1744 371 1780 ut
387 1730 464 1780 soleret
479 1730 566 1781 vanitati
582 1732 621 1780 sed
636 1730 752 1790 sapientiae
768 1731 852 1780 studuit
867 1749 983 1789 veramque

198 1804 332 1863 sapientiam,
342 1806 430 1863 quaein
440 1804 528 1852 Christo
537 1806 572 1858 sit,
582 1819 606 1854 ut
615 1818 764 1863 assequeretur
781 1818 802 1852 et
817 1804 952 1861 investigavit
962 1816 983 1850 et

120 1940 122 1943 ι
199 1876 288 1924 invenit.
304 1876 476 1935 Soliloquiorum
491 1877 543 1924 item
558 1876 613 1924 libro
628 1877 763 1934 Augustinus
778 1876 856 1935 inquit:
873 1875 983 1923 «Prorsus

166 1966 174 1991 ’.
199 1970 256 1998 unus
264 1948 379 1998 Ciceronis
388 1949 441 1998 liber
454 1950 507 1997 mihi
519 1948 581 1998 lacile
593 1950 699 2008 persuasit
707 1949 768 1999 nullo
777 1949 842 1998 modo
852 1948 984 2007 appetendas
1041 1954 1047 1989 'a

164 2077 166 2080 ¹
200 2043 246 2070 esse
259 2022 371 2071 divitias.»
878 2061 879 2064 ,
897 2055 899 2057 >
1044 2083 1046 2085 q

158 2098 186 2147 25
245 2095 337 2145 Librum
354 2117 442 2156 quoque
459 2095 536 2145 Cicero
553 2096 621 2145 edidit
638 2116 707 2144 unum
725 2096 751 2144 de
768 2094 890 2149 Paradoxis;
908 2092 942 2142 hic
958 2094 985 2161 ad
1042 2145 1044 2148 f

201 2169 294 2215 Brutum
308 2168 439 2216 inscribitur.
455 2168 520 2215 Plane
539 2168 629 2227 quidem
648 2169 670 2215 in
690 2189 716 2216 eo
736 2168 869 2216 demonstrat
888 2165 924 2213 illa
943 2166 985 2214 dici

202 2238 337 2299 proferrique
346 2241 369 2304 in
379 2240 450 2295 lucem
459 2260 484 2287 ac
494 2239 567 2288 lorum
576 2242 606 2289 ita
615 2259 678 2299 posse
688 2252 712 2288 ut
722 2240 842 2298 probentur
852 2258 907 2297 quae
917 2237 986 2286 solent
1041 2249 1045 2268 ²

202 2334 214 2360 a
229 2312 362 2373 philosophis
378 2312 456 2361 Stoicis
472 2326 493 2361 et
507 2314 592 2362 tractari
608 2313 654 2362 sine
669 2311 713 2361 ullo
728 2311 781 2360 flore
796 2310 934 2367 orationiset
944 2330 986 2369 pa·
1041 2308 1047 2339 J

201 2388 281 2435 radoxa
300 2387 328 2434 ob
347 2388 369 2435 id
387 2386 497 2446 appellari,
517 2388 577 2445 quod
595 2407 641 2434 esse
656 2385 791 2434 admirabilia
806 2399 827 2432 et
843 2385 899 2432 dicta
913 2397 987 2431 contra
1043 2412 1045 2415 >

161 2464 189 2511 30
205 2459 331 2517 opinionem
347 2460 462 2508 hominurn
478 2460 598 2507 videantur.
756 2452 757 2456 ¹
1045 2512 1046 2515 Ἴ

247 2530 312 2584 Haec,
327 2544 434 2589 quantum
449 2531 551 2578 existimo
561 2551 586 2578 ac
601 2544 705 2579 memorat
720 2530 830 2578 interdum
844 2531 897 2588 ipse,
912 2541 987 2576 sunta
1045 2563 1047 2597 j

204 2604 309 2653 Cicerone
326 2616 467 2662 posteaquam
484 2604 574 2652 redisset
590 2604 618 2652 ab
635 2602 699 2651 exilio
715 2604 743 2652 ad
760 2603 903 2652 Pharsalicam
920 2622 989 2661 usque

165 2702 305 2715 ...u—n·-

202 2740 227 2774 14,
239 2738 282 2780 Aug.
295 2737 345 2779 Cous.
358 2737 386 2773 111.
400 2739 415 2773 7.
466 2738 494 2773 22.
506 2738 548 2780 Aug.
557 2708 608 2774 *Soltl
622 2738 634 2773 1.
651 2736 676 2773 10,
691 2738 700 2772 7
713 2737 749 2781 (52.
763 2737 798 2772 878
810 2736 881 2780 Migne).

208 2860 223 2903 1.
237 2858 268 2903 Ex
283 2859 356 2905 molem
369 2878 418 2905 corr.
473 2858 506 2904 21.
521 2871 540 2903 et
550 2849 697 2914 investigabit)
712 2866 726 2904 i.
741 2878 762 2910 r.;
773 2869 816 2903 erat
826 2856 990 2911 investigaugavit

165 2928 192 2980 (et
206 2930 258 2980 om.).
314 2926 345 2969 22.
360 2925 536 2979 Soliloquiorum...
551 2925 629 2970 divitias
644 2931 658 2969 i.
672 2944 697 2969 m.
712 2925 748 2978 inf.
763 2925 809 2969 add.
864 2925 897 2968 3l.
911 2942 934 2968 ac
943 2929 957 2968 i,
968 2941 989 2973 r.;

164 3003 207 3038 erat
222 2996 255 3036 et?
309 3017 311 3020 ⁴
948 3004 950 3006 ’
