2093 3253
146 317 186 363 502
445 329 537 360 srccours
551 329 670 360 roirurour

186 443 269 492 lectum
280 442 352 491 videas
365 455 479 496 oratorem,
491 463 580 491 ornnem
592 443 614 491 in
626 442 814 502 eo‘philosophiae
825 443 971 502 cognitionem

187 516 290 570 invenies,
309 515 369 575 quod
388 535 438 563 eum
456 515 495 574 qui
514 516 571 564 dicat
589 535 720 574 quacunque
738 517 765 565 de
784 535 807 565 re
825 515 972 575 cognitionem
1020 508 1047 586 ⁵22}

187 589 266 638 habere
278 589 377 639 omniurn
389 609 462 638 rerum
474 601 579 647 oporteat.
594 586 632 636 llle
644 601 718 637 autern
730 590 768 647 qui
781 589 809 637 sit
821 588 971 647 philosophus,

187 683 238 713 cum
251 663 349 712 studium
361 662 407 712 eius
421 661 492 713 solum
505 662 527 712 in
540 661 671 720 cogitatione
683 675 786 718 versetur,
801 661 854 711 nihil
868 662 972 722 eloquen-

161 738 174 785 5
189 732 231 786 tiae
246 757 269 785 se
285 749 384 794 oportere
399 737 478 785 hahere
494 749 563 795 putat.
579 736 619 784 Sin
635 736 706 785 dicere
721 735 762 784 sihi
778 736 897 795 quicquam
912 735 971 792 libet,
1042 728 1047 745 ⁴

187 822 235 859 turn
248 829 270 857 se
284 808 370 858 differre
383 807 479 869 perlecto
492 808 519 856 ab
532 820 616 856 oratore
624 808 687 856 haud
700 809 772 856 minus
785 827 852 866 quam
864 807 972 856 urbanum

188 881 312 932 convivium
323 903 336 931 a
348 883 428 931 rustico
441 882 506 937 videt,
519 882 580 941 quod
592 882 614 929 in
627 880 664 929 illo
676 899 749 930 rerum
761 881 789 930 sit
801 881 891 930 fortasse
903 880 972 930 abun·

188 954 260 1004 dantia
269 955 308 1003 sed
317 967 405 1003 ornatus
414 954 494 1008 nullus,
504 955 527 1001 in
536 954 577 1001 hoc
586 971 637 1002 vero
646 973 690 1001 non
699 954 770 1002 solum
779 954 841 1019 copia
850 954 889 1001 sed
897 953 972 1002 iocun-

188 1027 243 1076 ditas
253 1029 318 1076 etiarn
328 1028 435 1086 quaedam
445 1028 472 1074 sit
482 1048 506 1075 ac
516 1026 595 1075 nobilis
605 1039 720 1085 apparatus
730 1026 768 1086 qui
779 1039 862 1075 mentes
872 1024 971 1081 oblectat,

149 1102 175 1151 10
189 1101 264 1149 incitat
279 1113 361 1158 gustus,
378 1101 479 1148 omnibus
495 1099 550 1158 sapit
565 1099 603 1159 qui
619 1120 663 1148 non
678 1099 721 1147 sint
737 1120 763 1148 ex
778 1098 819 1147 illis
834 1097 873 1157 qui
888 1098 973 1148 rusticis

188 1175 267 1223 assueti
277 1174 350 1223 omnia
361 1174 445 1233 fugiant
456 1194 511 1232 quae
521 1186 596 1222 ornata
606 1174 649 1221 sint
660 1186 681 1221 et
691 1171 772 1221 nobilia
782 1171 902 1220 videantur.

225 1247 275 1295 'Sed
284 1248 395 1296 mittamus
404 1248 445 1296 ista
453 1259 475 1295 et
484 1259 583 1295 nostrum
592 1248 620 1295 ad
628 1248 669 1294 iter
678 1246 802 1294 institutum
811 1246 842 1293 ire
851 1264 973 1303 pergamus.

187 1320 237 1369 Hoc
247 1320 312 1379 igitur
321 1320 383 1374 libro,
394 1319 412 1367 si
422 1319 521 1368 habenda
531 1332 563 1366 est
573 1319 627 1366 ratio
636 1331 767 1376 temporum,
778 1318 843 1366 debet
852 1315 973 1367 Vittruvius

188 1391 329 1449 sequentibus
344 1391 455 1450 anteponi.
471 1391 559 1449 Quippe
575 1404 638 1440 natus
654 1404 686 1439 est
702 1391 742 1439 iste
758 1409 781 1439 re
796 1389 883 1448 publica
899 1389 972 1445 libere

120 1496 122 1502 ·
149 1464 175 1515 l5
190 1462 247 1513 bello
257 1476 330 1526 autem
339 1462 397 1512 civili
407 1477 455 1511 orto
464 1463 506 1511 suh
527 1463 582 1511 lulio
592 1463 684 1512 Caesare
703 1463 799 1521 primum
808 1482 833 1511 ac
844 1463 923 1511 deinde
932 1463 973 1511 suh

177 1546 178 1549 ’
188 1535 307 1585 Octaviano
318 1536 381 1585 uixit.¹
389 1536 462 1585 Homo
472 1535 514 1584 tuit
524 1536 646 1585 Vittruvius
656 1536 793 1595 longissimae
803 1535 859 1585 vitae
869 1532 935 1595 atoue
945 1535 973 1584 oh

188 1620 322 1657 senectutem
333 1608 395 1656 vultu
406 1608 517 1662 deformis,
530 1622 611 1657 statura
622 1628 673 1657 vero
684 1609 762 1662 brevis,
775 1608 843 1666 patria
855 1607 973 1663 Romanus,
1034 1616 1047 1654 ’ἐ

188 1679 275 1729 lortuna
282 1679 381 1735 humilis,
393 1680 490 1729 moribus
501 1693 574 1729 tamen
585 1679 663 1728 nobilis
674 1693 740 1739 atque
750 1680 881 1738 singularem
892 1680 920 1729 ob
930 1680 973 1729 vir·

188 1765 259 1802 tutem
276 1753 374 1801 maximis
392 1753 443 1802 viris
460 1774 486 1802 ac
502 1753 638 1812 principibus
655 1754 721 1802 etiam
737 1753 848 1802 familiaris
865 1766 887 1802 et
904 1772 973 1802 carus.
1034 1761 1047 1812 5³]

146 1828 176 1876 20
190 1825 250 1884 Opes
261 1847 306 1874 non
317 1826 392 1874 hahuit
404 1847 444 1874 nec
454 1828 533 1876 amavit
544 1827 633 1885 amplae
645 1839 760 1875 contentus
771 1825 813 1875 tuit
823 1827 898 1884 paucis
909 1824 974 1884 atque

188 1896 224 1947 illa
232 1898 315 1948 curavit
325 1898 404 1948 habere
413 1899 479 1949 modo
488 1919 544 1960 quae
553 1898 595 1948 sibi
605 1899 723 1948 necessaria
733 1897 879 1947 ministrarent
888 1911 909 1947 et
918 1898 974 1948 vitae

188 1971 216 2019 ad
230 1983 330 2030 sumptus
346 1971 435 2021 honesta
446 1984 524 2021 essent.
540 1972 629 2022 Famam
640 1976 691 2021 vero
701 1973 783 2021 bonam
793 1972 877 2021 studuit
888 1972 974 2021 habere,
1036 1965 1047 2013 Ῐῑ

190 2044 277 2092 Iuvenis
291 2056 364 2093 autem
378 2044 454 2092 litteris
469 2046 532 2092 datus
546 2057 567 2093 et
582 2045 664 2093 Romae
678 2058 699 2092 et
713 2045 805 2092 Athenis
819 2046 857 2103 qui
872 2046 974 2093 docerent

189 2131 245 2165 artes
258 2115 356 2165 liberales
370 2138 395 2165 ac
408 2115 569 2175 philosophiam
582 2117 672 2167 audivit.
687 2116 732 2167 Sed
745 2117 864 2176 geometria
877 2121 974 2168 summo·

147 2190 176 2240 25
191 2207 242 2248 pere
252 2189 369 2237 delectatus
380 2202 419 2238 est.
430 2190 477 2238 Hac
487 2191 577 2249 quidem
587 2211 630 2239 una
639 2192 662 2239 in
672 2210 695 2239 re
705 2205 727 2239 et
736 2190 848 2250 ingenium
857 2204 879 2239 et
888 2202 974 2251 tempus

189 2282 254 2310 omne
274 2263 417 2321 consumpsit.
433 2263 535 2322 Denique
556 2264 647 2313 multam
668 2265 697 2313 ob
718 2264 817 2323 peritiam
837 2264 888 2312 artis
899 2263 974 2313 'huius

125 2367 128 2373 ·
189 2333 252 2382 facile
265 2335 325 2393 apud
337 2355 413 2383 omnes
427 2335 526 2393 cognitus
540 2349 573 2385 est
586 2349 652 2394 atque
666 2337 695 2385 oh
703 2336 783 2386 lamam
792 2336 886 2385 nominis
899 2337 927 2386 ad
935 2357 974 2386 no·

188 2407 262 2456 ticiam
275 2406 324 2457 lulii
336 2408 433 2457 Caesaris
445 2408 511 2458 venit.
523 2407 584 2458 Bello
595 2409 685 2469 quidem
696 2408 754 2460 civiti
766 2407 911 2458 Caesareanae
922 2407 974 2459 lavit
1030 2410 1047 2468 ξῗ

185 2481 252 2539 paru.
267 2480 343 2529 Postea
355 2500 413 2535 vero,
426 2494 451 2530 ut
463 2494 551 2531 necatus
564 2495 596 2531 est
608 2482 694 2536 Caesar,
707 2482 828 2545 Octaviano
840 2479 908 2531 haesit
916 2503 975 2532 ‘eun-

147 2553 177 2601 30
191 2551 286 2610 demque
293 2551 383 2605 balistis.
392 2553 542 2610 scorpionibus
551 2566 572 2602 et
581 2554 645 2602 huius
655 2554 714 2602 modi
723 2574 778 2612 quae
787 2555 815 2602 ad
823 2573 870 2603 rem
876 2554 975 2603 bellicam
1033 2560 1047 2599 sj

189 2625 321 2685 pertinerent
334 2626 448 2675 tormentis
461 2626 551 2676 adiuvit.
565 2625 613 2675 Nee
625 2627 716 2686 quidem
729 2645 818 2685 operam
830 2625 925 2684 perdidit
937 2626 975 2676 sed
1029 2630 1047 2684 ,Ji

185 2698 254 2747 'istam
267 2698 297 2746 ob
311 2716 358 2746 rem
371 2717 450 2756 magna
463 2717 516 2747 cum
529 2698 573 2747 fide
586 2719 612 2747 ac
621 2713 712 2747 'summa
726 2699 837 2758 diligentia
851 2700 975 2758 praestitam
1032 2710 1047 2744 J

189 2769 321 2819 Octavianus
339 2770 412 2829 ipsum
429 2770 509 2829 opibus
528 2771 601 2820 multis
619 2784 669 2830 post
687 2791 775 2830 magnas
792 2772 867 2821 laudes
884 2771 974 2822 ornavit.

123 2907 124 2910 .
152 2901 290 2908 Μ

101 3028 104 3032 ,
189 2966 208 3010 3.
224 2964 259 3009 llle
273 2983 296 3010 ex
312 2964 371 3010 lllum
384 2983 433 3011 corr.
488 2966 507 3010 5.
521 2984 563 3011 se...
577 2965 658 3012 differre
671 2973 724 3016 i.r.;
743 2975 786 3012 erut
806 2965 879 3013 habere
897 2982 975 3011 necesse
1019 2948 1046 3013 JJ]

148 3043 185 3076 eet.
198 3030 235 3076 Sin
249 3031 314 3076 dicere
328 3032 437 3087 quiequam
452 3030 577 3085 philosopho
590 3030 651 3078 libeat
665 3043 715 3077 tum.
770 3033 789 3078 7.
804 3032 857 3079 videt
868 3040 881 3078 ι’.
896 3051 922 3084 r.‚·
935 3038 975 3078 etot
1032 3060 1038 3095 3

151 3096 236 3145 differat.
