2093 3253
247 142 384 175 SCRIPTORUM‘
393 138 528 174 'ritustntum
537 153 552 158 -
565 142 624 172 LIBER
639 142 671 172 111.
831 125 833 127 ι
845 128 868 173 81

87 277 125 319 per
140 257 185 306 dies
202 257 292 305 excitata
298 255 388 313 'ingenia
397 267 463 314 atque
473 253 571 303 floruisse
580 253 873 314 poetarumstudia-videan-

87 348 130 381 tur.
146 331 210 379 Maro
221 330 287 388 igitur
299 328 363 378 huius
375 328 403 377 ad
415 327 514 377 beneficii
526 328 616 386 gratiam
628 326 763 376 referendam
774 325 873 376 excolen-

35 407 38 432 ’-
88 406 183 463 <lamque
196 403 300 451 memoria
313 402 445 459 sempiterna
457 402 575 460 quicquam
588 399 681 449 scribere
693 400 785 457 dignum
797 411 873 457 poetae

41 510 43 514 ,
81 477 113 528 ‘ac
127 477 174 527 viro
190 490 250 536 grato
267 474 387 525 constituit.
403 472 463 524 Tum
479 473 569 535 quidem
585 485 671 533 rogatus
681 475 699 522 va
715 472 818 527 Pollione,
834 472 872 533 qui

34 577 43 585 ·’
62 556 75 604 5
90 553 172 602 amicus
187 552 233 599 eius
247 570 272 598 ac
286 551 319 598 vir
333 550 415 607 peritus
429 562 491 604 esset,
507 568 583 598 canere
597 550 690 607 pastoria
704 546 783 607 coepit.
797 548 873 598 Annos

36 646 38 664 :
51 645 52 650 ¹
66 655 67 658 =
88 626 129 672 ista
142 624 165 671 in
180 641 203 670 re
214 621 328 670 scribenda
337 633 381 669 tres
391 622 533 679 consumpsit.
544 621 642 679 Scriptae
651 621 715 668 abeo
725 640 782 679 quae
791 621 873 669 haben-

89 711 124 745 tur
139 696 232 754 Eglogae
246 694 322 743 decern
333 706 394 743 sunt.
411 694 509 743 Imitatus
520 707 556 742 est
569 692 712 742 Theocritum
726 693 873 752 Syracusium,

89 770 126 828 qui
142 766 245 816 mirabilis
256 766 297 815 hoc
307 767 330 815 in
340 785 418 825 genere
427 766 486 825 apud
496 765 591 814 Graecos
601 778 668 825 poeta·
674 764 723 814 luit.
734 765 776 814 Res
786 783 873 824 nanque

88 841 202 899 pastoricia
210 853 242 889 est
250 840 383 900 sed-tanturn
390 839 501 903 sanguinis
509 859 534 887 ac
542 856 658 888 nervorum
666 838 731 888 lrabet
739 839 799 898 quod
812 839 835 888 in
848 858 873 887 ea

34 950 39 956 η.
51 915 77 963 111
90 912 200 961 tractanda
210 911 307 960 multum
312 912 398 970 'gratiae
403 912 487 969 asseoui
498 911 578 970 perrari
588 911 679 970 possint.
689 910 790 969 Virgilius
800 923 873 959 autern

39 1000 55 1011 ”¹
89 986 130 1034 hoc
144 985 167 1034 in
178 1002 262 1043 genere,
274 983 460 1044 quemadmodum
470 984 493 1031 in
504 983 600 1038 caeteris,
611 981 673 1032 facile
683 984 782 1032 omnium
792 983 873 1032 iudicio

37 1096 38 1100 ,
89 1059 147 1116 apud
158 1059 247 1107 Latinos
255 1059 356 1117 princeps
364 1056 413 1107 luit.
424 1057 522 1107 Tantum
532 1057 621 1106 enimet
631 1057 700 1118 laudis
711 1070 733 1105 et
743 1057 822 1116 gloriae
833 1078 873 1117 pro

89 1131 181 1180 mirabili
192 1151 233 1179 suo
243 1132 330 1190 ingenio
341 1144 362 1179 et
373 1131 445 1179 studio
456 1143 566 1179 assecutus
577 1143 610 1179 est
620 1120 792 1189 quodBucolica
803 1151 842 1179 sua
852 1145 874 1180 et

90 1205 149 1254 domi
158 1204 282 1253 astudiosis
292 1223 366 1252 rerum
375 1204 464 1253 istarum
474 1204 592 1263 peritisque
601 1223 613 1252 a
623 1205 729 1262 magistris
739 1223 824 1253 summa
833 1223 874 1262 pro

53 1280 76 1328 15
92 1278 216 1326 excellentia
230 1277 337 1327 celebrata
353 1290 375 1326 et
391 1277 443 1326 loris
460 1278 524 1336 apud
536 1278 643 1344 populum
660 1296 720 1326 more
736 1273 834 1336 gentium
851 1279 873 1326 in

41 1376 43 1382 ·
91 1371 153 1399 scena
165 1370 204 1409 per
215 1363 312 1399 cantores
324 1351 406 1405 habitu,
419 1364 444 1399 ut
454 1351 554 1405 solerent,
567 1344 661 1408 pastorio
672 1352 757 1409 saepius
768 1370 794 1399 ac
804 1350 874 1399 multo

75 1437 76 1441 ’
90 1444 140 1472 curn
155 1425 233 1482 plausu
244 1426 348 1473 recensita
359 1437 380 1473 et
392 1425 503 1474 decantata
514 1424 564 1473 sint.
576 1423 653 1473 Cicero
664 1444 759 1483 quoque,
771 1423 874 1483 eloquen-

44 1520 46 1522 ’
90 1496 132 1544 tiae
147 1495 257 1544 Romanae
268 1495 369 1555 princeps
381 1508 447 1556 atque
458 1495 502 1544 iam
514 1516 586 1552 senex,
599 1495 696 1554 eglogam
708 1495 767 1545 illam
779 1516 835 1555 quae
846 1495 874 1544 ad

38 1574 41 1606 ἶ
90 1567 183 1616 Varrum
197 1580 230 1617 est
244 1581 266 1617 et
280 1568 370 1617 «Prima
380 1568 494 1628 Syracusio
503 1586 513 1610 t
522 1569 605 1627 incipit,
616 1588 667 1618 curn
676 1569 699 1617 in
708 1569 792 1617 theatro
802 1581 875 1617 oanta·

39 1641 157 1696 iteretur,
174 1642 257 1690 audivit
271 1655 293 1689 et
307 1643 424 1690 admiratus
442 1642 506 1690 metri
521 1643 648 1700 elegantiam
664 1656 688 1690 et
701 1644 828 1699 dignitatern
844 1644 875 1690 rei

39 1709 66 1760 :s
91 1713 218 1771 perquisivit
235 1714 328 1763 auctoris
345 1735 425 1763 nomen
443 1714 605 1773 obstupensque
622 1714 760 1764 vehementer
777 1714 810 1764 his
827 1727 875 1764 tan-

91 1786 141 1834 dern
155 1787 226 1835 verbis
237 1800 312 1846 poetae
322 1788 424 1836 laudandi
439 1807 503 1836 causa
512 1808 565 1836 usus
575 1801 614 1836 est:
630 1804 639 1830 (t
647 1788 741 1846 Magnae
748 1807 800 1854 spes
810 1787 875 1837 altera

40 1876 49 1896 ³
75 1866 76 1869 ’
91 1859 199 1908 Romae.»
214 1860 276 1917 Quae
287 1879 349 1908 suam
360 1860 388 1908 ad
400 1854 487 1908 laudem
497 1872 559 1908 tanto
569 1881 582 1909 a
593 1861 640 1909 viro
652 1861 715 1915 dicta,
728 1881 755 1909 ne
767 1861 875 1909 oblivione
942 1862 943 1880 ³

91 1932 192 1987 perirent,
207 1931 310 1989 Virgilius
330 1945 405 1989 postea
423 1932 500 1981 ultimo
518 1932 621 1981 Aeneidis
641 1932 696 1981 libro
714 1932 742 1981 ad
760 1936 875 1991 personam

39 2003 77 2051 ·25
92 2003 179 2053 Ascanii
191 2004 292 2061 referens,
304 2019 329 2054 ut
341 2005 415 2055 scribit
427 2005 522 2061 Servius,
535 2007 651 2054 memoriae
662 2007 804 2065 sempiternae
815 2004 875 2054 dedit

51 2072 53 2076 ’
90 2096 153 2125 versu
165 2079 214 2127 isto:
226 2095 235 2119 «
243 2076 271 2126 Et
279 2097 336 2136 -puer
347 2078 452 2127 Ascanius
464 2099 553 2137 magnae
565 2099 613 2138 spes
625 2079 690 2128 altera
702 2080 805 2129 Romae.»

133 2149 176 2199 Sed
191 2171 246 2209 quae
260 2164 311 2200 sunt
321 2171 333 2199 a
345 2171 380 2199 me
390 2151 447 2200 dicta
457 2152 561 2201 veteranis
573 2152 600 2200 de
616 2152 719 2201 militibus
735 2152 875 2204 Cremonensi

91 2221 175 2271 donatis
183 2241 233 2282 agro
243 2223 302 2282 quod
311 2223 431 2273 Mutinensi
440 2224 496 2273 bello
505 2244 550 2273 rem
559 2224 613 2273 bene
626 2226 730 2283 gessisset,
744 2245 768 2274 ea
776 2225 874 2273 Donatus

47 2313 50 2318 ’
91 2308 111 2342 et
127 2296 220 2351 Servius,
237 2297 284 2344 duo
291 2298 424 2354 grammatici
439 2297 530 2346 illustres
545 2318 570 2346 ac
580 2298 666 2358 summi,
677 2297 743 2346 luisse
757 2298 813 2347 bello
825 2297 876 2347 Phi-

51 2365 79 2415 30
93 2367 183 2426 lippensi
196 2369 299 2417 scribunt.
309 2369 359 2417 Hac
371 2371 429 2417 enirn
441 2370 468 2418 de
480 2388 503 2417 re
514 2383 631 2428 utrumque
642 2371 671 2418 ita
683 2371 779 2418 locutum
790 2372 876 2420 invenio

91 2453 115 2490 ut
130 2454 179 2500 post
194 2440 331 2501 Philippense
346 2442 426 2493 bellum
440 2443 518 2502 scripta
532 2464 602 2492 essen
626 2443 717 2493 Marone
731 2443 830 2494 Bucolica
843 2446 876 2495 vi-

92 2510 192 2564 deantun
207 2514 273 2571 Quod
282 2515 337 2564 adeo
347 2529 379 2564 est
389 2535 440 2565 vero
450 2517 581 2566 contrarium
591 2530 616 2565 ut
625 2517 659 2566 vel
669 2538 713 2565 non
723 2517 841 2574 laudatum,
851 2531 877 2568 ut

51 2607 193 2617 ι---...-.

89 2657 103 2693 l.
116 2657 161 2695 Suet.
174 2659 216 2704 Aug.
234 2660 262 2697 89.
314 2660 339 2697 19.
356 2661 405 2703 Verg.
420 2661 455 2698 Ecl.
472 2661 489 2697 6.
538 2661 567 2698 25.
584 2661 644 2698 Donat.
662 2662 700 2700 Vtra
717 2661 771 2707 Verg„
786 2662 813 2700 ed.
830 2663 877 2702 hum.

51 2705 153 2765 (sabbatim,
165 2737 193 2765 op.
206 2723 239 2765 cit,
251 2738 268 2766 p.
282 2723 322 2761 208.
336 2722 360 2768 9).
410 2723 438 2761 26.
451 2723 499 2767 Verg.
512 2723 552 2762 Aen.
567 2722 606 2762 Xll.
626 2723 663 2762 168.
713 2724 741 2763 28,
759 2724 820 2764 Donat.
838 2724 877 2765 Vita

52 2776 97 2825 Verp
111 2796 126 2817 v.
139 2781 163 2820 69
174 2782 202 2821 Br.
252 2782 279 2820 29.
293 2781 335 2820 lbid.
348 2782 376 2829 (cl.
391 2782 485 2837 Sabbadini.
497 2798 524 2828 op.
537 2784 583 2829 eit).-

51 2863 193 2876 Ἣ

91 2913 123 2957 27.
139 2913 250 2960 Cremonsi.

88 3067 98 3101 6
