2093 3253
145 193 182 238 190
446 208 538 244 sicconis
552 209 667 239 rotumum

185 334 294 379 praetexta
310 321 391 368 dimisit
405 340 428 368 re
442 320 508 369 modo
522 322 562 370 ista
576 321 662 378 ductus,
677 321 737 381 quod
750 335 811 381 patre
825 324 923 382 quamvis
937 327 971 377 di,

153 429 155 431 ψ
186 393 229 441 vite
238 393 326 441 homine
334 405 406 440 tamen
415 394 520 451 equestris
529 393 611 440 ordinis
620 406 670 440 nata
678 406 741 441 esset.
752 394 845 452 Insignis
853 409 898 444 erat
906 401 970 448 vestis
1027 393 1041 435 ,3

186 478 295 524 praetexta
310 475 353 525 qua
368 465 459 514 Romani
474 466 513 525 qui
527 465 611 515 nobiles
626 478 687 515 erant
701 467 762 527 pueri
777 478 830 515 tunc
844 467 872 516 ad
886 468 970 521 virtutis
1037 478 1043 497 ’·’

187 560 252 589 omen
261 558 326 598 supra
334 540 418 588 tunicas
427 540 551 594 utebantur,
560 560 627 599 quem
636 559 719 588 morem
728 539 793 594 simul
801 561 827 589 ac
835 561 900 605 usum
909 543 971 594 sellae
1027 540 1041 594 »ῗῗ

160 611 175 664 5
189 614 280 663 currulis
295 615 439 672 lictorumque
450 635 475 663 ac
485 627 548 672 togae
559 616 628 672 pictae
639 627 661 663 et
672 614 736 663 huius
747 615 807 663 modi
819 636 874 674 quae
886 616 971 667 habitus

188 687 275 735 honoris
285 699 345 735 erant
354 686 450 746 primum
458 686 486 735 ab
494 686 612 742 Aetruscis
622 700 647 736 ut
656 687 757 743 diximus,
767 688 805 747 qui
815 706 874 747 reges
884 688 971 741 luerunt

188 761 280 809 Romani
306 773 445 819 sumpserunt
461 760 600 819 eundemque
617 760 702 819 regibus
720 761 799 809 exactis
817 762 915 810 Romana
931 777 987 812 nos
1041 787 1047 818 „1

188 833 258 882 bilitas
270 835 347 882 tenuit.
782 888 783 891 Ἴ
1028 826 1041 898 ,ᾖ

231 906 309 955 Caesar
318 925 368 956 vero
377 919 449 955 noster
457 927 514 955 anno
523 906 589 955 altero
598 919 740 965 posteaquam
748 919 809 966 pater
817 908 897 956 obisset
906 908 970 965 diem,

149 982 175 1029 111
190 980 250 1039 quod
262 992 377 1028 exornatus
389 980 432 1027 iam
445 979 520 1028 litteris
533 993 588 1028 esset
600 980 768 1039 adolescensque
780 980 858 1041 nobilis
871 993 892 1030 et
904 980 971 1033 clarae
997 1043 998 1046 Ἴ

188 1053 266 1102 indolis
281 1054 397 1108 videretur,
412 1052 489 1102 flamen
504 1053 565 1102 dialis
579 1066 662 1102 creatus
677 1066 716 1102 est.
731 1052 853 1102 Sacerdocii
867 1053 891 1102 id
904 1075 970 1112 genus

188 1140 233 1175 erat
247 1127 307 1184 quod
320 1126 369 1174 ideo
382 1125 460 1173 flamen
474 1126 623 1180 nominabant,
637 1126 697 1184 quod
709 1125 747 1174 filo
760 1126 846 1174 assidue
859 1120 970 1176 velaretur.

190 1198 265 1258 lpsum
277 1199 342 1255 enim,
354 1211 379 1247 ut
389 1198 454 1247 tradit
465 1198 581 1258 Pompeius
593 1197 676 1253 Festus,
688 1198 856 1258 haudquaquam
872 1199 971 1258 ignobilis

189 1273 264 1321 sedin
279 1273 350 1321 verbis
364 1272 529 1330 interpretandis
544 1273 646 1331 antiquus
660 1285 682 1320 et
696 1273 772 1320 doctus
792 1285 874 1327 auctor,
894 1272 971 1322 flamen

149 1346 174 1394 15
190 1346 251 1404 quasi
260 1345 347 1393 filamen
355 1344 499 1403 appellabant.
509 1344 577 1392 Dialis
586 1363 637 1393 vero
645 1345 782 1393 vocabatura
791 1345 833 1400 die,
843 1346 903 1403 quod
910 1346 938 1393 ab
946 1367 972 1394 eo

154 1443 156 1445 ¹
173 1454 174 1457 η
188 1419 231 1466 vita
239 1418 284 1466 dari
293 1417 418 1466 hominibus
425 1430 543 1476 putaretur.
1031 1410 1045 1484 ’,Ἴ

232 1493 294 1541 Uxor
309 1512 396 1551 quoque
415 1505 468 1539 tunc
488 1490 574 1540 Caesari
596 1490 710 1547 Cornellia,
732 1491 822 1547 Cinnae,
843 1491 970 1540 nobilissimi

188 1567 228 1615 viri
238 1579 357 1624 quaterque
366 1564 460 1613 consulis
469 1585 494 1613 ac
504 1564 621 1619 dictatoris,
631 1564 681 1619 filia,
691 1564 740 1613 data
749 1564 857 1623 est..Sylla
866 1583 924 1620 vero,
934 1566 971 1625 qui

190 1639 265 1686 Mario
278 1640 363 1686 devicto
380 1638 471 1685 dictator
487 1650 549 1690 esset,
567 1636 693 1695 pubescenti
711 1637 761 1684 huic
777 1637 924 1685 stomachatus
940 1650 971 1685 est

148 1711 176 1759 20
191 1710 250 1758 nulla
266 1709 355 1768 quidem
370 1708 448 1758 iniuria
463 1708 502 1757 sed
516 1709 580 1757 tacita
596 1709 690 1767 quadam
706 1709 828 1767 suspicione
843 1722 971 1764 commotus,

189 1784 249 1840 quod
263 1784 304 1831 isto
318 1784 340 1830 in
355 1784 432 1830 iuvene
446 1783 506 1839 signa
520 1782 626 1849 quaedam
637 1783 709 1839 magni
719 1782 785 1829 animi
796 1803 842 1830 esse
853 1782 971 1841 perciperet

189 1875 214 1901 ac
228 1875 301 1901 secum
316 1854 445 1902 coniectaret
458 1866 530 1902 mente
543 1852 642 1902 futurum
656 1853 715 1913 quod
728 1852 783 1902 altos
796 1854 824 1902 ad
837 1856 971 1912 magistratus
1031 1858 1043 1896 J'

189 1939 211 1975 et
220 1927 312 1976 honores
321 1927 446 1975 ascenderet
455 1926 594 1985 sopitumque
603 1927 704 1975 excitaret
713 1925 795 1975 bellum
804 1940 833 1982 et,
842 1947 897 1985 quae
907 1927 971 1989 modo

189 2001 266 2049 iaceret
280 2021 304 2049 ac
319 1999 431 2059 profligata
445 2012 507 2054 esset,
523 2000 645 2048 Marianam
659 1999 775 2048 factionem
789 2001 886 2058 erigeret,
900 2000 971 2057 suble·

148 2074 176 2122 25
191 2086 258 2127 varet,
279 2073 398 2122 induceret.
415 2072 492 2120 Fuerat
512 2073 603 2131 quidem
618 2072 696 2121 Caesar
710 2074 798 2131 utrique
814 2072 886 2121 Mario
901 2074 978 2121 stricta·

189 2146 292 2196 affinitate
308 2146 443 2196 coniunctus.
459 2146 527 2195 Patris
543 2147 602 2195 enirn
618 2165 678 2194 soror
695 2145 749 2195 Iulia
764 2146 852 2195 nomine
868 2146 971 2206 appellata

189 2233 210 2267 et
226 2222 328 2269 maritum
343 2221 450 2268 seniorem
466 2219 563 2268 Marium
579 2219 685 2268 etlilium
700 2218 798 2267 Marium
812 2219 920 2268 iuniorem
935 2219 972 2267 ha·

190 2294 272 2342 buerat.
288 2292 339 2341 Eius
350 2293 423 2350 itaque
434 2293 569 2350 deprimendi
580 2313 643 2340 causa
654 2293 737 2349 privare
747 2293 820 2349 ipsum
831 2292 889 2348 Sylla
899 2292 979 2340 uxoria

189 2366 292 2414 affinitate
305 2365 424 2414 constituit.
439 2364 505 2413 lussit
518 2365 608 2422 quidem
621 2365 732 2412 dictatoria
744 2376 850 2421 potestate
863 2377 894 2419 ut,
908 2383 973 2422 quam
1003 2360 1005 2364 ¹

148 2440 177 2488 30
192 2440 257 2497 paulo
279 2451 328 2487 ante
344 2438 440 2486 ,duxerat
462 2457 559 2492 uxorem,
583 2437 714 2485 Cornelliam
737 2437 826 2485 omnino
849 2437 972 2485 dimitteret.
1043 2427 1047 2485 ,³

191 2512 269 2561 Caesar
284 2532 341 2568 vero,
358 2532 490 2570 quamquam
505 2510 576 2569 Syllae
592 2511 687 2569 potentia
698 2531 774 2568 magna
784 2524 806 2559 et
817 2510 931 2559 metuenda
942 2509 973 2558 vi-

190 2586 278 2634 deretur
291 2605 315 2634 ac
329 2598 392 2640 esset,
406 2585 484 2633 adduci
498 2597 570 2633 tamen
584 2583 628 2633 ullo
643 2584 708 2632 modo
722 2584 851 2643 nonpotuit
865 2595 889 2632 ut
903 2582 972 2641 Syllae

183 2727 199 2764 6.
212 2729 230 2765 P.
245 2728 274 2765 90.
291 2728 347 2765 1019.
400 2727 425 2763 13.
438 2727 488 2769 Ρεε1.,
501 2742 517 2769 p.
531 2726 553 2762 87
566 2725 592 2762 M.

191 2859 209 2901 1.
224 2856 312 2910 quodO
329 2873 350 2899 re
364 2856 400 2898 ista
414 2854 474 2897 modo
490 2854 516 2897 0¹
532 2860 606 2901 statim,
620 2870 641 2897 re
657 2816 693 2896 iiia
712 2829 772 2896 mildo
788 2852 815 2896 0¹
836 2860 897 2895 totum
916 2853 974 2894 erasit

149 2934 167 2967 et
182 2941 203 2967 re
217 2922 278 2967 modo
292 2924 329 2967 ista
342 2927 418 2974 scripsit
432 2920 467 2965 01.
524 2921 554 2965 17.
568 2918 684 2975 (Cumqllia
701 2926 713 2963 ι’.
724 2938 739 2962 r.
750 2918 858 2973 (Cornellia
872 2925 892 2962 in
907 2915 974 2962 indice,

149 2988 204 3035 nullu
219 2994 333 3034 correctione
348 2985 452 3041 adhibita).
1041 2988 1043 2990 ·
