2093 3253
459 195 552 226 siccoms
566 181 681 226 ιοιιιιιοιιι

199 308 315 358 consules
309 305 361 369 russi
372 296 402 356 ita
412 289 533 367 provincias
544 306 615 357 sortiri
627 305 687 368 quod
697 308 750 357 alter
760 301 915 377 custodiendae
922 309 985 380 uibis

200 401 278 449 curam
289 366 384 437 haberet,
393 381 461 431 alter
455 401 478 431 ιιι
487 375 604 432 Catilinam
612 382 732 441 gerendum
740 382 769 432 acl
777 381 859 433 bellum
868 373 985 433 exercitum
1041 381 1047 447 s¹

201 449 342 515 compararet.
357 454 402 504 Sed
416 454 516 504 Ciceroni
532 446 592 505 urbis
607 456 705 505 custodia
719 455 785 505 venit.
802 456 922 514 Imperium
936 477 986 506 vero
1037 467 1043 489 ⁵

166 530 169 535 ’
197 528 288 594 gerendi
300 528 370 577 loris
364 548 387 576 ιιι
382 524 514 577 Catilinam
525 528 576 576 belli
587 528 696 577 Antonius
705 528 788 578 habuit
797 525 876 578 Sic
842 549 901 578 emm
909 530 986 589 magis
1042 528 1047 548 ³

173 602 186 651 5
202 615 270 650 tratus
277 595 445 651 initioconsules
452 601 493 660 ipsi
501 601 558 650 ultro
565 600 738 668 ¹erant-facienda
745 603 773 651 ita
784 601 857 660 partiti
868 600 896 662 ut·
903 595 986 661 praees·
1044 657 1045 660 Ἴ

200 687 233 723 set
247 671 300 723 loris
314 668 430 730 Antonius?
446 673 506 722 urbis
521 673 595 738 autem
611 673 688 723 Cicero
708 674 829 724 custodiam
845 688 866 724 et
882 674 986 733 guberna·
1041 670 1047 678 'i

201 748 283 796 tionem
298 747 392 796 haberet.
1040 741 1047 752 ²

240 818 322 903 Neque
334 838 385 868 vero
399 819 505 867 Lentulus
518 832 540 867 et
553 819 662 877 Cethegus
676 819 845 868 dormitabant
839 833 927 868 interea
941 819 986 868 Hos
1044 832 1046 835 ’

202 891 310 965 principes
306 880 459 951 properandi
476 891 602 941 iocinoris
596 914 619 941 ιιι
637 893 692 941 urbe
710 892 820 941 dimiserat
839 893 939 943 Catilina.
957 894 986 943 Hi
1042 886 1047 950 j

162 969 190 1017 lll
204 987 292 1032 nanque
303 965 358 1015 clam
369 966 525 1024 propalamque
536 960 690 1025 inquirebant
687 986 829 1034 quaecunque
840 965 924 1024 pararet
935 987 986 1015 con·
1041 1018 1043 1020 ,

202 1037 249 1094 suls
260 1036 372 1097 prevenire
389 1034 512 1094 studebantj
530 1034 713 1087 'consilia-inibant
724 1034 816 1107 secreta).
830 1037 987 1089 distribuebant
1046 1098 1047 1101 Ἰ

203 1111 308 1168 iacienda,
320 1109 390 1161 socios
401 1123 426 1161 ut
437 1111 513 1161 datum
524 1111 565 1160 sibi
577 1111 692 1172 negocium
701 1108 802 1178 impleret
813 1107 906 1171 quisque
917 1111 986 1177 solici-
1044 1119 1045 1122 ’

204 1185 285 1234 tabant.
294 1183 411 1234 Enimvero
419 1184 534 1233 consilium
543 1186 588 1233 erat
596 1180 805 1243 uuquamprimum
811 1184 906 1251 Catilina
911 1198 986 1235 ventu·
1043 1188 1044 1191 ’

204 1277 242 1306 rus
255 1258 284 1307 ad
298 1256 375 1307 urbem
390 1277 441 1306 cum
464 1258 558 1307 exercitu
582 1278 605 1306 se
628 1253 737 1312 movisset,
762 1255 837 1316 populi
861 1258 988 1307 concionem
1046 1261 1047 1264 ’

163 1320 188 1406 l5
204 1329 284 1394 subito,
299 1328 337 1389 qui
347 1342 392 1378 erat
402 1328 503 1378 tribunus
514 1328 590 1388 plebis.
599 1327 711 1378 ¹L.‘l3estia
725 1327 854 1379 convocaret
867 1343 889 1378 et
903 1331 988 1412 quantis

198 1414 277 1461 posset
280 1401 431 1451 criminibus
425 1422 454 1450 m
457 1402 593 1451 Ciceronem
598 1398 668 1462 plebis
680 1402 764 1460 animos
777 1402 883 1458 incitaret}
892 1403 988 1461 proxima
1044 1400 1046 1402 ’

204 1476 283 1524 deinde
292 1477 356 1524 nocte
366 1473 489 1523 Statilius
473 1488 495 1523 et
506 1471 641 1524 Gabinius
624 1496 686 1533 signo
696 1474 719 1524 in
728 1465 815 1533 tenipus
826 1473 877 1524 dato
886 1476 940 1524 loca
943 1475 987 1523 XII

203 1546 263 1603 urbis
276 1546 423 1602 incenderent;
435 1545 544 1606 Cethegus
555 1539 641 1596 turbata
651 1537 781 1596 incendio
763 1543 851 1597 civitate
859 1545 987 1617 interficeret

204 1620 339 1675 Ciceronem
333 1619 382 1669 alii
390 1633 481 1678 vestigio
488 1620 566 1670 eodem
572 1618 633 1676 alios
642 1633 666 1669 ut
674 1621 767 1680 quisque
779 1630 826 1670 aut
823 1616 941 1692 suspectos
951 1633 987 1669 aut

162 1693 305 1742 201nrmicos
309 1691 408 1741 haberet
422 1713 447 1741 ac
462 1691 532 1747 vellet,
548 1693 684 1742 adorirentur
698 1706 764 1753 atque
779 1691 886 1741 necarent.
902 1691 990 1751 Quippe
1045 1703 1047 1706 ’

204 1767 296 1817 maxima
306 1778 351 1817 erat
361 1755 434 1816 lutura
444 1766 527 1816 caedes
538 1765 611 1815 Taceo
621 1763 711 1827 reliqua
705 1764 821 1816 filios
787 1786 846 1816 emm
856 1764 922 1816 luisse
937 1786 988 1816 con
1022 1767 1025 1775 ”

203 1853 245 1889 stat
259 1842 297 1899 qui
312 1841 340 1889 in
349 1860 400 1889 eum
415 1834 530 1889 lurorein
526 1852 547 1888 et
562 1836 679 1890 amentiam
697 1853 799 1890 venerant
815 1840 875 1912 quod
891 1852 988 1899 parentes

204 1911 302 1961 occidere
313 1913 372 1970 (heu,
384 1913 426 1961 heu
442 1905 506 1961 dictu
513 1913 625 1969 horribile)
635 1932 647 1960 a
658 1906 738 1971 quibus
749 1909 793 1960 nati
804 1901 932 1970 educatique
943 1911 989 1959 tue-

204 1982 251 2035 rant
265 1986 401 2045 cogitassent.
790 2002 792 2037 ;

161 2059 191 2108 25
249 2058 331 2108 Dum
325 2058 390 2117 igitur
403 2057 524 2107 {luctibus
518 2058 565 2106 istis
577 2077 611 2107 res
624 2057 741 2117 publica
724 2072 837 2107 vexaretur
849 2049 874 2108 ac
866 2055 973 2107 dubio
968 2077 989 2103 ιιι

206 2144 264 2180 statu
278 2143 340 2185 esset¹
356 2130 382 2178 L.
397 2118 521 2184 Murenam,
536 2130 654 2198 consulem,
668 2145 693 2178 ut
713 2131 789 2202 diiii,
783 2152 827 2179 ram
847 2122 987 2189 designatum,

207 2201 253 2253 Ser
269 2203 378 2263 Sulpicius
395 2200 560 2253 iurisconsultus
578 2192 606 2258 et,
624 2204 662 2263 qui
679 2215 724 2252 erat
741 2199 880 2270 gravissimus
897 2203 949 2252 civis
965 2222 989 2248 ac

204 2276 353 2336 philosophus,
370 2276 404 2325 Nl.
420 2275 475 2325 Cato
489 2275 584 2325 ambitus
598 2272 733 2325 accusarunt.
749 2267 814 2325 Hunc
834 2276 893 2325 enirn
908 2294 988 2325 morem

204 2349 318 2409 acceptum
332 2350 467 2409 aveteribus
478 2350 565 2399 tenebat
576 2348 652 2405 Roma,
661 2344 687 2399 vut
698 2351 736 2408 qui
747 2351 915 2409 competitorum
925 2370 988 2408 supe¹

161 2425 192 2472 30
207 2424 247 2472 rati
255 2423 278 2472 in
286 2436 363 2480 campo
371 2425 449 2476 essent,
458 2421 481 2470 hi
486 2422 623 2480 desidnatum
628 2435 753 2470 accusarent
760 2422 820 2482 apud
827 2423 909 2470 iudices
918 2421 989 2476 crimi-

205 2516 233 2543 ne
248 2494 328 2554 aliquo,
340 2506 364 2543 ut
375 2514 442 2556 quem
451 2489 534 2543 honore
545 2512 646 2553 superare
656 2495 679 2543 in
689 2514 767 2552 campo
778 2493 910 2553 nequissent,
921 2490 987 2547 illum,

180 2566 182 2569 ’
205 2568 222 2615 si
239 2580 334 2627 possent,
348 2567 370 2615 in
383 2565 437 2622 loro,
451 2587 479 2616 ne
492 2566 617 2626 magistratu
630 2567 743 2627 potiretur,
756 2580 883 2617 everterent.
897 2567 989 2618 Murena

205 2641 295 2700 quidem
310 2642 332 2690 in
347 2640 451 2698 petitione
462 2640 587 2689 consulatus
599 2639 722 2699 Sulpicium
733 2640 898 2699 competitorem
906 2658 933 2690 ‘ac
949 2638 989 2689 ini-

207 2715 289 2761 micum
307 2713 418 2766 habuerat,
436 2713 475 2760 sed
492 2713 591 2771 repulsus
609 2713 651 2767 ille,
670 2726 753 2761 creatus
771 2712 818 2770 ipse
835 2723 873 2770 per
891 2711 989 2769 suffragia

209 2897 225 2942 l.
239 2896 266 2941 ita
281 2895 410 2952 p(rovincias)
426 2902 483 2946 1'.r.;
500 2915 523 2941 ex
539 2906 587 2941 uta
604 2902 672 2941 statim
691 2893 742 2940 corr'.
794 2893 830 2942 ¹20.
850 2894 926 2951 (velllet
945 2899 957 2939 t·
975 2908 990 2934 r·

164 2963 200 3006 31.
214 2962 270 3007 illum
283 2963 300 3006 si
314 2971 394 3015 possent
408 2961 428 3007 iu
443 2966 456 3005 ι’.
470 2979 493 3013 r.;
507 2959 552 3006 loro
566 2969 579 3007 ι’.
594 2981 618 3007 m.
632 2960 678 3007 add.
