2093 3253
148 226 187 275 488
443 240 539 272 sicconis
553 238 673 271 notantem

159 392 160 395 =
191 375 224 406 res
239 354 351 404 haberent.
363 351 434 413 Culpa
445 353 511 413 igitur
523 354 545 403 in
557 375 594 403 eos
606 376 657 403 cum
669 353 763 403 Neronis
775 354 918 405 affirmatione
928 369 978 406 tum

192 428 252 478 rudis
266 426 326 486 vulgi
341 427 443 487 opinione
459 426 561 477 translata
578 440 610 477 est
626 448 651 477 ac
668 440 757 487 repente
773 429 887 488 questione
904 429 977 480 habita

146 552 147 555 ,
192 504 215 551 in
230 519 297 559 genus
312 500 427 549 hominum
441 497 559 568 utrumque
574 500 654 550 iniuste
668 520 693 549 ac
708 501 823 550 crudeliter
837 502 897 551 iussu
908 503 980 553 Neroa

158 589 159 592 ’
193 575 227 625 nis
241 572 335 632 sevitum
344 586 384 623 est.
394 573 517 623 Persecutio
527 573 580 622 baec
589 574 659 633 prima
669 574 692 623 in
702 573 844 630 Christianos,
855 575 948 625 humiles
958 591 979 627 et
1043 583 1046 629 s

167 651 180 698 5
195 660 280 697 sanctos
294 646 358 701 viros,
373 645 422 695 luit.
436 646 481 704 Qui
495 647 554 695 enim
568 647 650 696 Romae
663 660 714 696 sunt
728 647 817 705 inventi,
828 669 904 697 omnes
914 652 979 709 capti,

194 720 301 773 carcerati,
317 739 342 768 ac
357 719 433 779 poenis
449 718 621 777 exquisitissimis
632 730 654 768 et
664 719 723 768 vario
738 738 816 777 genere
831 719 932 780 supplicii
947 721 979 771 al·
1046 775 1047 779 ,

194 794 252 845 lecti.
263 793 359 878 Quidam
373 791 474 842 crucibus
488 791 553 847 affixi,
564 791 630 852 aliqui
641 792 733 842 flammis
744 793 796 849 dati,
808 794 870 844 multi
882 794 982 856 Romano
1041 786 1046 825 Ῐ

195 885 254 916 more
268 866 334 925 virgis
349 866 404 914 caesi
421 878 443 914 et
460 865 529 913 securi
547 866 650 923 percussi,
668 870 713 913 non
730 866 784 914 nulli
802 868 867 915 etiam
884 867 980 918 ferarum
1042 859 1047 913 ss

162 938 259 999 tergis
273 938 302 988 ad
316 938 435 989 ludibrium
447 937 499 987 tecti
512 949 533 1006 et
545 935 707 987 {amantissimis
720 939 810 989 canibus
823 939 901 990 obiecti
914 954 936 991 et
948 941 979 992 la·
1046 934 1047 937 Ἴ

156 1015 182 1063 10
197 1012 261 1061 cerati
274 1024 333 1060 sunt.
345 1010 407 1059 Nibil
420 1010 515 1070 denique
527 1029 602 1058 earum
614 1031 687 1059 rerum
699 1032 753 1069 quas
766 1005 899 1062 crudelitas
893 1035 916 1063 rn
927 1036 980 1074 sup·

196 1083 265 1143 pliciis
281 1084 401 1142 excogitare
419 1083 491 1141 potuit
510 1083 552 1131 hoc
571 1095 669 1141 tempore
688 1081 862 1132 Christianum
857 1105 880 1133 rn
899 1103 981 1138 nornen.

164 1178 166 1182 ³
197 1178 248 1207 sevo
261 1155 375 1205 aNerone
388 1156 551 1231 pretermissum
564 1168 604 1204 est.
819 1147 821 1149 .

238 1228 285 1276 Hac
296 1228 323 1276 de
333 1246 356 1276 re
366 1227 449 1276 Seneca
459 1241 538 1282 noster,
549 1227 588 1286 qui
598 1227 642 1276 iam
651 1228 694 1276 ritu
704 1228 813 1286 gentilicio
823 1230 894 1289 posito
904 1231 981 1280 Chris

197 1303 281 1351 tianum
295 1301 382 1351 tenebat
397 1298 487 1355 cultum,
512 1300 701 1349 vehementissime
732 1302 870 1353 contristatus
901 1304 981 1364 episto
1007 1315 1008 1318 ’
1040 1307 1042 1310 ’

158 1378 189 1428 15
198 1377 241 1425 lam
255 1375 283 1423 ad
297 1374 389 1424 Paulum
403 1367 526 1433 apostolum
544 1374 658 1436 (Romae
653 1395 671 1422 rs
688 1387 742 1423 tunc
760 1396 804 1423 non
823 1376 877 1434 erat)
895 1377 983 1460 plenam
1042 1378 1046 1432 ἑ,

198 1447 320 1496 moesticiae
335 1460 356 1494 et
370 1446 523 1495 consolationis
537 1446 629 1504 scripsit
643 1447 722 1505 Neque
736 1447 831 1496 multum
844 1447 915 1498 deluit
928 1450 983 1508 quin
1041 1447 1043 1449 .

197 1523 262 1572 etiam
276 1520 359 1571 Seneca
374 1533 492 1570 necaretur.
509 1520 585 1579 Ipsum
599 1520 658 1570 enim
673 1541 757 1570 veneno
771 1521 877 1580 perimere
891 1522 982 1573 tentavit
1044 1538 1046 1542 ’

197 1596 257 1644 Nero
272 1595 429 1652 occidissetque
439 1593 461 1640 ni
478 1592 590 1651 proditum
606 1613 619 1642 a
635 1593 713 1641 liberto
733 1594 802 1643 scelus
820 1593 909 1651 (nomen
931 1596 982 1644 huic
1041 1592 1047 1618 ⁵

198 1666 313 1717 Cleonicus
332 1664 387 1724 erat)
404 1664 486 1714 Seneca
503 1664 625 1715 devitasset.
1044 1717 1046 1728 ἶ

157 1744 205 1792 20
241 1739 324 1789 Verum
338 1739 397 1788 enim
411 1756 462 1787 vero
476 1737 559 1787 invenit
569 1737 686 1798 aliquando
697 1759 758 1787 casus
766 1761 833 1799 quem
841 1761 904 1800 saepe
912 1755 982 1791 trans·
1040 1743 1043 1746 i

166 1830 168 1832 ’
200 1815 223 1864 it
238 1812 321 1862 Dum
315 1812 381 1872 igitur
391 1811 480 1867 Seneca
492 1824 517 1861 ut
528 1811 580 1867 dixi,
591 1831 643 1862 cum
653 1811 758 1862 fruendae
769 1813 847 1873 quietis
862 1826 920 1864 tum
926 1814 982 1882 ellu

199 1886 289 1945 giendae
300 1883 393 1934 invidiae
404 1906 468 1934 causa
479 1886 502 1933 in
514 1884 633 1943 Campania
645 1897 771 1941 moraretur,
784 1907 811 1935 en
823 1887 861 1935 diu
872 1898 984 1948 expectata
1040 1891 1047 1935 ξ’

200 1957 295 2009 seviendi
311 1958 404 2007 occasio
416 1958 499 2006 Neroni
519 1957 590 2006 oblata
610 1970 650 2007 est.
670 1958 785 2016 Detegitur
804 1979 899 2019 nanque
908 1961 983 2010 coniu-
1039 1981 1044 2021 j

200 2034 254 2081 ratio
268 2033 291 2079 in
306 2045 371 2089 caput
384 2031 470 2089 tyranni
487 2030 621 2079 liberandam
637 2031 666 2079 ad
682 2031 774 2089 patriam
795 2046 882 2081 auctore
904 2033 931 2082 C.
949 2034 984 2085 Pia
1041 2040 1044 2066 ῗ

158 2108 187 2156 25
202 2125 254 2153 sone
268 2103 331 2153 lacta.
344 2105 407 2152 Hanc
418 2104 446 2151 ob
458 2122 504 2151 rem
514 2103 665 2161 comprehensi
676 2115 727 2150 sunt
739 2104 801 2152 multi
813 2124 853 2151 nec
864 2116 936 2152 sontes
948 2118 985 2153 aut
1040 2147 1041 2153 ,

188 2177 295 2236 'suspecti
310 2176 376 2226 modo
391 2175 429 2224 sed
443 2174 539 2225 insontes
556 2175 627 2231 etiam,
644 2174 682 2234 qui
699 2174 782 2225 Neroni
798 2189 836 2226 aut
852 2176 896 2225 suis
912 2175 984 2227 lauto-
1041 2169 1047 2220 Q

169 2264 172 2268 ’
201 2253 261 2301 ribus
275 2250 338 2300 invisi
354 2270 377 2299 re
391 2249 436 2299 ulla
458 2264 526 2299 erant.
550 2250 626 2298 Parem
650 2249 740 2307 quidem
764 2248 861 2304 libidine,
886 2248 984 2303 avaricia,
1045 2299 1047 2301 ,

201 2323 319 2383 petulantia
333 2323 423 2372 lortasse
437 2342 577 2381 quemquam,
592 2340 668 2370 verum
682 2320 808 2370 crudelitate
822 2321 932 2370 neminem
943 2322 985 2388 ha·
1046 2375 1047 2386 ξ

201 2396 249 2448 buit
263 2396 331 2447 Nero.
343 2395 379 2446 Ex
393 2395 484 2445 consciis
499 2416 586 2455 nanque
597 2407 647 2443 ante
658 2394 711 2443 alios
723 2393 806 2443 Natalis
818 2392 910 2453 capitum
922 2392 985 2442 lami·
1041 2398 1045 2436 ἓ

160 2474 188 2522 30
203 2471 260 2520 liaris
275 2470 301 2519 C.
316 2470 400 2518 Pisonis
412 2483 433 2518 et
445 2470 483 2529 qui
496 2482 585 2536 noverat
595 2470 687 2517 archana
699 2480 750 2516 erat.
765 2469 785 2516 ls
797 2461 894 2525 primum
905 2469 987 2516 intera·
1043 2499 1047 2508 1

203 2556 271 2602 gatus,
285 2555 310 2591 ut
323 2561 370 2591 rem
383 2562 471 2590 omnem
483 2542 571 2600 aperiat,
586 2560 609 2588 se
621 2541 720 2589 nescium
733 2540 905 2588 constantissime
919 2541 986 2588 simu-
1043 2557 1047 2574 ³

174 2616 239 2665 lat.
254 2615 283 2664 At
298 2616 415 2673 perductus
428 2615 456 2663 ad
468 2626 575 2663 tormenta
588 2615 696 2672 minisque
709 2626 731 2661 et
743 2626 832 2671 aspectu
844 2614 892 2670 ipso
904 2607 987 2672 perter-

204 2689 264 2742 ritus,
280 2687 318 2736 ubi
333 2707 356 2736 se
370 2687 517 2770 torquendum
533 2686 595 2742 vidit,
612 2687 693 2735 labare
700 2683 988 2744 extemplocoepitetcon-

203 2760 315 2811 iurationis
329 2760 457 2820 principem,
472 2760 510 2819 qui
524 2772 575 2814 erat,
590 2758 617 2809 C.
635 2747 737 2808 Pisonem
755 2757 882 2821 nominavit.
901 2757 988 2807 Deinde
1045 2786 1047 2788 -

162 2836 189 2885 35
205 2834 317 2882 conscium
330 2834 433 2882 Anneum
449 2827 572 2881 Senecam
571 2852 618 2880 esse
634 2832 695 2886 dixit,
712 2830 772 2879 nulla
787 2845 861 2879 tamen
877 2849 900 2878 re
917 2843 989 2879 certus

204 2905 242 2954 sed
256 2905 379 2954 coniectura
388 2904 483 2963 quadam
491 2905 569 2953 ductus
579 2916 600 2953 et
609 2904 682 2953 studio
690 2916 715 2952 ut
724 2922 773 2962 erga
782 2924 805 2952 se
813 2915 874 2952 tanto
882 2922 895 2951 a
903 2903 987 2962 pericu·
1045 2907 1047 2909 ’

161 3043 164 3048 s
205 2979 226 3027 lo
243 2978 337 3026 Neronis
355 2978 445 3036 gratiam
463 2989 603 3036 compararet.
621 2975 650 3025 Se
668 2997 755 3035 nanque
772 2977 864 3024 missum
881 2996 893 3023 a
910 2975 989 3025 Pisone
