2093 3253
155 206 180 249 28
451 218 545 249 sicconis
564 218 683 248 rouuuroru

197 332 215 379 si
230 333 392 391 antiquissimos
406 344 486 390 repeto,
500 331 580 380 iudicia
592 331 624 380 uti
642 343 737 380 caeterae
750 343 824 396 gentes
840 351 884 379 non
902 330 981 389 scripta

197 405 243 463 lege
258 405 297 454 sed
311 406 414 464 opinione
429 417 451 453 et
465 404 554 453 arbitrio
567 403 714 453 absolvebant.
730 403 792 453 Urbe
806 416 880 452 autem
894 402 982 453 condita
1037 406 1047 469 ’ᾖΞ

198 477 311 533 Romulus,
320 498 370 526 cum
381 489 430 535 post
441 477 529 525 lratrem
537 477 633 524 occisum
643 476 701 524 solus
712 477 818 533 potiretur
828 476 927 541 imperio,
935 476 982 524 iura
1035 472 1045 526 {³

197 548 257 598 dedit
272 547 360 607 populo,
374 568 413 597 nec
426 548 500 597 realia
513 561 651 608 preterquam
663 548 747 608 legibus
759 568 823 607 posse
834 547 982 616 convalescere

169 623 182 673 5
198 621 361 673 multitudinem
376 642 446 673 unum
460 623 483 671 in
497 641 576 682 corpus
594 623 708 671 arbitratus
726 636 766 672 est.
784 621 892 681 Populum
909 622 982 681 itaque
1044 643 1046 653 ³

177 719 178 722 ¹
198 696 329 752 Romanum,
340 697 378 756 qui
390 715 446 745 nova
456 708 509 744 tune
520 709 632 754 pastorum
643 705 834 754 convenarumque
843 695 902 744 omni
914 694 982 744 collu—
1044 748 1045 752 ,

197 770 261 817 vione
273 768 375 817 collectus
387 781 439 824 erat,
453 768 560 817 Romulus
571 769 594 817 in
607 781 677 826 partes
690 767 755 816 XXX
767 767 840 817 divisit
852 767 982 827 easdemque
1039 759 1047 818 i

197 843 267 892 curias
281 842 331 890 ideo
345 840 468 900 appellavit,
482 841 543 899 quod
555 841 650 900 partium
662 861 724 889 curas
738 842 775 899 qui
788 842 822 890 ius
835 841 932 890 dicerent
944 859 982 899 per
1041 856 1044 871 ⁵

198 916 326 964 sententiam
341 915 474 974 expedirent,
490 915 555 963 Latae
569 934 657 973 quoque
670 914 698 962 ab
712 935 738 962 eo
753 913 809 971 leges
824 926 875 962 sunt
888 913 982 962 curiatae

158 989 185 1038 111
200 988 240 1037 bac
253 988 293 1037 ista
306 989 388 1036 ratione
400 987 525 1046 appellatae,
538 986 599 1046 quod
611 987 644 1036 his
657 988 684 1035 de
697 987 762 1036 rebus
775 987 914 1047 loquerentur
927 1007 983 1047 quae

197 1061 326 1109 nominatim
339 1061 367 1109 ad
379 1060 449 1109 curias
463 1061 602 1119 pertinerent.
618 1060 671 1109 Inde
684 1072 757 1109 ortum
770 1060 825 1108 illud
838 1072 911 1108 manet
924 1052 982 1108 bunc

197 1135 219 1183 in
235 1135 293 1182 diem
308 1154 384 1193 usque,
398 1146 422 1182 ut
435 1135 473 1193 qui
486 1134 519 1183 ius
533 1132 619 1182 dicendi
632 1132 692 1183 locus
705 1134 739 1189 sit,
753 1134 771 1182 is
784 1133 842 1183 curia
855 1132 988 1192 appelletur.‘
1044 1132 1046 1187 ᾗ

198 1208 317 1255 Romulum
335 1221 408 1255 autem
423 1207 490 1254 secuti
510 1226 548 1254 sex
566 1224 658 1254 numero
677 1226 738 1264 reges
758 1219 815 1259 sunt,
836 1206 873 1263 qui
893 1205 983 1262 vestigio
1045 1225 1046 1228 ¹

198 1279 282 1334 eodem,
293 1291 318 1328 ut
329 1279 405 1327 dietim
415 1297 483 1326 novae
494 1276 643 1327 reformandae
654 1278 745 1327 civitatis
756 1292 778 1327 et
790 1291 876 1337 tempus
892 1290 914 1326 et
929 1278 983 1326 ratio

158 1352 184 1399 15
200 1353 312 1409 persuasit,
325 1352 381 1410 leges
393 1350 444 1398 alias
455 1363 520 1409 atque
531 1350 588 1404 alias,
600 1350 680 1409 quibus
690 1350 726 1398 ille
737 1351 817 1399 viveret
828 1350 929 1408 populus,
940 1363 983 1397 sta-

198 1436 293 1472 tuerunt.
313 1423 367 1472 luris
384 1443 471 1480 nanque
488 1422 574 1470 dicendi
592 1442 671 1470 munus
689 1424 711 1470 in
728 1422 855 1480 capitalibus
872 1435 894 1470 et
909 1422 983 1470 arduis

197 1496 256 1554 apud
269 1515 342 1554 regem
356 1508 408 1550 erat;
422 1508 504 1544 caetera
518 1494 619 1555 praelecti
633 1496 698 1544 curiis
711 1495 859 1545 absolvebant.
873 1494 917 1553 Qui
930 1512 982 1544 vero

198 1585 235 1618 rex
246 1582 297 1625 erat,
309 1570 327 1617 is
335 1570 394 1628 regio
406 1568 482 1617 babitu
493 1589 518 1617 ac
530 1570 587 1627 regia
599 1569 649 1617 sella
661 1569 738 1617 sedens
750 1568 832 1627 populo
844 1569 878 1617 ius
890 1567 982 1618 dicebat.

240 1642 335 1700 Regibus
351 1655 424 1691 autem
439 1641 468 1689 ob
484 1641 608 1690 Lucretiam
623 1642 724 1690 violatam
740 1643 818 1690 exactis
834 1642 889 1690 liber
904 1641 983 1691 deinde

156 1716 185 1763 20
200 1714 293 1774 populus
309 1715 420 1764 Romanus
437 1735 494 1771 mox,
512 1728 537 1764 ut
554 1729 625 1765 essent
643 1715 680 1774 qui
698 1716 753 1773 regis
771 1715 819 1763 loco
835 1716 869 1763 ius
887 1713 983 1764 dicerent

198 1789 300 1848 regiaque
313 1788 387 1837 munia
400 1801 486 1847 agerent
502 1808 527 1837 ac
544 1788 624 1837 civitati
643 1808 694 1837 cum
707 1788 764 1837 bello
777 1801 826 1837 tum
839 1808 891 1847 pace
903 1808 983 1837 consu-

198 1861 273 1915 lerant,
288 1881 372 1909 annuos
386 1859 485 1910 consules
500 1861 579 1910 creavit
594 1861 656 1909 duos.
672 1860 748 1919 Regias
763 1879 814 1909 vero
828 1859 885 1918 leges
899 1880 982 1915 omnes,

197 1946 222 1980 ut
236 1933 291 1980 nibil
305 1933 417 1990 potestatis
435 1932 504 1989 regiae
522 1945 648 1986 remaneret,
665 1925 777 1991 abrogavit
794 1950 889 1990 prorsus.
907 1932 982 1983 Annos

197 2024 248 2053 vero
264 2004 342 2053 deinde
355 2005 384 2054 ad
398 2004 439 2053 LX
452 2005 486 2053 ius
501 2005 570 2053 Roma
584 2004 668 2063 legibus
682 2004 747 2054 nullis
761 2006 846 2064 scriptis
860 2005 899 2055 sed
912 2006 983 2070 prisco

155 2079 184 2126 25
200 2097 260 2126 more
274 2099 300 2125 ex
314 2078 429 2126 iudicantis
446 2077 535 2126 arbitrio
552 2077 611 2126 bono
629 2090 650 2126 et
666 2099 736 2137 aequo
754 2078 815 2126 dixit.

239 2150 351 2198 Seditione
366 2163 440 2198 autem
454 2150 511 2198 inter
522 2150 609 2208 plebem
624 2163 646 2198 et
656 2163 727 2208 patres
738 2163 785 2198 orta
795 2152 892 2209 utrisque
903 2150 930 2198 ad
941 2149 982 2197 tol·

197 2223 261 2271 lenda
277 2223 394 2270 certamina
410 2222 491 2281 placuit
507 2222 597 2281 scriptas
614 2222 693 2272 babere
709 2222 773 2281 leges,
790 2235 815 2271 ut
831 2223 864 2271 ius
881 2222 983 2271 omnibus

196 2296 286 2355 aequale
300 2314 325 2343 ac
339 2315 409 2344 unum
423 2293 487 2344 loret.
510 2295 601 2344 Vexavit
623 2308 695 2344 tamen
718 2296 852 2356 aliquamdiu
869 2295 984 2345 ,civitatem

197 2369 247 2418 binc
258 2381 305 2418 orta
314 2368 432 2424 contentio,
444 2369 511 2428 quod,
523 2369 562 2417 etsi
574 2369 601 2417 de
612 2369 731 2418 condendis
742 2369 825 2428 legibus
836 2370 983 2424 convenirent,

155 2441 184 2488 30
199 2441 226 2488 de
241 2441 275 2488 bis
289 2454 362 2489 tamen
377 2440 496 2497 deligendis
512 2442 550 2498 qui
566 2461 600 2489 eas
617 2440 697 2489 lerrent
713 2462 780 2500 quam
795 2442 888 2489 maxime
904 2440 984 2488 disere·

197 2525 279 2570 parent.
288 2512 351 2561 Plebs
360 2512 450 2571 quidem
460 2513 585 2562 auctoribus
596 2514 690 2563 tribunis
702 2514 767 2573 deligi
778 2515 806 2562 ad
816 2534 864 2563 eam
872 2532 918 2563 rem
926 2515 983 2563 viros

172 2620 174 2624 -
193 2585 286 2635 idoneos
300 2598 345 2634 tam
358 2606 398 2634 suo
411 2607 423 2634 e
442 2605 532 2644 corpore
546 2606 612 2645 quam
630 2608 642 2635 e
656 2587 753 2645 patribus
773 2582 862 2636 omnino
876 2586 984 2636 volebant.

197 2657 270 2707 Patres
280 2678 331 2706 vero
342 2657 482 2716 deligendum
492 2679 505 2706 e
515 2658 579 2715 plebe
589 2659 674 2706 nullum
685 2660 724 2706 sed
735 2679 813 2707 omnes
821 2679 861 2706 suo
872 2656 898 2706 ex
908 2659 984 2707 ordine

197 2728 339 2787 affirmabant,
353 2729 414 2790 quod
428 2742 529 2789 putarent
542 2730 678 2781 nobilitatem
692 2731 794 2782 maculari
808 2752 877 2787 suam,
892 2732 910 2782 si
924 2732 984 2791 quis-

156 2804 184 2853 35
199 2823 266 2865 quarn
275 2824 287 2853 e
297 2804 360 2863 plebe
369 2805 414 2854 ullo
423 2805 446 2852 in
456 2805 581 2862 magistratu
591 2806 686 2868 patriciis
701 2806 833 2854 misceretur.
849 2804 880 2854 Eo
889 2805 984 2864 denique

195 2987 214 3031 3.
229 2985 345 3031 Romulum.
399 2983 418 3028 4.
433 2985 472 3029 Pro
487 2984 607 3030 coalesceret
