2093 3253
249 175 379 205 SCRIPTORUM
394 174 547 205 lLLUSTRIUM-
560 175 618 204 LIBER
635 176 648 204 1
835 161 858 206 l7

115 287 197 373 Neque
211 308 263 338 vero
278 302 302 339 ut
317 276 436 362 impre5'ent
437 282 457 339 ia
471 284 578 340 rusticum
596 303 617 339 et
635 289 677 339 vile
691 290 745 339 sed
752 287 818 339 decus
836 311 861 339 ac
879 294 880 297 ’

77 383 161 420 regrum
167 375 212 411 erat
226 375 318 410 tractare
324 371 426 420 pastona
433 362 523 411 Namet
528 362 641 412 Abraam
632 383 655 410 ιιι
662 362 725 420 Syna
731 375 752 411 et
760 363 862 422 lVloysem
899 424 901 427 Ι
979 365 983 367 ’

76 436 98 484 ιιι
114 435 213 494 Aegypto
228 446 250 483 et
264 433 358 483 Oetam'
352 454 375 482 ιιι
384 433 491 483 Colchida
499 447 521 483 et
530 434 672 494 Geryonem
666 454 689 483 ιιι
698 434 803 494 Hispania
812 454 862 483 oves

76 521 98 558 et
112 520 209 557 armenta
223 508 344 557 exercuisse
356 508 430 557 multis
441 507 575 567 scriptorum
585 509 716 557 testimoniis
727 522 812 557 certum
822 521 863 558 est.

37 585 50 638 5
79 581 156 639 Magni
170 580 261 639 quidem
275 598 345 629 cares
356 581 416 640 apud
427 581 510 639 priscos
521 582 567 630 visa
577 594 643 640 atque
656 582 711 630 tanti
722 579 778 630 lacta
789 579 864 640 utqui

78 656 143 702 etiam
157 653 278 701 doctissimi
289 653 414 702 viderentur
425 674 451 702 ac
463 654 548 702 caelum
560 654 707 702 describerent
718 655 864 712 antiquissimi

78 726 118 774 viri
129 724 255 773 nominibus
269 725 333 780 tauri,
344 725 424 780 arietis,
435 726 563 784 capricornii
574 726 673 775 caelestia
684 727 745 784 signa
755 739 864 780 vocarent;

78 798 177 857 Aegeum
187 816 253 853 mare,
264 796 325 857 quod
333 797 470 847 abundarent
480 799 551 858 capris
561 799 585 846 in
595 819 621 847 eo
631 798 684 847 sitae
693 798 783 854 insulae,
793 799 865 847 nomi·

51 925 52 929 Ἰ
67 905 68 908 =
80 883 163 925 narent;
173 883 257 918 montes
267 891 356 930 quoque
364 883 386 919 et
395 871 477 929 oppida
485 871 581 930 quedam
589 872 678 919 nomine
686 873 742 920 tauri
749 870 865 936 'vel'lauius

42 945 67 992 10
82 941 141 990 modi
149 941 290 1001 appellarem
298 960 358 1000 reges
365 954 439 990 autem
447 943 485 1001 qui
493 935 564 990 essent
572 942 673 1001 gregibus
681 942 779 1002 opulenti
787 943 866 991 habere

80 1016 156 1065 arietes
171 1014 256 1065 velleris
266 1016 326 1065 aurei
340 1028 455 1084 poetarum
466 1014 552 1066 tabulae
563 1029 672 1067 canerent.
724 1022 729 1030 '

123 1088 168 1138 Sed
182 1088 254 1137 missis
268 1084 368 1148 pastoriis
383 1088 464 1138 litteras
481 1088 542 1138 Italia
555 1089 619 1148 longe
632 1085 683 1149 bost
698 1089 813 1139 Graeciam
827 1109 867 1140 nec

82 1175 132 1210 ante
146 1160 207 1210 CCC
221 1182 304 1210 annum
315 1175 366 1220 post
378 1161 489 1210 Cadmum
501 1175 523 1210 et
535 1161 661 1220 Agenorem
674 1162 757 1211 babuit.
770 1162 868 1211 Primum

83 1253 134 1282 vero
148 1233 195 1282 aliis
211 1232 283 1282 Latini
298 1246 357 1289 sunt,
372 1233 420 1282 aliis
435 1246 510 1294 postea
525 1255 566 1283 nec
587 1233 626 1283 diu
645 1234 745 1284 Aetrusci
760 1235 802 1284 usi.
818 1234 869 1284 Fuit

2 1306 4 1308 ’
46 1309 70 1357 15
85 1309 151 1362 enim,
159 1306 202 1355 tuit
209 1307 329 1366 quondam,
336 1313 450 1372 tumente,
457 1320 564 1372 tum'post,
572 1308 683 1371 conditam
690 1309 769 1369 urbem
776 1309 869 1356 Romam

84 1384 109 1429 in
123 1381 184 1429 Italia
198 1381 355 1429 Aetruscorum
371 1374 424 1429 mari
435 1393 536 1440 terraque
551 1401 629 1439 magna
642 1382 746 1439 potentia.
757 1380 869 1440 Quicquid

84 1453 143 1499 enim
158 1451 223 1500 habet
237 1445 311 1500 ltaliae
322 1464 344 1500 et
355 1452 413 1515 inter
424 1451 470 1500 duo
483 1452 552 1500 maria
564 1451 657 1500 latitudo
669 1465 691 1500 et
702 1466 715 1500 a·
726 1451 783 1501 freto
795 1452 869 1500 Siculo

85 1525 112 1575 ad
126 1524 193 1586 Alpes
210 1546 281 1585 usque
297 1525 418 1585 longitudo,
436 1524 460 1574 id
475 1523 545 1574 ferme
562 1538 634 1575 totum
648 1525 755 1576 ¹Aetrusci
777 1525 869 1586 imperio

85 1611 209 1647 tenuerunt.
220 1597 294 1647 Testis
302 1611 335 1646 est
344 1617 402 1646 mare
411 1598 528 1655 Superum,
538 1599 599 1656 quod
606 1599 635 1647 ab
642 1599 717 1653 Adria,
726 1599 809 1657 oppido
817 1599 870 1647 olim

0 1712 2 1714 .
45 1673 73 1721 20
87 1672 200 1725 Aetrusco,
208 1670 345 1719 Adriaticum
352 1689 411 1718 mare
417 1683 503 1719 vocant
510 1668 583 1718 Tesns
591 1683 623 1719 est
630 1689 689 1719 mare
697 1669 806 1726 Inlerum
810 1671 871 1730 quod

87 1744 156 1804 gentis
171 1765 184 1793 e
199 1744 289 1793 nomine
304 1762 363 1792 mare
378 1741 478 1793 Tuscum
493 1742 612 1803 appellant.
629 1742 702 1793 Testis
717 1756 750 1794 est
765 1764 803 1804 qur
797 1743 871 1794 baec

87 1815 159 1871 refert,
173 1816 283 1864 Romanae
296 1828 357 1875 pater
370 1816 478 1870 historiae,
491 1815 520 1864 T.
534 1815 610 1865 Livius
623 1816 745 1866 Paduanus.

130 1890 223 1936 Litteras
237 1908 296 1941 vero,
309 1909 336 1935 ne
348 1889 456 1945 digrediar
467 1889 561 1946 longius,
572 1889 684 1936 Aetruscis
696 1889 794 1947 proprias
806 1889 874 1937 fuisse.

74 1961 242 2018 easdemque
236 1972 334 2008 inventas
352 1960 394 2007 sibi
411 1960 439 2007 ab
457 1959 592 2007 Demaratho
610 1959 732 2014 Corinthio,
751 1960 874 2009 Cornellius

0 2078 2 2097 3
47 2034 75 2083 25
90 2032 181 2082 Tacitus
191 2046 304 2082 memorat.
315 2032 375 2082 Avus
386 2033 422 2081 hic
431 2032 547 2092 Tarquinii
558 2033 632 2088 Prisci,
644 2033 793 2082 Romanorum
803 2032 874 2092 quinti

0 2103 3 2117 ³
90 2107 152 2164 regis.
168 2105 218 2155 luit.
225 2106 271 2155 Sed
277 2106 359 2155 litteras
366 2106 426 2155 brevi
434 2120 500 2164 atque
507 2107 624 2164 imperium
631 2107 731 2155 Aetrusci
739 2107 790 2155 hinc
798 2106 875 2160 Gallis.

90 2177 141 2225 inde
156 2177 260 2226 Romanis
271 2177 418 2227 crescentibus
430 2178 556 2227 amiserunt.
563 2176 657 2236 Populis
668 2180 742 2227 autem
753 2178 792 2237 qui
803 2178 875 2228 essent

91 2249 212 2308 aborigines
223 2261 245 2298 et
256 2249 335 2298 Latino
345 2271 358 2298 a
368 2269 418 2308 rege
430 2249 502 2307 Latini
513 2262 565 2299 sunt
575 2262 651 2309 postea
661 2250 777 2306 nominati.
785 2249 874 2305 litteras,

91 2324 109 2369 si
124 2323 177 2370 libet
194 2323 277 2370 Isidoro
286 2323 381 2378 credere,
391 2322 515 2371 Nicostrata
523 2324 621 2381 nimpha,
631 2343 697 2381 quam
711 2325 800 2371 nomine
807 2323 875 2371 altero

0 2413 4 2435 ‚-
50 2393 80 2440 30
94 2393 234 2441 Carmentem
245 2407 329 2447 vocant,
341 2407 391 2442 ante
401 2414 477 2442 omnes
488 2395 578 2442 invenit.
590 2394 639 2441 Hoc
651 2394 710 2442 idem
720 2395 786 2442 tradit
797 2394 876 2444 Eutro-

53 2530 195 2541 *-

1 2637 6 2651 1
90 2614 118 2650 22.
132 2614 168 2651 Liv
179 2614 200 2651 V.
211 2614 238 2650 33.
249 2615 265 2650 7
308 2616 336 2653 25
350 2614 390 2652 Tac.
401 2618 444 2653 Arm.
455 2615 486 2652 XI.
499 2615 531 2652 l4.
573 2616 602 2654 29
615 2615 654 2651 lsid.
666 2615 718 2661 Eram.
731 2615 744 2651 Ι.
755 2614 772 2652 4.
785 2615 798 2651 1.
867 2655 871 2663 .,
933 2643 935 2647 ,

0 2699 5 2718 2.
53 2672 103 2709 30.«
95 2672 198 2718 «Eutropii»
209 2673 261 2717 (Pauli
274 2673 382 2717 Diac.)Hr'rt.
399 2675 445 2713 Rom.
450 2671 508 2718 (Mon.
522 2657 579 2712 Germ.
592 2674 642 2716 Hist„
655 2684 697 2712 auct.
710 2684 744 2712 ant.
759 2674 781 2712 ll
794 2689 811 2718 p.
823 2673 880 2717 6.l2).

56 2787 195 2797 *ffi-

2 2933 4 2935 .
96 2872 116 2915 2.
129 2873 187 2926 Syria
200 2891 223 2918 ex
236 2874 288 2918 Siria
301 2891 349 2918 corr.
392 2871 394 2874 ’
411 2875 431 2919 3.
441 2874 479 2918 Pro
490 2874 581 2919 Aeetem.
642 2875 662 2920 3.
672 2875 701 2920 Ex
712 2875 822 2920 Gerionem
831 2892 881 2920 corr.

58 2936 77 2980 9.
87 2939 173 2992 quedam
188 2946 201 2985 ι’.
216 2958 242 2993 r.;
257 2949 299 2986 erat
315 2939 417 2994 pluraque.

96 3091 106 3125 2
