2093 3253
160 194 199 238 254
462 207 553 238 SlCCONlS
567 208 682 238 POLENTONI

202 324 261 372 dorni
273 325 295 372 in
306 337 355 383 toga
367 337 423 372 esset
433 323 478 372 sive
489 320 542 372 ioris
553 324 576 372 in
587 322 645 372 bello
656 336 784 382 versaretur,
796 323 824 371 ad
835 342 859 371 ea
875 325 921 381 ipsa
937 342 985 382 per·
1046 341 1047 345 ’

203 396 295 445 ficienda
309 409 372 445 natus
385 416 410 443 ac
425 397 452 443 de
465 396 573 444 industria
587 397 649 444 datus
664 408 685 443 et
700 397 779 443 missus
792 417 805 444 a
818 396 908 454 'superis
926 397 986 461 videl

192 469 274 518 hatur.

246 542 312 590 Color
324 541 343 590 ei
356 541 479 598 subrussus,
493 561 535 589 vox
544 562 632 596 sonora,
645 541 718 603 lingua
730 542 837 599 expedita,
851 541 908 590 oculi
920 541 988 603 glauci

176 616 189 664 5
205 614 301 663 luerunt.
316 616 402 674 Corpus
416 632 468 662 vero
481 614 536 673 agile
549 628 615 674 atque
628 615 725 663 validum
740 627 761 662 et
771 615 799 663 ad
812 632 859 664 rern
873 613 986 665 militarem

204 701 225 736 et
240 688 268 736 ad
283 707 427 747 quaecunque
442 687 564 737 intenderet
579 687 721 737 commodum
736 708 787 736 cum
803 681 899 736 bonitate
914 700 989 739 nature

161 807 162 810 ,
203 774 251 810 tum
266 780 340 810 severa
355 760 450 820 quadam
460 760 548 810 vivendi
558 761 717 810 consuetudine
727 774 748 809 et
759 762 869 810 continuis
880 761 990 812 laboribus

205 834 288 882 habuit.

246 905 362 955 Probitatis
373 905 472 954 mirabile
483 906 640 955 documentum
651 906 730 954 Catoni
741 906 792 953 huic
807 906 942 960 Plutarchus,
954 907 991 954 sed

166 976 192 1027 ll]
207 978 252 1027 filio
271 980 317 1026 eius
337 977 434 1026 lustinus
452 999 478 1026 ex
496 976 564 1035 Trogi
583 977 681 1036 Pompeii
699 977 755 1026 libro
773 978 874 1027 XXXIII
898 979 990 1028 ascribit.

155 1108 156 1111 Ἴ
206 1051 316 1113 Memorat
337 1050 428 1108 quidem
448 1063 541 1109 uterque
563 1050 624 1108 quod
645 1050 789 1098 Macedonico
816 1050 874 1098 hello
895 1050 990 1099 hostiurn

204 1142 275 1171 cuneo
285 1122 432 1171 circumdatus
444 1121 499 1170 Cato
510 1121 614 1180 gladium,
625 1122 664 1180 qui
675 1120 732 1170 torte
747 1122 861 1180 prolapsus
877 1122 990 1176 exciderat,

205 1196 235 1243 ita
245 1195 380 1253 recuperavit
391 1194 452 1253 quod
462 1214 485 1242 se
495 1194 666 1253 haudquaquam
676 1193 721 1242 ullo
733 1207 792 1243 metu
803 1195 943 1252 perterritum
953 1195 991 1244 sed
1041 1198 1043 1200 ’

208 1289 286 1326 magno
295 1268 368 1317 animo
378 1267 459 1316 elatum
467 1268 565 1325 accipere
574 1287 585 1314 e
595 1269 740 1331 pugnantium
749 1267 842 1325 pedibus
857 1268 991 1327 demonstra·

157 1342 193 1393 ,15
209 1354 249 1390 ret.
263 1341 326 1390 Hanc
338 1358 385 1389 rem
396 1341 450 1389 tanti
462 1339 543 1389 iactam
555 1360 601 1388 esse
613 1340 641 1388 ab
653 1340 752 1388 hostibus
769 1340 867 1388 Valerius
884 1341 993 1388 Maximus

207 1412 273 1461 relert
290 1426 314 1461 ut
331 1432 407 1471 pacem
424 1411 533 1471 supplices
550 1412 586 1471 die
602 1411 669 1460 altero
686 1424 791 1471 peterent.
810 1412 897 1471 Nempe
918 1412 991 1462 virtuti

208 1506 231 1535 se
239 1499 312 1535 totum
320 1506 345 1536 ac
355 1486 385 1534 rei
395 1485 495 1544 publicae
504 1484 565 1534 dedit
574 1484 630 1534 Cato
639 1486 757 1540 censorius,
767 1507 808 1534 nec
816 1485 859 1534 luit
873 1486 990 1544 quicquam

209 1560 270 1617 quod
278 1560 298 1607 ei
307 1558 438 1618 persuadere
447 1578 545 1616 unquam
554 1571 627 1616 posset
636 1558 841 1616 pretermittendum
850 1578 897 1606 esse
909 1558 991 1617 aliquid

208 1633 269 1690 quod
283 1633 391 1690 pertinere
408 1630 441 1678 vel
458 1630 486 1678 ad
503 1630 597 1677 nominis
615 1629 708 1677 Romani
725 1629 854 1687 dignitatem
869 1629 990 1689 augendam
1009 1684 1011 1687 ¹

167 1705 198 1753 20Δ
210 1704 244 1752 vel
255 1704 283 1752 ad
293 1705 397 1762 virtutem
407 1703 583 1760 peraequandum
593 1702 751 1761 colendamque
761 1715 866 1750 censeret.

250 1776 330 1835 Neque
344 1794 396 1824 vero
411 1775 475 1823 aetati
491 1776 557 1823 modo
573 1775 742 1833 suaeprodesse
757 1775 796 1823 sed
816 1775 908 1834 posteris
929 1775 993 1823 etiam

209 1849 302 1910 studuit;
313 1849 404 1906 scriptos
416 1848 476 1896 enim
485 1847 513 1896 ab
524 1867 550 1895 eo
561 1847 628 1895 libros
639 1847 727 1905 reliquit
737 1846 868 1906 complures.
880 1847 993 1895 Rhetorica

162 1923 164 1925 ’
210 1942 297 1981 nanque
311 1921 339 1969 de
352 1933 397 1968 arte
411 1919 488 1968 litteris
502 1919 586 1969 Latinis
600 1920 699 1969 omnium
713 1921 797 1979 primus
810 1920 904 1979 scripsit.
918 1920 953 1969 De
963 1921 995 1970 Re

212 2016 300 2055 quoque
310 1993 408 2048 Militari,
419 2014 470 2042 cum
479 2007 500 2042 et
509 1994 574 2042 armis
584 1994 677 2055 invictus
686 1993 763 2043 luisset
772 2006 793 2042 et
802 1994 879 2042 consul
889 1995 994 2044 exercitus

163 2068 196 2116 ,25
205 2087 276 2124 ⁴saepe
289 2068 392 2119 duxisset,
406 2065 473 2112 libros
485 2078 535 2113 ante
547 2065 600 2113 alios
612 2065 688 2119 edidit,
697 2079 756 2114 ratus
767 2086 790 2113 se
800 2065 849 2123 plus
858 2065 888 2113 rei
897 2065 995 2124 publicae

211 2138 352 2198 profuturum
369 2137 387 2184 si
404 2157 470 2196 quam
486 2156 525 2196 per
543 2157 631 2186 ornnem
647 2137 714 2187 vitam
729 2150 842 2200 tractasset
859 2136 995 2196 disciplinam

211 2211 327 2261 militarem
341 2210 450 2258 contenet
465 2212 488 2258 in
503 2210 592 2265 litteras,
608 2211 669 2269 quod
683 2212 759 2259 aetatis
773 2211 839 2260 unius
855 2224 927 2260 essent
941 2229 997 2270 quae

212 2285 297 2334 fortiter
309 2284 393 2337 fierent,
406 2303 462 2342 quae
474 2302 526 2331 vero
538 2283 690 2336 scriberentur,
704 2303 728 2331 ea
740 2284 861 2341 posteritati
874 2285 940 2332 etiam
945 2301 995 2342 pro·

211 2357 284 2406 lutura
296 2377 321 2405 ac
333 2352 485 2404 aeterna't'ore.
499 2355 588 2403 Rustica
600 2355 653 2403 item
665 2355 693 2403 de
705 2355 737 2403 Re
749 2356 830 2404 librum
841 2355 900 2405 tecit.
915 2356 941 2404 ln
953 2374 997 2414 quo

170 2431 199 2479 30
213 2428 330 2489 agricolam
345 2429 397 2477 viris
414 2428 521 2487 adaequat
537 2428 608 2483 bonis,
626 2427 687 2488 quod
704 2427 758 2476 mala
776 2449 847 2488 neque
868 2429 997 2489 cogitatione

162 2549 164 2551 .
212 2524 283 2563 neque
300 2502 381 2552 invidia
397 2501 490 2560 agitetur
507 2502 545 2549 sed
562 2514 664 2561 quaestus
681 2501 757 2551 aflerat
778 2497 863 2557 uberes,
881 2503 940 2552 unde
957 2500 995 2550 viri

161 2632 163 2634 ‚
211 2575 278 2624 fortes
292 2594 317 2622 ac
331 2575 413 2623 strenui
427 2575 561 2621 nutriuntur.
576 2573 693 2632 Originum
706 2588 803 2632 preterea
817 2575 884 2623 libros
903 2574 994 2632 scripsit,

212 2649 323 2707 egregium
338 2646 421 2705 quippe
436 2666 491 2704 opus
507 2646 530 2694 in
545 2666 590 2706 quo
605 2646 707 2694 historiae
722 2645 802 2696 multae
823 2660 844 2695 et
863 2646 996 2707 antiquitatis

207 2788 278 2835 9.Plut.
291 2787 396 2825 marat.
409 2786 437 2823 21.
489 2788 514 2823 10.
528 2787 688 2825 rusexxxssm.
740 2787 951 2830 15.va1.1ttax.111..2.
971 2786 995 2823 16.

211 2910 231 2955 9.
245 2909 276 2955 Ex
290 2910 392 2954 Plutarcus
412 2925 461 2952 corr,
483 2908 552 2962 (etium
566 2915 585 2953 r'n
605 2909 683 2964 indice).
742 2909 770 2955 15.
785 2908 874 2955 Valerius
896 2910 997 2955 Maximus

172 2985 186 3021 ι’.
201 2996 224 3028 ν,;
237 2986 281 3029 erat
298 2976 385 3021 lustinus
399 2975 431 3030 ils.
