2093 3253
142 187 173 233 ³6
443 201 538 237 slccole
557 202 691 242 romurour,

189 328 219 364 ut
228 316 256 365 ab
270 315 317 374 aliis
331 327 421 365 tractata
435 316 473 364 sed
487 315 514 364 ab
529 337 555 365 eo
564 329 670 373 correcta,
685 331 754 373 aucta,
769 317 863 377 perlecta
878 317 973 378 philoso-

149 434 152 438 ,
192 389 243 454 phia
258 390 356 438 omnium
371 389 476 438 sententia
490 388 595 439 videatur.

233 461 293 510 Haec
307 462 423 521 sapientiae
438 462 528 520 quidem
540 462 582 511 fuit
593 464 653 521 apud
666 476 740 521 gentes
752 443 819 522 origo.
833 464 937 522 Sequitur
949 477 974 512 ut

154 587 156 591 v
191 535 303 583 videamus
319 534 448 590 Hebraeam.
470 534 552 592 Rerum
565 555 660 594 nanque
682 536 795 594 principio,
818 556 869 585 cum
890 537 974 593 generis

148 608 175 657 ,,5
192 607 281 665 humani
292 620 428 665 ,crescentem
442 607 605 657 multitudinem
619 630 662 658 une
676 630 720 658 non
734 609 819 665 domus,
834 630 878 659 non
892 610 974 665 civitas,

191 702 235 729 non
250 682 309 739 regio
323 693 427 741 caperet
429 680 468 729 sed
480 701 547 740 sparsi
541 681 659 731 homines
673 683 767 732 diversas
779 703 804 731 ac
816 683 894 731 multas

151 794 156 799 .
192 751 268 808 milies,
278 754 383 811 populos,
397 753 480 809 linguas
492 774 558 810 quom
571 768 685 812 occuparet
696 773 790 812 quisque
802 755 879 802 mundr
891 766 976 812 partem

167 825 316 883 incolerent,
331 826 408 879 evenit
429 838 454 875 ut
469 827 519 885 qui
524 839 595 875 essent
610 848 655 876 uno
670 826 759 912 parente
774 828 830 884 nati,
843 847 908 882 nome
1014 879 1036 894 ἡ

152 951 155 957 ,
190 900 218 949 ab
232 899 274 949 alio
286 901 370 949 varium
382 914 422 949 suo
433 899 467 949 vel
478 921 501 949 e
498 900 558 948 duce
569 900 603 950 vel
615 901 739 959 propinquo
750 915 788 949 aut
799 915 873 949 monte
884 915 922 949 aut
933 901 975 949 llu-

152 974 183 1021 10·
193 973 251 1020 mine
265 985 382 1026 sumerent,
396 991 436 1019 nec
450 973 497 1033 loco
512 973 579 1030 magis
593 993 659 1031 quam
673 974 777 1027 moribus,
791 973 858 1028 cultu,
873 973 909 1030 opi

154 1087 155 1090 ,
192 1044 311 1094 differrent.
323 1044 384 1093 Tum
396 1045 454 1092 enim
465 1045 502 1103 qui
513 1058 600 1103 patrum
611 1058 661 1093 sunt
672 1046 827 1103 rectevestigia
837 1046 914 1094 imitati
926 1045 975 1103 (nec

192 1118 281 1177 quidem
301 1117 389 1167 luerunt
404 1117 488 1178 multi),
497 1164 498 1167 ,
507 1117 529 1166 hi
544 1119 639 1177 linguam
654 1132 765 1167 servarunt
780 1139 841 1167 suam
855 1137 975 1178 verumque

192 1191 243 1239 caeli
262 1191 376 1240 coluerunt
394 1190 467 1239 deum.
485 1190 581 1248 Nomine
598 1204 672 1248 autem
689 1204 740 1239 sunt
757 1193 853 1250 primum
874 1191 975 1246 Hebraei,

154 1316 157 1322 ¹
192 1265 271 1318 deinde
287 1264 359 1319 lsrael,
374 1276 449 1321 postea
466 1263 539 1311 ludaei
554 1277 591 1311 aut
605 1263 640 1311 dei
654 1263 872 1323 populusappelloti.
886 1264 919 1314 Ca

145 1338 178 1390 ,15
194 1356 245 1386 vero
254 1338 371 1386 multitudo
380 1337 456 1404 varias,
465 1348 490 1385 ut
499 1336 551 1392 dixi,
560 1337 583 1385 in
592 1337 689 1395 regiones
698 1357 723 1385 ac
732 1336 814 1395 linguas
824 1332 897 1396 sparsa

192 1432 227 1461 sos
238 1412 306 1461 coluit
317 1412 376 1460 deos.
387 1410 474 1458 Nomen
485 1423 558 1458 autem
568 1410 662 1469 populus
673 1409 749 1458 babuit
759 1412 852 1469 quisque
862 1431 909 1472 suu

158 1522 161 1526 ι
192 1483 284 1541 generali
295 1483 438 1541 appellatione
448 1483 537 1539 gentiles
548 1495 599 1530 sunt
609 1482 674 1539 vulgo
686 1482 780 1530 universi
790 1482 939 1530 aCbristiams
950 1502 976 1529 ac

192 1555 300 1608 veteribus
314 1577 327 1604 a
344 1554 428 1604 ludaeis
443 1554 503 1603 dicti.
515 1554 648 1615 Sapientiam
659 1574 710 1604 vero
717 1555 777 1609 ,sicut
788 1574 839 1605 vero
850 1556 873 1604 in
884 1555 976 1604 colendo

193 1630 233 1678 deo
246 1629 275 1677 ita
287 1630 376 1678 caeteris
387 1629 410 1677 in
423 1628 488 1677 rebus
500 1641 565 1688 atque
573 1628 688 1683 doctrinis,
700 1649 741 1676 nec
753 1628 897 1677 mediocribus
910 1628 976 1677 modo

152 1703 180 1749 20
191 1702 234 1753 sed
245 1701 371 1754 illustribus,
384 1701 449 1747 etiam
461 1701 520 1761 apud
532 1700 643 1748 Hebraeos
655 1699 722 1748 tuisse
734 1713 755 1748 et
767 1712 894 1758 perpetuam
906 1712 927 1748 et
939 1719 976 1748 ve-

155 1823 157 1829 .
194 1793 240 1822 ram
255 1774 324 1831 multi,
333 1773 414 1832 opinati
428 1785 486 1821 sunt.
500 1772 669 1825 Munusptamen
683 1772 731 1828 hoc,
745 1773 917 1832 quodgdivinum

194 1847 303 1899 videretur
316 1867 341 1895 ac
356 1858 418 1900 esset,
429 1845 495 1904 aliqui
505 1845 572 1894 luisse
582 1845 655 1903 Moysi
666 1857 716 1893 ante
725 1856 800 1894 omnes
810 1838 907 1894 inlusum

193 1939 244 1975 vero
255 1919 283 1969 ad
295 1931 392 1978 posteros
404 1938 444 1967 nec
458 1918 549 1967 ludaeos
561 1918 627 1967 modo
639 1918 678 1966 sed
690 1918 787 1976 gentium
798 1939 886 1978 quoque
897 1939 910 1966 a

194 1992 256 2052 pulos
271 1993 355 2040 venisse
373 2003 458 2058 putant.
478 1991 579 2047 Moysen
597 2002 671 2038 autem
688 2003 737 2038 tum
755 1990 859 2048 sapientia
877 2011 914 2037 om
984 2048 985 2051 Ἴ

152 2065 180 2114 25
196 2064 269 2114 divina
284 2078 305 2114 et
320 2064 414 2113 humana
429 2083 480 2111 cum
495 2063 578 2122 legibus
593 2083 619 2111 ac
634 2063 709 2117 litteris
725 2063 830 2112 donatum
845 2064 892 2122 ipso
908 2085 920 2112 a
936 2063 977 2112 deo

195 2159 290 2196 quocum
304 2137 358 2191 lacie
371 2137 399 2185 ad
413 2136 490 2185 taciem
509 2137 633 2195 loqueretur
652 2137 734 2185 dicunt.
754 2136 860 2184 Homines
874 2155 925 2192 vero
939 2139 977 2195 qui

194 2211 254 2268 prius
268 2211 354 2258 fuerant
367 2209 467 2257 Hebraeo
480 2229 492 2256 e
505 2209 587 2267 populo
599 2208 634 2257 alii
648 2221 723 2267 suapte
735 2209 822 2267 ingenio
834 2229 859 2257 ac
872 2208 977 2257 beneficio

195 2296 282 2332 naturae
297 2283 424 2341 inclinatum
436 2282 464 2330 ad
476 2282 565 2331 virtutes
577 2283 675 2331 animum
687 2295 709 2330 et
721 2282 831 2366 quandam
843 2282 977 2341 sapientiam,

195 2371 302 2416 quantum
312 2378 325 2405 a
335 2356 460 2405 veteribus
454 2356 548 2404 iuniores
559 2356 659 2404 audirent
669 2376 694 2404 ec
705 2356 809 2403 memoria
819 2368 977 2409 conservarent,

152 2430 181 2479 30
196 2430 288 2488 vulgo
271 2450 318 2478 sme
329 2428 404 2494 litteris
416 2427 516 2476 habuisse
527 2428 624 2482 credunt,
636 2428 671 2475 alii
682 2428 828 2484 cognitionem
839 2427 894 2475 hanc
906 2446 978 2477 rerum

197 2501 240 2552 illis
251 2500 319 2551 luisse
330 2514 417 2561 negant,
429 2500 490 2560 quod
500 2501 580 2559 priscis
588 2492 720 2549 hominibus
727 2499 793 2549 veluti
802 2500 886 2548 mundo
894 2498 978 2548 inlante

155 2620 158 2635 ‚
191 2577 250 2642 natis
266 2575 354 2624 luisse
349 2575 434 2633 ingenia
450 2573 548 2630 obscura,
565 2574 699 2629 adumbrata
716 2575 778 2631 rudia
794 2574 917 2632 opinentur.
934 2574 979 2622 Sed

195 2649 266 2697 neutri
281 2649 371 2697 assentit
386 2647 486 2696 Aurelius
502 2647 644 2705 Augustinus,
661 2644 747 2704 Nempe
758 2647 794 2694 vir
801 2647 841 2694 iste
848 2659 874 2707 et
884 2647 908 2694 in
919 2648 979 2694 omni
1034 2683 1040 2709 3

195 2721 237 2769 luit
251 2723 329 2779 genere
342 2721 462 2774 litterarum
474 2719 612 2768 doctissimus
624 2732 646 2767 et
655 2718 686 2768 ad
695 2718 872 2776 ,investigandum
885 2718 980 2767 solertis·

187 2869 215 2905 33.
228 2869 270 2910 Aue.
282 2867 319 2907 Cio.
332 2869 367 2906 Dei.
381 2866 441 2905 XVlll.
454 2867 482 2904 37,

197 2978 229 3023 21.
244 2975 301 3021 multi
315 2983 329 3021 ι’.
343 2995 367 3027 r.;
382 2984 424 3019 erut
438 2975 537 3029 plurique.
593 2973 625 3019 32.
640 2974 724 3019 obscura
738 2980 751 3018 ι’.
766 2992 789 3025 r.;
804 2983 846 3018 erat
861 2973 944 3023 hebetia.
