<?xml version="1.0" encoding="UTF-8"?>
<!DOCTYPE html PUBLIC "-//W3C//DTD XHTML 1.0 Transitional//EN"
    "http://www.w3.org/TR/xhtml1/DTD/xhtml1-transitional.dtd">
<html xmlns="http://www.w3.org/1999/xhtml" xml:lang="en" lang="en">
 <head>
  <title>
</title>
<meta http-equiv="Content-Type" content="text/html;charset=utf-8" />
  <meta name='ocr-system' content='tesseract 3.04.00' />
  <meta name='ocr-capabilities' content='ocr_page ocr_carea ocr_par ocr_line ocrx_word'/>
</head>
<body>
  <div class='ocr_page' id='page_1' title='image "MN40033ucmf_2_0124.png"; bbox 0 0 2093 3253; ppageno 0'>
   <div class='ocr_carea' id='block_1_1' title="bbox 425 195 654 227">
    <p class='ocr_par' dir='ltr' id='par_1_1' title="bbox 425 195 654 227">
     <span class='ocr_line' id='line_1_1' title="bbox 425 195 654 227; baseline 0 -2"><span class='ocrx_word' id='word_1_1' title='bbox 425 195 518 227; x_wconf 83' lang='lat' dir='ltr'><strong>SICCONIS</strong></span> <span class='ocrx_word' id='word_1_2' title='bbox 537 195 654 226; x_wconf 81' lang='lat' dir='ltr'>POLENTONI</span> 
     </span>
    </p>
   </div>
   <div class='ocr_carea' id='block_1_2' title="bbox 171 309 954 370">
    <p class='ocr_par' dir='ltr' id='par_1_2' title="bbox 171 297 1041 374">
     <span class='ocr_line' id='line_1_2' title="bbox 171 309 954 370; baseline 0.001 -11"><span class='ocrx_word' id='word_1_3' title='bbox 171 312 266 367; x_wconf 88' lang='lat' dir='ltr'>attineat,</span> <span class='ocrx_word' id='word_1_4' title='bbox 282 311 339 360; x_wconf 85' lang='lat' dir='ltr'>docti</span> <span class='ocrx_word' id='word_1_5' title='bbox 358 331 404 360; x_wconf 89' lang='lat' dir='ltr'>esse</span> <span class='ocrx_word' id='word_1_6' title='bbox 424 310 485 359; x_wconf 92' lang='lat' dir='ltr'>multi</span> <span class='ocrx_word' id='word_1_7' title='bbox 504 329 589 370; x_wconf 88' lang='lat' dir='ltr'>semper</span> <span class='ocrx_word' id='word_1_8' title='bbox 608 309 732 359; x_wconf 83' lang='lat' dir='ltr'>laciendum</span> <span class='ocrx_word' id='word_1_9' title='bbox 750 323 834 369; x_wconf 85' lang='lat' dir='ltr'>putant,</span> <span class='ocrx_word' id='word_1_10' title='bbox 854 310 895 360; x_wconf 85' lang='lat' dir='ltr'>hoc</span> <span class='ocrx_word' id='word_1_11' title='bbox 913 311 954 360; x_wconf 90' lang='lat' dir='ltr'>sibi</span> 
     </span>
    </p>
   </div>
   <div class='ocr_carea' id='block_1_3' title="bbox 171 381 956 589">
    <p class='ocr_par' dir='ltr' id='par_1_3' title="bbox 171 373 1047 589">
     <span class='ocr_line' id='line_1_3' title="bbox 172 381 955 450; baseline 0 -17"><span class='ocrx_word' id='word_1_12' title='bbox 172 385 240 433; x_wconf 90' lang='lat' dir='ltr'>laudis</span> <span class='ocrx_word' id='word_1_13' title='bbox 255 385 352 448; x_wconf 74' lang='lat' dir='ltr'>attribuit</span> <span class='ocrx_word' id='word_1_14' title='bbox 368 398 392 434; x_wconf 91' lang='lat' dir='ltr'>ut</span> <span class='ocrx_word' id='word_1_15' title='bbox 409 382 484 432; x_wconf 81' lang='lat' dir='ltr'>Musas</span> <span class='ocrx_word' id='word_1_16' title='bbox 502 383 590 432; x_wconf 86' lang='lat' dir='ltr'>Castalii</span> <span class='ocrx_word' id='word_1_17' title='bbox 605 382 671 432; x_wconf 84' lang='lat' dir='ltr'>lontis</span> <span class='ocrx_word' id='word_1_18' title='bbox 687 383 795 433; x_wconf 88' lang='lat' dir='ltr'>locuturas</span> <span class='ocrx_word' id='word_1_19' title='bbox 810 381 877 433; x_wconf 82' lang='lat' dir='ltr'>luisse</span> <span class='ocrx_word' id='word_1_20' title='bbox 892 384 955 450; x_wconf 84' lang='lat' dir='ltr'>Plau·</span> 
     </span>
     <span class='ocr_line' id='line_1_4' title="bbox 171 456 956 514; baseline -0.001 -9"><span class='ocrx_word' id='word_1_21' title='bbox 171 460 218 506; x_wconf 88' lang='lat' dir='ltr'>tino</span> <span class='ocrx_word' id='word_1_22' title='bbox 230 477 329 506; x_wconf 84' lang='lat' dir='ltr'>sermone</span> <span class='ocrx_word' id='word_1_23' title='bbox 341 459 405 511; x_wconf 89' lang='lat' dir='ltr'>dicat,</span> <span class='ocrx_word' id='word_1_24' title='bbox 418 457 436 504; x_wconf 92' lang='lat' dir='ltr'>si</span> <span class='ocrx_word' id='word_1_25' title='bbox 451 457 511 514; x_wconf 86' lang='lat' dir='ltr'>loqui</span> <span class='ocrx_word' id='word_1_26' title='bbox 524 457 589 504; x_wconf 91' lang='lat' dir='ltr'>modo</span> <span class='ocrx_word' id='word_1_27' title='bbox 597 457 679 504; x_wconf 82' lang='lat' dir='ltr'>&#39;Latine</span> <span class='ocrx_word' id='word_1_28' title='bbox 690 457 777 505; x_wconf 87' lang='lat' dir='ltr'>vellent.</span> <span class='ocrx_word' id='word_1_29' title='bbox 792 456 886 504; x_wconf 87' lang='lat' dir='ltr'>Parnaso</span> <span class='ocrx_word' id='word_1_30' title='bbox 897 459 956 504; x_wconf 92' lang='lat' dir='ltr'>enim</span> 
     </span>
     <span class='ocr_line' id='line_1_5' title="bbox 172 527 956 589; baseline 0.001 -12"><span class='ocrx_word' id='word_1_31' title='bbox 172 531 195 578; x_wconf 92' lang='lat' dir='ltr'>in</span> <span class='ocrx_word' id='word_1_32' title='bbox 208 542 281 579; x_wconf 93' lang='lat' dir='ltr'>monte</span> <span class='ocrx_word' id='word_1_33' title='bbox 293 528 377 579; x_wconf 77' lang='lat' dir='ltr'>iontem</span> <span class='ocrx_word' id='word_1_34' title='bbox 387 549 434 578; x_wconf 88' lang='lat' dir='ltr'>esse</span> <span class='ocrx_word' id='word_1_35' title='bbox 446 528 484 589; x_wconf 91' lang='lat' dir='ltr'>qui</span> <span class='ocrx_word' id='word_1_36' title='bbox 496 541 518 577; x_wconf 93' lang='lat' dir='ltr'>et</span> <span class='ocrx_word' id='word_1_37' title='bbox 532 541 626 577; x_wconf 89' lang='lat' dir='ltr'>sacratus</span> <span class='ocrx_word' id='word_1_38' title='bbox 639 528 667 577; x_wconf 91' lang='lat' dir='ltr'>sit</span> <span class='ocrx_word' id='word_1_39' title='bbox 680 527 751 577; x_wconf 82' lang='lat' dir='ltr'>Musis</span> <span class='ocrx_word' id='word_1_40' title='bbox 764 541 785 577; x_wconf 90' lang='lat' dir='ltr'>et</span> <span class='ocrx_word' id='word_1_41' title='bbox 797 527 903 579; x_wconf 78' lang='lat' dir='ltr'>Castalius</span> <span class='ocrx_word' id='word_1_42' title='bbox 916 550 956 579; x_wconf 82' lang='lat' dir='ltr'>no·</span> 
     </span>
    </p>
   </div>
   <div class='ocr_carea' id='block_1_4' title="bbox 146 602 957 663">
    <p class='ocr_par' dir='ltr' id='par_1_4' title="bbox 146 592 1047 668">
     <span class='ocr_line' id='line_1_6' title="bbox 146 602 957 663; baseline -0.001 -11"><span class='ocrx_word' id='word_1_43' title='bbox 146 604 158 652; x_wconf 86' lang='grc'><strong><em>5</em></strong></span> <span class='ocrx_word' id='word_1_44' title='bbox 175 605 233 652; x_wconf 91' lang='lat' dir='ltr'>mine</span> <span class='ocrx_word' id='word_1_45' title='bbox 247 604 366 663; x_wconf 89' lang='lat' dir='ltr'>appellatur</span> <span class='ocrx_word' id='word_1_46' title='bbox 380 615 471 652; x_wconf 85' lang='lat' dir='ltr'>constat.</span> <span class='ocrx_word' id='word_1_47' title='bbox 488 602 514 651; x_wconf 91' lang='lat' dir='ltr'>ld</span> <span class='ocrx_word' id='word_1_48' title='bbox 533 621 584 650; x_wconf 88' lang='lat' dir='ltr'>vero</span> <span class='ocrx_word' id='word_1_49' title='bbox 603 602 658 650; x_wconf 84' lang='lat' dir='ltr'>lonti</span> <span class='ocrx_word' id='word_1_50' title='bbox 678 623 758 651; x_wconf 90' lang='lat' dir='ltr'>nornen</span> <span class='ocrx_word' id='word_1_51' title='bbox 778 615 851 651; x_wconf 85' lang='lat' dir='ltr'>ortum</span> <span class='ocrx_word' id='word_1_52' title='bbox 870 603 898 651; x_wconf 90' lang='lat' dir='ltr'>ob</span> <span class='ocrx_word' id='word_1_53' title='bbox 918 604 957 651; x_wconf 58' lang='lat' dir='ltr'>den</span> 
     </span>
    </p>
   </div>
   <div class='ocr_carea' id='block_1_5' title="bbox 135 674 961 1530">
    <p class='ocr_par' dir='ltr' id='par_1_5' title="bbox 135 670 1047 1530">
     <span class='ocr_line' id='line_1_7' title="bbox 174 674 957 732; baseline 0 -9"><span class='ocrx_word' id='word_1_54' title='bbox 174 695 265 723; x_wconf 85' lang='lat' dir='ltr'>mersam</span> <span class='ocrx_word' id='word_1_55' title='bbox 279 677 302 722; x_wconf 90' lang='lat' dir='ltr'>in</span> <span class='ocrx_word' id='word_1_56' title='bbox 318 696 344 722; x_wconf 87' lang='lat' dir='ltr'>eo</span> <span class='ocrx_word' id='word_1_57' title='bbox 359 676 465 732; x_wconf 83' lang='lat' dir='ltr'>virginem</span> <span class='ocrx_word' id='word_1_58' title='bbox 480 674 596 721; x_wconf 81' lang='lat' dir='ltr'>Castaliam</span> <span class='ocrx_word' id='word_1_59' title='bbox 612 675 728 721; x_wconf 81' lang='lat' dir='ltr'>Boccacius</span> <span class='ocrx_word' id='word_1_60' title='bbox 744 674 839 722; x_wconf 87' lang='lat' dir='ltr'>scribens</span> <span class='ocrx_word' id='word_1_61' title='bbox 855 675 883 723; x_wconf 86' lang='lat' dir='ltr'>de</span> <span class='ocrx_word' id='word_1_62' title='bbox 899 675 957 723; x_wconf 87' lang='lat' dir='ltr'>Fon·</span> 
     </span>
     <span class='ocr_line' id='line_1_8' title="bbox 173 746 957 805; baseline -0.003 -9"><span class='ocrx_word' id='word_1_63' title='bbox 173 748 231 797; x_wconf 88' lang='lat' dir='ltr'>tibus</span> <span class='ocrx_word' id='word_1_64' title='bbox 246 747 317 796; x_wconf 85' lang='lat' dir='ltr'>relert.</span> <span class='ocrx_word' id='word_1_65' title='bbox 332 748 385 805; x_wconf 74' lang='lat' dir='ltr'>Age,</span> <span class='ocrx_word' id='word_1_66' title='bbox 397 747 522 795; x_wconf 90' lang='lat' dir='ltr'>comoediae</span> <span class='ocrx_word' id='word_1_67' title='bbox 534 747 603 794; x_wconf 91' lang='lat' dir='ltr'>Plauti</span> <span class='ocrx_word' id='word_1_68' title='bbox 614 747 667 794; x_wconf 88' lang='lat' dir='ltr'>iocis</span> <span class='ocrx_word' id='word_1_69' title='bbox 679 746 752 793; x_wconf 89' lang='lat' dir='ltr'>multis</span> <span class='ocrx_word' id='word_1_70' title='bbox 764 746 803 794; x_wconf 90' lang='lat' dir='ltr'>sed</span> <span class='ocrx_word' id='word_1_71' title='bbox 813 746 855 794; x_wconf 93' lang='lat' dir='ltr'>illis</span> <span class='ocrx_word' id='word_1_72' title='bbox 866 747 957 796; x_wconf 77' lang='lat' dir='ltr'>refertae</span> 
     </span>
     <span class='ocr_line' id='line_1_9' title="bbox 173 819 957 882; baseline 0.001 -12"><span class='ocrx_word' id='word_1_73' title='bbox 173 823 225 882; x_wconf 86' lang='lat' dir='ltr'>iocis</span> <span class='ocrx_word' id='word_1_74' title='bbox 240 823 278 880; x_wconf 84' lang='lat' dir='ltr'>qui</span> <span class='ocrx_word' id='word_1_75' title='bbox 293 821 414 879; x_wconf 88' lang='lat' dir='ltr'>(Ciceronis</span> <span class='ocrx_word' id='word_1_76' title='bbox 429 820 481 869; x_wconf 90' lang='lat' dir='ltr'>haec</span> <span class='ocrx_word' id='word_1_77' title='bbox 495 821 600 868; x_wconf 91' lang='lat' dir='ltr'>sententia</span> <span class='ocrx_word' id='word_1_78' title='bbox 614 819 665 878; x_wconf 85' lang='lat' dir='ltr'>luit)</span> <span class='ocrx_word' id='word_1_79' title='bbox 679 820 848 878; x_wconf 85' lang='lat' dir='ltr'>haudquaquam</span> <span class='ocrx_word' id='word_1_80' title='bbox 862 820 957 876; x_wconf 78' lang='lat' dir='ltr'>obsceni,</span> 
     </span>
     <span class='ocr_line' id='line_1_10' title="bbox 175 892 958 953; baseline -0.001 -10"><span class='ocrx_word' id='word_1_81' title='bbox 175 893 301 953; x_wconf 81' lang='lat' dir='ltr'>petulantes,</span> <span class='ocrx_word' id='word_1_82' title='bbox 317 892 426 952; x_wconf 81' lang='lat' dir='ltr'>flagiciosi,</span> <span class='ocrx_word' id='word_1_83' title='bbox 442 892 578 952; x_wconf 88' lang='lat' dir='ltr'>sedurbani,</span> <span class='ocrx_word' id='word_1_84' title='bbox 593 892 705 950; x_wconf 82' lang='lat' dir='ltr'>ingeniosi,</span> <span class='ocrx_word' id='word_1_85' title='bbox 720 892 783 941; x_wconf 80' lang='lat' dir='ltr'>faceti</span> <span class='ocrx_word' id='word_1_86' title='bbox 798 893 848 941; x_wconf 90' lang='lat' dir='ltr'>sint.</span> <span class='ocrx_word' id='word_1_87' title='bbox 864 893 958 942; x_wconf 88' lang='lat' dir='ltr'>Comoe-</span> 
     </span>
     <span class='ocr_line' id='line_1_11' title="bbox 135 963 958 1023; baseline -0.001 -8"><span class='ocrx_word' id='word_1_88' title='bbox 135 967 162 1015; x_wconf 87' lang='grc'>111</span> <span class='ocrx_word' id='word_1_89' title='bbox 177 966 222 1014; x_wconf 90' lang='lat' dir='ltr'>dias</span> <span class='ocrx_word' id='word_1_90' title='bbox 237 967 287 1014; x_wconf 88' lang='lat' dir='ltr'>vero</span> <span class='ocrx_word' id='word_1_91' title='bbox 306 965 374 1013; x_wconf 87' lang='lat' dir='ltr'>edidit</span> <span class='ocrx_word' id='word_1_92' title='bbox 393 963 481 1013; x_wconf 88' lang='lat' dir='ltr'>Plautus</span> <span class='ocrx_word' id='word_1_93' title='bbox 502 963 587 1014; x_wconf 88' lang='lat' dir='ltr'>multas.</span> <span class='ocrx_word' id='word_1_94' title='bbox 602 963 660 1013; x_wconf 86' lang='lat' dir='ltr'>Nam</span> <span class='ocrx_word' id='word_1_95' title='bbox 679 978 700 1014; x_wconf 93' lang='lat' dir='ltr'>et</span> <span class='ocrx_word' id='word_1_96' title='bbox 719 964 806 1023; x_wconf 81' lang='lat' dir='ltr'>longam</span> <span class='ocrx_word' id='word_1_97' title='bbox 825 966 847 1014; x_wconf 94' lang='lat' dir='ltr'>in</span> <span class='ocrx_word' id='word_1_98' title='bbox 866 979 958 1015; x_wconf 88' lang='lat' dir='ltr'>aetatem</span> 
     </span>
     <span class='ocr_line' id='line_1_12' title="bbox 175 1037 959 1098; baseline 0.001 -12"><span class='ocrx_word' id='word_1_99' title='bbox 175 1039 227 1087; x_wconf 87' lang='lat' dir='ltr'>vixit</span> <span class='ocrx_word' id='word_1_100' title='bbox 241 1051 262 1086; x_wconf 85' lang='lat' dir='ltr'>et</span> <span class='ocrx_word' id='word_1_101' title='bbox 274 1037 309 1086; x_wconf 85' lang='lat' dir='ltr'>illa</span> <span class='ocrx_word' id='word_1_102' title='bbox 320 1039 342 1087; x_wconf 89' lang='lat' dir='ltr'>in</span> <span class='ocrx_word' id='word_1_103' title='bbox 354 1058 455 1098; x_wconf 85' lang='lat' dir='ltr'>requam</span> <span class='ocrx_word' id='word_1_104' title='bbox 467 1038 559 1086; x_wconf 83' lang='lat' dir='ltr'>maxime</span> <span class='ocrx_word' id='word_1_105' title='bbox 570 1037 695 1087; x_wconf 87' lang='lat' dir='ltr'>obversatus</span> <span class='ocrx_word' id='word_1_106' title='bbox 707 1051 746 1087; x_wconf 89' lang='lat' dir='ltr'>est.</span> <span class='ocrx_word' id='word_1_107' title='bbox 762 1038 841 1095; x_wconf 84' lang='lat' dir='ltr'>Quales</span> <span class='ocrx_word' id='word_1_108' title='bbox 852 1052 926 1088; x_wconf 88' lang='lat' dir='ltr'>autem</span> <span class='ocrx_word' id='word_1_109' title='bbox 937 1052 959 1087; x_wconf 92' lang='lat' dir='ltr'>et</span> 
     </span>
     <span class='ocr_line' id='line_1_13' title="bbox 175 1110 959 1171; baseline -0.002 -11"><span class='ocrx_word' id='word_1_110' title='bbox 175 1124 228 1171; x_wconf 81' lang='lat' dir='ltr'>quot</span> <span class='ocrx_word' id='word_1_111' title='bbox 243 1125 321 1167; x_wconf 88' lang='lat' dir='ltr'>essent,</span> <span class='ocrx_word' id='word_1_112' title='bbox 332 1112 392 1171; x_wconf 89' lang='lat' dir='ltr'>quod</span> <span class='ocrx_word' id='word_1_113' title='bbox 401 1110 481 1159; x_wconf 91' lang='lat' dir='ltr'>multae</span> <span class='ocrx_word' id='word_1_114' title='bbox 491 1111 551 1159; x_wconf 91' lang='lat' dir='ltr'>dubii</span> <span class='ocrx_word' id='word_1_115' title='bbox 561 1125 626 1171; x_wconf 87' lang='lat' dir='ltr'>atque</span> <span class='ocrx_word' id='word_1_116' title='bbox 635 1112 710 1160; x_wconf 87' lang='lat' dir='ltr'>incerti</span> <span class='ocrx_word' id='word_1_117' title='bbox 720 1113 814 1161; x_wconf 90' lang='lat' dir='ltr'>nominis</span> <span class='ocrx_word' id='word_1_118' title='bbox 824 1126 959 1171; x_wconf 81' lang='lat' dir='ltr'>vagarentur,</span> 
     </span>
     <span class='ocr_line' id='line_1_14' title="bbox 175 1183 959 1243; baseline 0.005 -10"><span class='ocrx_word' id='word_1_119' title='bbox 175 1186 348 1243; x_wconf 77' lang='lat' dir='ltr'>magnum‘inter</span> <span class='ocrx_word' id='word_1_120' title='bbox 360 1184 441 1242; x_wconf 90' lang='lat' dir='ltr'>peritos</span> <span class='ocrx_word' id='word_1_121' title='bbox 454 1196 562 1232; x_wconf 90' lang='lat' dir='ltr'>certamen</span> <span class='ocrx_word' id='word_1_122' title='bbox 576 1183 635 1232; x_wconf 85' lang='lat' dir='ltr'>lecit.</span> <span class='ocrx_word' id='word_1_123' title='bbox 650 1183 691 1232; x_wconf 89' lang='lat' dir='ltr'>Eas</span> <span class='ocrx_word' id='word_1_124' title='bbox 705 1185 795 1242; x_wconf 84' lang='lat' dir='ltr'>quidem</span> <span class='ocrx_word' id='word_1_125' title='bbox 808 1204 899 1233; x_wconf 90' lang='lat' dir='ltr'>numero</span> <span class='ocrx_word' id='word_1_126' title='bbox 912 1206 959 1233; x_wconf 89' lang='lat' dir='ltr'>esse</span> 
     </span>
     <span class='ocr_line' id='line_1_15' title="bbox 143 1250 959 1322; baseline -0.001 -14"><span class='ocrx_word' id='word_1_127' title='bbox 143 1250 145 1252; x_wconf 77' lang='lat'>.</span> <span class='ocrx_word' id='word_1_128' title='bbox 176 1257 275 1308; x_wconf 90' lang='lat' dir='ltr'>nonnulli</span> <span class='ocrx_word' id='word_1_129' title='bbox 292 1257 391 1318; x_wconf 87' lang='lat' dir='ltr'>quinque</span> <span class='ocrx_word' id='word_1_130' title='bbox 406 1270 427 1305; x_wconf 91' lang='lat' dir='ltr'>et</span> <span class='ocrx_word' id='word_1_131' title='bbox 442 1257 526 1315; x_wconf 84' lang='lat' dir='ltr'>viginti,</span> <span class='ocrx_word' id='word_1_132' title='bbox 543 1257 606 1305; x_wconf 88' lang='lat' dir='ltr'>multi</span> <span class='ocrx_word' id='word_1_133' title='bbox 617 1257 666 1312; x_wconf 83' lang='lat' dir='ltr'>XL,</span> <span class='ocrx_word' id='word_1_134' title='bbox 676 1256 744 1317; x_wconf 84' lang='lat' dir='ltr'>aliqui</span> <span class='ocrx_word' id='word_1_135' title='bbox 760 1271 856 1322; x_wconf 83' lang='lat' dir='ltr'>centum,</span> <span class='ocrx_word' id='word_1_136' title='bbox 867 1258 959 1317; x_wconf 82' lang='lat' dir='ltr'>quidam</span> 
     </span>
     <span class='ocr_line' id='line_1_16' title="bbox 137 1329 960 1388; baseline -0.003 -8"><span class='ocrx_word' id='word_1_137' title='bbox 137 1333 162 1381; x_wconf 82' lang='lat' dir='ltr'>l5</span> <span class='ocrx_word' id='word_1_138' title='bbox 178 1332 242 1380; x_wconf 88' lang='lat' dir='ltr'>XXX</span> <span class='ocrx_word' id='word_1_139' title='bbox 257 1333 323 1378; x_wconf 91' lang='lat' dir='ltr'>etiam</span> <span class='ocrx_word' id='word_1_140' title='bbox 338 1349 404 1388; x_wconf 92' lang='lat' dir='ltr'>supra</span> <span class='ocrx_word' id='word_1_141' title='bbox 419 1334 509 1377; x_wconf 85' lang='lat' dir='ltr'>centum</span> <span class='ocrx_word' id='word_1_142' title='bbox 524 1341 611 1387; x_wconf 91' lang='lat' dir='ltr'>putant.</span> <span class='ocrx_word' id='word_1_143' title='bbox 627 1329 688 1385; x_wconf 88' lang='lat' dir='ltr'>Quid</span> <span class='ocrx_word' id='word_1_144' title='bbox 708 1343 782 1378; x_wconf 91' lang='lat' dir='ltr'>autem</span> <span class='ocrx_word' id='word_1_145' title='bbox 797 1331 878 1384; x_wconf 88' lang='lat' dir='ltr'>verius,</span> <span class='ocrx_word' id='word_1_146' title='bbox 900 1331 960 1379; x_wconf 90' lang='lat' dir='ltr'>credi</span> 
     </span>
     <span class='ocr_line' id='line_1_17' title="bbox 176 1400 960 1462; baseline 0.001 -11"><span class='ocrx_word' id='word_1_147' title='bbox 176 1404 249 1462; x_wconf 90' lang='lat' dir='ltr'>potius</span> <span class='ocrx_word' id='word_1_148' title='bbox 266 1423 332 1462; x_wconf 87' lang='lat' dir='ltr'>quam</span> <span class='ocrx_word' id='word_1_149' title='bbox 349 1415 409 1452; x_wconf 89' lang='lat' dir='ltr'>certo</span> <span class='ocrx_word' id='word_1_150' title='bbox 421 1400 514 1450; x_wconf 88' lang='lat' dir='ltr'>discerni</span> <span class='ocrx_word' id='word_1_151' title='bbox 526 1413 606 1460; x_wconf 88' lang='lat' dir='ltr'>potest.</span> <span class='ocrx_word' id='word_1_152' title='bbox 624 1400 671 1450; x_wconf 88' lang='lat' dir='ltr'>Hac</span> <span class='ocrx_word' id='word_1_153' title='bbox 687 1402 747 1450; x_wconf 93' lang='lat' dir='ltr'>enim</span> <span class='ocrx_word' id='word_1_154' title='bbox 758 1402 786 1451; x_wconf 88' lang='lat' dir='ltr'>de</span> <span class='ocrx_word' id='word_1_155' title='bbox 796 1420 826 1460; x_wconf 89' lang='lat' dir='ltr'>re,</span> <span class='ocrx_word' id='word_1_156' title='bbox 840 1414 866 1451; x_wconf 93' lang='lat' dir='ltr'>ut</span> <span class='ocrx_word' id='word_1_157' title='bbox 876 1414 960 1453; x_wconf 86' lang='lat' dir='ltr'>taceam</span> 
     </span>
     <span class='ocr_line' id='line_1_18' title="bbox 171 1475 961 1530; baseline 0.002 -9"><span class='ocrx_word' id='word_1_158' title='bbox 171 1477 281 1530; x_wconf 85' lang='lat' dir='ltr'>minores,</span> <span class='ocrx_word' id='word_1_159' title='bbox 303 1477 412 1525; x_wconf 87' lang='lat' dir='ltr'>dubitavit</span> <span class='ocrx_word' id='word_1_160' title='bbox 428 1475 524 1530; x_wconf 88' lang='lat' dir='ltr'>Laelius,</span> <span class='ocrx_word' id='word_1_161' title='bbox 539 1476 572 1523; x_wconf 91' lang='lat' dir='ltr'>vir</span> <span class='ocrx_word' id='word_1_162' title='bbox 588 1476 693 1524; x_wconf 88' lang='lat' dir='ltr'>memoria</span> <span class='ocrx_word' id='word_1_163' title='bbox 709 1495 749 1524; x_wconf 88' lang='lat' dir='ltr'>sua</span> <span class='ocrx_word' id='word_1_164' title='bbox 764 1475 842 1524; x_wconf 90' lang='lat' dir='ltr'>doctus</span> <span class='ocrx_word' id='word_1_165' title='bbox 856 1475 961 1526; x_wconf 85' lang='lat' dir='ltr'>etPlauto</span> 
     </span>
    </p>
   </div>
   <div class='ocr_carea' id='block_1_6' title="bbox 135 1619 962 1757">
    <p class='ocr_par' dir='ltr' id='par_1_6' title="bbox 135 1608 1046 1757">
     <span class='ocr_line' id='line_1_19' title="bbox 177 1619 961 1680; baseline -0.003 -10"><span class='ocrx_word' id='word_1_166' title='bbox 177 1634 236 1680; x_wconf 85' lang='lat' dir='ltr'>gator</span> <span class='ocrx_word' id='word_1_167' title='bbox 248 1634 270 1670; x_wconf 93' lang='lat' dir='ltr'>et</span> <span class='ocrx_word' id='word_1_168' title='bbox 282 1633 370 1669; x_wconf 91' lang='lat' dir='ltr'>ornatus</span> <span class='ocrx_word' id='word_1_169' title='bbox 384 1621 483 1677; x_wconf 86' lang='lat' dir='ltr'>scriptor;</span> <span class='ocrx_word' id='word_1_170' title='bbox 496 1619 603 1668; x_wconf 89' lang='lat' dir='ltr'>dubitavit</span> <span class='ocrx_word' id='word_1_171' title='bbox 616 1619 711 1673; x_wconf 85' lang='lat' dir='ltr'>Servius,</span> <span class='ocrx_word' id='word_1_172' title='bbox 725 1620 763 1679; x_wconf 86' lang='lat' dir='ltr'>qui</span> <span class='ocrx_word' id='word_1_173' title='bbox 776 1633 797 1668; x_wconf 91' lang='lat' dir='ltr'>et</span> <span class='ocrx_word' id='word_1_174' title='bbox 810 1621 961 1679; x_wconf 80' lang='lat' dir='ltr'>grammaticus</span> 
     </span>
     <span class='ocr_line' id='line_1_20' title="bbox 135 1692 962 1757; baseline -0.001 -14"><span class='ocrx_word' id='word_1_175' title='bbox 135 1696 164 1743; x_wconf 83' lang='lat'>20</span> <span class='ocrx_word' id='word_1_176' title='bbox 179 1693 221 1743; x_wconf 84' lang='lat' dir='ltr'>luit</span> <span class='ocrx_word' id='word_1_177' title='bbox 229 1695 324 1753; x_wconf 87' lang='lat' dir='ltr'>optimus</span> <span class='ocrx_word' id='word_1_178' title='bbox 333 1707 354 1742; x_wconf 89' lang='lat' dir='ltr'>et</span> <span class='ocrx_word' id='word_1_179' title='bbox 362 1706 460 1742; x_wconf 89' lang='lat' dir='ltr'>accurate</span> <span class='ocrx_word' id='word_1_180' title='bbox 468 1692 584 1757; x_wconf 79' lang='lat' dir='ltr'>Virgilium</span> <span class='ocrx_word' id='word_1_181' title='bbox 591 1713 616 1741; x_wconf 88' lang='lat' dir='ltr'>ac</span> <span class='ocrx_word' id='word_1_182' title='bbox 624 1693 754 1741; x_wconf 87' lang='lat' dir='ltr'>Terentium</span> <span class='ocrx_word' id='word_1_183' title='bbox 761 1694 913 1752; x_wconf 87' lang='lat' dir='ltr'>interpretatus</span> <span class='ocrx_word' id='word_1_184' title='bbox 922 1706 962 1743; x_wconf 90' lang='lat' dir='ltr'>est.</span> 
     </span>
    </p>
   </div>
   <div class='ocr_carea' id='block_1_7' title="bbox 179 1765 962 1823">
    <p class='ocr_par' dir='ltr' id='par_1_7' title="bbox 179 1753 1046 1828">
     <span class='ocr_line' id='line_1_21' title="bbox 179 1765 962 1823; baseline -0.003 -8"><span class='ocrx_word' id='word_1_185' title='bbox 179 1767 239 1823; x_wconf 90' lang='lat' dir='ltr'>Quid</span> <span class='ocrx_word' id='word_1_186' title='bbox 253 1767 359 1815; x_wconf 64' lang='lat' dir='ltr'>dixerim?</span> <span class='ocrx_word' id='word_1_187' title='bbox 375 1765 489 1814; x_wconf 88' lang='lat' dir='ltr'>Dubitavit</span> <span class='ocrx_word' id='word_1_188' title='bbox 502 1767 601 1813; x_wconf 87' lang='lat' dir='ltr'>omnium</span> <span class='ocrx_word' id='word_1_189' title='bbox 613 1766 750 1814; x_wconf 88' lang='lat' dir='ltr'>doctissimus</span> <span class='ocrx_word' id='word_1_190' title='bbox 763 1766 885 1815; x_wconf 78' lang='lat' dir='ltr'>M.&#39;Varr0.</span> <span class='ocrx_word' id='word_1_191' title='bbox 901 1766 962 1815; x_wconf 81' lang='lat' dir='ltr'>Mul·</span> 
     </span>
    </p>
   </div>
   <div class='ocr_carea' id='block_1_8' title="bbox 136 1837 1045 2110">
    <p class='ocr_par' dir='ltr' id='par_1_8' title="bbox 136 1836 1046 2110">
     <span class='ocr_line' id='line_1_22' title="bbox 179 1837 962 1896; baseline -0.002 -9"><span class='ocrx_word' id='word_1_192' title='bbox 179 1852 227 1887; x_wconf 89' lang='lat' dir='ltr'>tum</span> <span class='ocrx_word' id='word_1_193' title='bbox 238 1839 273 1886; x_wconf 88' lang='lat' dir='ltr'>hic</span> <span class='ocrx_word' id='word_1_194' title='bbox 285 1857 355 1893; x_wconf 88' lang='lat' dir='ltr'>curae,</span> <span class='ocrx_word' id='word_1_195' title='bbox 368 1856 452 1896; x_wconf 79' lang='lat' dir='ltr'>operae,</span> <span class='ocrx_word' id='word_1_196' title='bbox 464 1837 530 1886; x_wconf 90' lang='lat' dir='ltr'>studii</span> <span class='ocrx_word' id='word_1_197' title='bbox 541 1838 605 1885; x_wconf 86' lang='lat' dir='ltr'>istam</span> <span class='ocrx_word' id='word_1_198' title='bbox 616 1837 644 1885; x_wconf 93' lang='lat' dir='ltr'>ad</span> <span class='ocrx_word' id='word_1_199' title='bbox 655 1856 701 1885; x_wconf 87' lang='lat' dir='ltr'>rem</span> <span class='ocrx_word' id='word_1_200' title='bbox 712 1837 883 1896; x_wconf 82' lang='lat' dir='ltr'>investigandam</span> <span class='ocrx_word' id='word_1_201' title='bbox 894 1837 962 1886; x_wconf 89' lang='lat' dir='ltr'>dedit.</span> 
     </span>
     <span class='ocr_line' id='line_1_23' title="bbox 181 1907 963 1959; baseline -0.001 0"><span class='ocrx_word' id='word_1_202' title='bbox 181 1910 272 1959; x_wconf 90' lang='lat' dir='ltr'>Librum</span> <span class='ocrx_word' id='word_1_203' title='bbox 286 1912 351 1959; x_wconf 90' lang='lat' dir='ltr'>etiam</span> <span class='ocrx_word' id='word_1_204' title='bbox 367 1910 394 1959; x_wconf 91' lang='lat' dir='ltr'>de</span> <span class='ocrx_word' id='word_1_205' title='bbox 409 1909 527 1958; x_wconf 89' lang='lat' dir='ltr'>comoediis</span> <span class='ocrx_word' id='word_1_206' title='bbox 541 1909 611 1959; x_wconf 84' lang='lat' dir='ltr'>Plauti</span> <span class='ocrx_word' id='word_1_207' title='bbox 626 1907 684 1959; x_wconf 86' lang='lat' dir='ltr'>lecit.</span> <span class='ocrx_word' id='word_1_208' title='bbox 699 1909 755 1958; x_wconf 84' lang='lat' dir='ltr'>Rem</span> <span class='ocrx_word' id='word_1_209' title='bbox 770 1929 820 1958; x_wconf 92' lang='lat' dir='ltr'>vero</span> <span class='ocrx_word' id='word_1_210' title='bbox 835 1910 891 1959; x_wconf 91' lang='lat' dir='ltr'>hanc</span> <span class='ocrx_word' id='word_1_211' title='bbox 906 1909 963 1958; x_wconf 82' lang='lat' dir='ltr'>diffi·</span> 
     </span>
     <span class='ocr_line' id='line_1_24' title="bbox 178 1981 963 2042; baseline 0.001 -11"><span class='ocrx_word' id='word_1_212' title='bbox 178 1983 242 2032; x_wconf 89' lang='lat' dir='ltr'>cilem</span> <span class='ocrx_word' id='word_1_213' title='bbox 252 1983 340 2042; x_wconf 86' lang='lat' dir='ltr'>cognitu</span> <span class='ocrx_word' id='word_1_214' title='bbox 351 1981 431 2032; x_wconf 81' lang='lat' dir='ltr'>factam</span> <span class='ocrx_word' id='word_1_215' title='bbox 442 1995 519 2041; x_wconf 88' lang='lat' dir='ltr'>putant</span> <span class='ocrx_word' id='word_1_216' title='bbox 530 1982 626 2041; x_wconf 89' lang='lat' dir='ltr'>quidam,</span> <span class='ocrx_word' id='word_1_217' title='bbox 639 1984 700 2041; x_wconf 86' lang='lat' dir='ltr'>quod</span> <span class='ocrx_word' id='word_1_218' title='bbox 711 1985 784 2033; x_wconf 89' lang='lat' dir='ltr'>vivens</span> <span class='ocrx_word' id='word_1_219' title='bbox 796 2004 849 2042; x_wconf 85' lang='lat' dir='ltr'>quas</span> <span class='ocrx_word' id='word_1_220' title='bbox 861 1984 963 2033; x_wconf 86' lang='lat' dir='ltr'>scriberet</span> 
     </span>
     <span class='ocr_line' id='line_1_25' title="bbox 136 2052 1045 2110; baseline -0.002 -4"><span class='ocrx_word' id='word_1_221' title='bbox 136 2057 164 2106; x_wconf 81' lang='grc'>25</span> <span class='ocrx_word' id='word_1_222' title='bbox 180 2057 302 2104; x_wconf 89' lang='lat' dir='ltr'>comoedias</span> <span class='ocrx_word' id='word_1_223' title='bbox 317 2056 404 2104; x_wconf 91' lang='lat' dir='ltr'>Plautus</span> <span class='ocrx_word' id='word_1_224' title='bbox 418 2056 464 2103; x_wconf 90' lang='lat' dir='ltr'>sine</span> <span class='ocrx_word' id='word_1_225' title='bbox 476 2056 541 2103; x_wconf 88' lang='lat' dir='ltr'>titulo</span> <span class='ocrx_word' id='word_1_226' title='bbox 554 2055 633 2110; x_wconf 88' lang='lat' dir='ltr'>ederet,</span> <span class='ocrx_word' id='word_1_227' title='bbox 647 2075 685 2103; x_wconf 92' lang='lat' dir='ltr'>seu</span> <span class='ocrx_word' id='word_1_228' title='bbox 698 2068 758 2104; x_wconf 91' lang='lat' dir='ltr'>metu</span> <span class='ocrx_word' id='word_1_229' title='bbox 771 2069 796 2105; x_wconf 92' lang='lat' dir='ltr'>ut</span> <span class='ocrx_word' id='word_1_230' title='bbox 808 2057 912 2105; x_wconf 91' lang='lat' dir='ltr'>invidiam</span> <span class='ocrx_word' id='word_1_231' title='bbox 925 2058 964 2104; x_wconf 80' lang='lat' dir='ltr'>de-</span> <span class='ocrx_word' id='word_1_232' title='bbox 1040 2052 1045 2083; x_wconf 65' lang='lat'>‘3</span> 
     </span>
    </p>
   </div>
   <div class='ocr_carea' id='block_1_9' title="bbox 178 2126 1046 2196">
    <p class='ocr_par' dir='ltr' id='par_1_9' title="bbox 178 2126 1046 2196">
     <span class='ocr_line' id='line_1_26' title="bbox 178 2126 1046 2196; baseline 0.003 -20"><span class='ocrx_word' id='word_1_233' title='bbox 178 2129 261 2183; x_wconf 83' lang='lat' dir='ltr'>vitaret,</span> <span class='ocrx_word' id='word_1_234' title='bbox 275 2148 312 2177; x_wconf 92' lang='lat' dir='ltr'>seu</span> <span class='ocrx_word' id='word_1_235' title='bbox 325 2148 364 2189; x_wconf 88' lang='lat' dir='ltr'>spe</span> <span class='ocrx_word' id='word_1_236' title='bbox 377 2126 437 2190; x_wconf 88' lang='lat' dir='ltr'>quod</span> <span class='ocrx_word' id='word_1_237' title='bbox 450 2147 484 2176; x_wconf 92' lang='lat' dir='ltr'>eas</span> <span class='ocrx_word' id='word_1_238' title='bbox 498 2128 598 2188; x_wconf 83' lang='lat' dir='ltr'>cognosci</span> <span class='ocrx_word' id='word_1_239' title='bbox 611 2128 659 2188; x_wconf 90' lang='lat' dir='ltr'>ipso</span> <span class='ocrx_word' id='word_1_240' title='bbox 672 2140 736 2188; x_wconf 82' lang='lat' dir='ltr'>gustu</span> <span class='ocrx_word' id='word_1_241' title='bbox 749 2141 770 2180; x_wconf 92' lang='lat' dir='ltr'>et</span> <span class='ocrx_word' id='word_1_242' title='bbox 783 2130 858 2188; x_wconf 83' lang='lat' dir='ltr'>sapore</span> <span class='ocrx_word' id='word_1_243' title='bbox 870 2142 963 2188; x_wconf 86' lang='lat' dir='ltr'>putaret.</span> <span class='ocrx_word' id='word_1_244' title='bbox 1042 2138 1046 2196; x_wconf 62' lang='lat' dir='ltr'>J</span> 
     </span>
    </p>
   </div>
   <div class='ocr_carea' id='block_1_10' title="bbox 179 2201 965 2333">
    <p class='ocr_par' dir='ltr' id='par_1_10' title="bbox 179 2201 965 2333">
     <span class='ocr_line' id='line_1_27' title="bbox 179 2201 965 2261; baseline -0.001 -10"><span class='ocrx_word' id='word_1_245' title='bbox 179 2202 274 2251; x_wconf 90' lang='lat' dir='ltr'>Comicis</span> <span class='ocrx_word' id='word_1_246' title='bbox 289 2202 378 2260; x_wconf 91' lang='lat' dir='ltr'>quidem</span> <span class='ocrx_word' id='word_1_247' title='bbox 393 2202 416 2250; x_wconf 91' lang='lat' dir='ltr'>id</span> <span class='ocrx_word' id='word_1_248' title='bbox 439 2214 534 2260; x_wconf 87' lang='lat' dir='ltr'>tempus,</span> <span class='ocrx_word' id='word_1_249' title='bbox 558 2201 618 2259; x_wconf 86' lang='lat' dir='ltr'>quod</span> <span class='ocrx_word' id='word_1_250' title='bbox 641 2202 725 2260; x_wconf 89' lang='lat' dir='ltr'>placere</span> <span class='ocrx_word' id='word_1_251' title='bbox 747 2203 829 2261; x_wconf 91' lang='lat' dir='ltr'>populo</span> <span class='ocrx_word' id='word_1_252' title='bbox 852 2203 965 2251; x_wconf 88' lang='lat' dir='ltr'>studerent</span> 
     </span>
     <span class='ocr_line' id='line_1_28' title="bbox 182 2272 965 2333; baseline 0 -11"><span class='ocrx_word' id='word_1_253' title='bbox 182 2274 252 2329; x_wconf 91' lang='lat' dir='ltr'>multi,</span> <span class='ocrx_word' id='word_1_254' title='bbox 268 2294 334 2333; x_wconf 86' lang='lat' dir='ltr'>quam</span> <span class='ocrx_word' id='word_1_255' title='bbox 349 2276 441 2322; x_wconf 86' lang='lat' dir='ltr'>maxime</span> <span class='ocrx_word' id='word_1_256' title='bbox 456 2272 535 2322; x_wconf 88' lang='lat' dir='ltr'>floruit.</span> <span class='ocrx_word' id='word_1_257' title='bbox 556 2272 663 2322; x_wconf 89' lang='lat' dir='ltr'>Omnium</span> <span class='ocrx_word' id='word_1_258' title='bbox 683 2292 734 2322; x_wconf 92' lang='lat' dir='ltr'>vero</span> <span class='ocrx_word' id='word_1_259' title='bbox 754 2287 791 2323; x_wconf 90' lang='lat' dir='ltr'>aut</span> <span class='ocrx_word' id='word_1_260' title='bbox 812 2275 921 2333; x_wconf 74' lang='lat' dir='ltr'>princeps,</span> <span class='ocrx_word' id='word_1_261' title='bbox 941 2288 965 2323; x_wconf 92' lang='lat' dir='ltr'>ut</span> 
     </span>
    </p>
   </div>
   <div class='ocr_carea' id='block_1_11' title="bbox 143 2345 1045 2407">
    <p class='ocr_par' dir='ltr' id='par_1_11' title="bbox 143 2345 1045 2407">
     <span class='ocr_line' id='line_1_29' title="bbox 143 2345 1045 2407; baseline 0.001 -12"><span class='ocrx_word' id='word_1_262' title='bbox 143 2385 145 2388; x_wconf 48' lang='lat'>&lt;</span> <span class='ocrx_word' id='word_1_263' title='bbox 180 2347 247 2395; x_wconf 89' lang='lat' dir='ltr'>sensit</span> <span class='ocrx_word' id='word_1_264' title='bbox 261 2345 336 2401; x_wconf 87' lang='lat' dir='ltr'>Varro,</span> <span class='ocrx_word' id='word_1_265' title='bbox 351 2359 388 2396; x_wconf 88' lang='lat' dir='ltr'>aut</span> <span class='ocrx_word' id='word_1_266' title='bbox 402 2345 514 2395; x_wconf 87' lang='lat' dir='ltr'>secundus.</span> <span class='ocrx_word' id='word_1_267' title='bbox 526 2345 637 2405; x_wconf 83' lang='lat' dir='ltr'>dignitate,</span> <span class='ocrx_word' id='word_1_268' title='bbox 651 2360 676 2396; x_wconf 91' lang='lat' dir='ltr'>ut</span> <span class='ocrx_word' id='word_1_269' title='bbox 690 2345 791 2407; x_wconf 84' lang='lat' dir='ltr'>Nigidius</span> <span class='ocrx_word' id='word_1_270' title='bbox 806 2346 867 2404; x_wconf 87' lang='lat' dir='ltr'>dixit,</span> <span class='ocrx_word' id='word_1_271' title='bbox 882 2349 965 2397; x_wconf 88' lang='lat' dir='ltr'>comico</span> <span class='ocrx_word' id='word_1_272' title='bbox 1043 2367 1045 2369; x_wconf 86' lang='grc'><strong><em>·</em></strong></span> 
     </span>
    </p>
   </div>
   <div class='ocr_carea' id='block_1_12' title="bbox 137 2418 967 2623">
    <p class='ocr_par' dir='ltr' id='par_1_12' title="bbox 137 2418 967 2623">
     <span class='ocr_line' id='line_1_30' title="bbox 137 2418 967 2479; baseline -0.001 -10"><span class='ocrx_word' id='word_1_273' title='bbox 137 2422 167 2469; x_wconf 82' lang='lat'>30</span> <span class='ocrx_word' id='word_1_274' title='bbox 181 2422 204 2468; x_wconf 89' lang='lat' dir='ltr'>in</span> <span class='ocrx_word' id='word_1_275' title='bbox 219 2439 296 2478; x_wconf 81' lang='lat' dir='ltr'>genere</span> <span class='ocrx_word' id='word_1_276' title='bbox 307 2433 379 2468; x_wconf 88' lang='lat' dir='ltr'>noster</span> <span class='ocrx_word' id='word_1_277' title='bbox 390 2420 425 2468; x_wconf 92' lang='lat' dir='ltr'>hic</span> <span class='ocrx_word' id='word_1_278' title='bbox 435 2419 523 2468; x_wconf 88' lang='lat' dir='ltr'>Plautus</span> <span class='ocrx_word' id='word_1_279' title='bbox 534 2418 582 2468; x_wconf 84' lang='lat' dir='ltr'>luit.</span> <span class='ocrx_word' id='word_1_280' title='bbox 600 2419 670 2468; x_wconf 85' lang='lat' dir='ltr'>luerat</span> <span class='ocrx_word' id='word_1_281' title='bbox 681 2421 739 2468; x_wconf 88' lang='lat' dir='ltr'>enirn</span> <span class='ocrx_word' id='word_1_282' title='bbox 749 2420 790 2469; x_wconf 89' lang='lat' dir='ltr'>sibi</span> <span class='ocrx_word' id='word_1_283' title='bbox 801 2420 967 2479; x_wconf 85' lang='lat' dir='ltr'>hocpresertim</span> 
     </span>
     <span class='ocr_line' id='line_1_31' title="bbox 179 2492 967 2551; baseline -0.001 -10"><span class='ocrx_word' id='word_1_284' title='bbox 179 2494 201 2541; x_wconf 91' lang='lat' dir='ltr'>in</span> <span class='ocrx_word' id='word_1_285' title='bbox 216 2512 294 2551; x_wconf 83' lang='lat' dir='ltr'>genere</span> <span class='ocrx_word' id='word_1_286' title='bbox 304 2492 407 2551; x_wconf 88' lang='lat' dir='ltr'>poetandi</span> <span class='ocrx_word' id='word_1_287' title='bbox 418 2511 469 2540; x_wconf 89' lang='lat' dir='ltr'>curn</span> <span class='ocrx_word' id='word_1_288' title='bbox 479 2504 524 2540; x_wconf 89' lang='lat' dir='ltr'>arte</span> <span class='ocrx_word' id='word_1_289' title='bbox 534 2504 583 2540; x_wconf 92' lang='lat' dir='ltr'>tum</span> <span class='ocrx_word' id='word_1_290' title='bbox 593 2505 669 2541; x_wconf 89' lang='lat' dir='ltr'>natura</span> <span class='ocrx_word' id='word_1_291' title='bbox 679 2506 700 2541; x_wconf 93' lang='lat' dir='ltr'>et</span> <span class='ocrx_word' id='word_1_292' title='bbox 711 2513 753 2541; x_wconf 90' lang='lat' dir='ltr'>usu</span> <span class='ocrx_word' id='word_1_293' title='bbox 764 2494 831 2542; x_wconf 86' lang='lat' dir='ltr'>mirus</span> <span class='ocrx_word' id='word_1_294' title='bbox 842 2493 932 2550; x_wconf 84' lang='lat' dir='ltr'>quidam</span> <span class='ocrx_word' id='word_1_295' title='bbox 942 2514 967 2540; x_wconf 90' lang='lat' dir='ltr'>ac</span> 
     </span>
     <span class='ocr_line' id='line_1_32' title="bbox 179 2563 966 2623; baseline 0.001 -11"><span class='ocrx_word' id='word_1_296' title='bbox 179 2564 312 2613; x_wconf 84' lang='lat' dir='ltr'>incredibilis</span> <span class='ocrx_word' id='word_1_297' title='bbox 327 2584 405 2619; x_wconf 82' lang='lat' dir='ltr'>sermo,</span> <span class='ocrx_word' id='word_1_298' title='bbox 421 2565 459 2623; x_wconf 84' lang='lat' dir='ltr'>qui</span> <span class='ocrx_word' id='word_1_299' title='bbox 469 2577 525 2612; x_wconf 87' lang='lat' dir='ltr'>esset</span> <span class='ocrx_word' id='word_1_300' title='bbox 535 2565 589 2612; x_wconf 87' lang='lat' dir='ltr'>adeo</span> <span class='ocrx_word' id='word_1_301' title='bbox 600 2563 682 2612; x_wconf 83' lang='lat' dir='ltr'>facetus</span> <span class='ocrx_word' id='word_1_302' title='bbox 693 2566 789 2623; x_wconf 88' lang='lat' dir='ltr'>iocisque</span> <span class='ocrx_word' id='word_1_303' title='bbox 799 2585 824 2613; x_wconf 89' lang='lat' dir='ltr'>ac</span> <span class='ocrx_word' id='word_1_304' title='bbox 834 2566 879 2614; x_wconf 93' lang='lat' dir='ltr'>risu</span> <span class='ocrx_word' id='word_1_305' title='bbox 889 2565 966 2623; x_wconf 87' lang='lat' dir='ltr'>plenus</span> 
     </span>
    </p>
   </div>
   <div class='ocr_carea' id='block_1_13' title="bbox 175 2687 967 2757">
    <p class='ocr_par' dir='ltr' id='par_1_13' title="bbox 175 2687 967 2757">
     <span class='ocr_line' id='line_1_33' title="bbox 175 2687 967 2757; baseline 0 -7"><span class='ocrx_word' id='word_1_306' title='bbox 175 2713 192 2750; x_wconf 78' lang='lat' dir='ltr'>s.</span> <span class='ocrx_word' id='word_1_307' title='bbox 204 2713 259 2756; x_wconf 64' lang='lat' dir='ltr'>auec..</span> <span class='ocrx_word' id='word_1_308' title='bbox 271 2713 298 2750; x_wconf 69' lang='lat' dir='ltr'>ea.</span> <span class='ocrx_word' id='word_1_309' title='bbox 311 2713 401 2755; x_wconf 65' lang='lat' dir='ltr'>vicenum.</span> <span class='ocrx_word' id='word_1_310' title='bbox 417 2712 467 2754; x_wconf 77' lang='lat'>14⁸7,</span> <span class='ocrx_word' id='word_1_311' title='bbox 479 2727 496 2755; x_wconf 69' lang='lat' dir='ltr'>p.</span> <span class='ocrx_word' id='word_1_312' title='bbox 508 2711 594 2751; x_wconf 79' lang='lat' dir='ltr'>ctxxx.</span> <span class='ocrx_word' id='word_1_313' title='bbox 613 2687 616 2691; x_wconf 51' lang='grc'><em>’</em></span> <span class='ocrx_word' id='word_1_314' title='bbox 644 2714 661 2751; x_wconf 84' lang='lat' dir='ltr'>a.</span> <span class='ocrx_word' id='word_1_315' title='bbox 673 2712 709 2751; x_wconf 73' lang='lat' dir='ltr'>cre.</span> <span class='ocrx_word' id='word_1_316' title='bbox 722 2713 756 2757; x_wconf 71' lang='lat' dir='ltr'>ou.</span> <span class='ocrx_word' id='word_1_317' title='bbox 769 2710 782 2749; x_wconf 90' lang='lat'>1.</span> <span class='ocrx_word' id='word_1_318' title='bbox 793 2712 831 2750; x_wconf 80' lang='lat'>104.</span> <span class='ocrx_word' id='word_1_319' title='bbox 883 2712 908 2750; x_wconf 72' lang='lat' dir='ltr'>u,</span> <span class='ocrx_word' id='word_1_320' title='bbox 917 2713 967 2757; x_wconf 71' lang='lat' dir='ltr'>apua</span> 
     </span>
    </p>
   </div>
   <div class='ocr_carea' id='block_1_14' title="bbox 139 2770 1046 2816">
    <p class='ocr_par' dir='ltr' id='par_1_14' title="bbox 139 2770 1046 2816">
     <span class='ocr_line' id='line_1_34' title="bbox 139 2770 1046 2816; baseline 0 -7"><span class='ocrx_word' id='word_1_321' title='bbox 139 2773 182 2809; x_wconf 80' lang='lat' dir='ltr'>Gell.</span> <span class='ocrx_word' id='word_1_322' title='bbox 197 2772 228 2807; x_wconf 88' lang='grc' dir='ltr'>ΙΙΙ.</span> <span class='ocrx_word' id='word_1_323' title='bbox 241 2773 258 2809; x_wconf 81' lang='lat'>3.</span> <span class='ocrx_word' id='word_1_324' title='bbox 274 2772 293 2808; x_wconf 87' lang='grc'>12</span> <span class='ocrx_word' id='word_1_325' title='bbox 306 2773 376 2816; x_wconf 70' lang='lat' dir='ltr'>(Laetius</span> <span class='ocrx_word' id='word_1_326' title='bbox 388 2770 443 2812; x_wconf 78' lang='lat' dir='ltr'>codd..</span> <span class='ocrx_word' id='word_1_327' title='bbox 456 2771 475 2808; x_wconf 83' lang='lat' dir='ltr'>L.</span> <span class='ocrx_word' id='word_1_328' title='bbox 487 2771 542 2808; x_wconf 73' lang='lat' dir='ltr'>Aelius</span> <span class='ocrx_word' id='word_1_329' title='bbox 554 2770 606 2816; x_wconf 79' lang='lat' dir='ltr'>edd).</span> <span class='ocrx_word' id='word_1_330' title='bbox 658 2772 684 2808; x_wconf 81' lang='grc'>18.</span> <span class='ocrx_word' id='word_1_331' title='bbox 698 2771 741 2808; x_wconf 86' lang='lat' dir='ltr'>Gell.</span> <span class='ocrx_word' id='word_1_332' title='bbox 760 2770 791 2808; x_wconf 90' lang='grc'>111.</span> <span class='ocrx_word' id='word_1_333' title='bbox 805 2772 821 2807; x_wconf 82' lang='lat'>3.</span> <span class='ocrx_word' id='word_1_334' title='bbox 877 2772 903 2809; x_wconf 77' lang='lat' dir='ltr'>l9,</span> <span class='ocrx_word' id='word_1_335' title='bbox 920 2772 967 2810; x_wconf 80' lang='lat' dir='ltr'>Serv.</span> <span class='ocrx_word' id='word_1_336' title='bbox 1045 2784 1046 2787; x_wconf 78' lang='grc'>’</span> 
     </span>
    </p>
   </div>
   <div class='ocr_carea' id='block_1_15' title="bbox 139 2830 450 2880">
    <p class='ocr_par' dir='ltr' id='par_1_15' title="bbox 139 2830 450 2880">
     <span class='ocr_line' id='line_1_35' title="bbox 139 2830 450 2880; baseline -0.013 -8"><span class='ocrx_word' id='word_1_337' title='bbox 139 2834 188 2880; x_wconf 71' lang='lat' dir='ltr'>Procf</span> <span class='ocrx_word' id='word_1_338' title='bbox 204 2837 220 2870; x_wconf 81' lang='lat' dir='ltr'>in</span> <span class='ocrx_word' id='word_1_339' title='bbox 232 2833 273 2871; x_wconf 82' lang='lat' dir='ltr'>Aen.</span> <span class='ocrx_word' id='word_1_340' title='bbox 285 2832 310 2878; x_wconf 82' lang='lat' dir='ltr'>(p.</span> <span class='ocrx_word' id='word_1_341' title='bbox 323 2832 339 2870; x_wconf 89' lang='grc'>4.</span> <span class='ocrx_word' id='word_1_342' title='bbox 355 2832 374 2871; x_wconf 87' lang='grc'>15</span> <span class='ocrx_word' id='word_1_343' title='bbox 388 2830 450 2878; x_wconf 84' lang='lat' dir='ltr'>Thilo).</span> 
     </span>
    </p>
   </div>
   <div class='ocr_carea' id='block_1_16' title="bbox 181 2963 857 3019">
    <p class='ocr_par' dir='ltr' id='par_1_16' title="bbox 181 2963 857 3019">
     <span class='ocr_line' id='line_1_36' title="bbox 181 2963 857 3019; baseline 0.004 -12"><span class='ocrx_word' id='word_1_344' title='bbox 181 2964 200 3008; x_wconf 79' lang='grc'>4.</span> <span class='ocrx_word' id='word_1_345' title='bbox 214 2975 290 3009; x_wconf 88' lang='lat' dir='ltr'>constat</span> <span class='ocrx_word' id='word_1_346' title='bbox 304 2964 341 3010; x_wconf 79' lang='lat' dir='ltr'>dcl.</span> <span class='ocrx_word' id='word_1_347' title='bbox 356 2973 374 3009; x_wconf 82' lang='lat' dir='ltr'>er</span> <span class='ocrx_word' id='word_1_348' title='bbox 389 2979 433 3019; x_wconf 81' lang='lat' dir='ltr'>exp.</span> <span class='ocrx_word' id='word_1_349' title='bbox 446 2973 490 3018; x_wconf 80' lang='lat' dir='ltr'>post</span> <span class='ocrx_word' id='word_1_350' title='bbox 503 2982 552 3008; x_wconf 88' lang='lat' dir='ltr'>esse.</span> <span class='ocrx_word' id='word_1_351' title='bbox 608 2964 626 3009; x_wconf 89' lang='lat'>6.</span> <span class='ocrx_word' id='word_1_352' title='bbox 641 2963 671 3012; x_wconf 74' lang='lat' dir='ltr'>Ex</span> <span class='ocrx_word' id='word_1_353' title='bbox 686 2965 793 3011; x_wconf 89' lang='lat' dir='ltr'>Buccacius</span> <span class='ocrx_word' id='word_1_354' title='bbox 807 2983 857 3011; x_wconf 85' lang='lat' dir='ltr'>corr.</span> 
     </span>
    </p>
   </div>
   <div class='ocr_carea' id='block_1_17' title="bbox 0 0 1068 3253">
    <p class='ocr_par' dir='ltr' id='par_1_17' title="bbox 0 0 1068 3253">
     <span class='ocr_line' id='line_1_37' title="bbox 0 0 1068 3253; baseline 0 0"><span class='ocrx_word' id='word_1_355' title='bbox 0 0 1068 3253; x_wconf 95' lang='lat' dir='ltr'> </span> 
     </span>
    </p>
   </div>
  </div>
 </body>
</html>
