2093 3253
129 156 166 216 128
428 170 521 201 sicconis
535 170 650 200 roneuronr

168 287 240 336 Musis
254 287 365 335 Petrarcae
379 277 492 340 sententia,
511 283 613 333 facillime
627 284 735 344 princeps.
750 284 854 333 amicicia
867 304 954 345 quoque

170 360 270 409 Musatus
285 373 317 408 est
332 374 385 408 usus
400 359 506 420 Boratini
522 358 616 406 hominis
630 358 770 416 quippeistis
782 359 805 406 in
818 357 893 406 litteris
906 378 954 408 eru·

170 434 218 482 diti.
231 433 314 482 Habuit
327 452 414 490 nanque
427 431 505 479 diebus
519 432 569 479 unis
584 431 657 479 Padua
670 432 744 479 civitas
759 431 873 484 Lovatum‚
886 431 955 480 Bova·
1010 422 1028 498 Ξ

170 506 248 562 tinum,
261 504 376 554 Musatum
386 504 424 563 qui
435 503 592 563 delectarentur
603 504 676 553 rnetris
687 515 709 552 et
718 504 787 552 amice
796 503 894 552 versibus
904 525 955 554 con·

146 579 158 630 5
174 592 286 629 certarent.
302 579 388 628 Horum
400 591 473 627 autem
485 577 558 627 favore
570 599 595 626 ac
607 599 714 627 consensu
726 580 825 628 omnium
837 580 955 637 peritorum
1013 573 1028 641 ΞῗΪ

172 653 291 711 grandique
305 663 409 710 apparatu
429 664 450 699 et
472 671 553 709 pompa
573 650 675 699 Musaeus
695 671 738 708 qua
757 650 855 716 solebant
873 653 956 710 antiqui
1014 655 1025 717 i*

173 738 248 782 poetae
262 725 333 773 laurea
349 735 463 772 coronatus
479 735 518 772 est.
1017 721 1026 775 s

215 797 282 846 Fama
293 798 375 857 quippe
384 817 410 845 ac
421 797 503 845 honore
514 816 604 854 magnus
615 810 660 845 erat
670 808 733 855 poeta
743 809 816 844 noster
826 816 896 855 neque
906 817 956 845 vero

174 871 196 919 in
212 870 304 919 dicendo
318 869 402 919 valebat
417 888 501 936 parurn.
517 869 640 918 Romanum
655 869 701 927 ipse
715 882 763 917 turn
778 888 848 928 nuper
862 882 957 919 creatum

137 944 162 993 10
177 962 250 1002 regern
264 942 384 992 Henricum
396 942 478 1002 legatus
490 942 518 991 ad
530 961 581 990 eurn
593 941 684 1003 placavit
696 943 791 990 oratione
803 963 848 997 sua,
862 963 902 991 nec
912 942 957 1001 pla·
997 1004 998 1007 Ἰ

176 1015 231 1063 cavit
246 1013 312 1063 modo
323 1014 368 1068 sed,
380 1033 435 1072 quae
446 1033 490 1061 non
501 1026 645 1072 sperarentur,
656 1013 742 1062 decreta
752 1014 817 1062 etiam
827 1014 958 1073 amplissima

137 1147 138 1151 Ἰ
176 1101 197 1137 et
212 1083 271 1147 pacis
286 1101 307 1137 et
322 1086 426 1136 libertatis
439 1086 540 1137 obtinuit.
553 1086 604 1136 Erat
617 1086 696 1137 Caesar
705 1100 758 1137 tunc
769 1086 888 1138 Mediolani
899 1089 958 1139 subi·

177 1175 234 1210 ratus
244 1162 350 1210 Paduanis
358 1161 421 1218 quod
428 1160 510 1209 tardius
519 1160 547 1208 acl
555 1152 607 1208 eum
615 1161 724 1209 misissent
732 1160 812 1218 legatos
821 1162 859 1219 qui
868 1182 891 1209 se
899 1161 959 1211 futua

177 1252 211 1281 ros
227 1235 249 1281 in
264 1234 308 1281 fide
321 1253 346 1281 ac
359 1233 451 1287 civitatis
465 1232 534 1281 claves
549 1231 658 1282 offerrent.
674 1232 829 1291 Imperatorem
843 1232 901 1281 hunc
914 1254 960 1284 esse

139 1308 163 1357 15
180 1308 273 1356 nominis
288 1306 356 1355 huius
370 1304 436 1363 aliqui
451 1305 575 1363 septimum,
590 1304 679 1364 quidam
692 1318 777 1354 sextum
790 1305 873 1355 dicunt.
887 1306 932 1356 Sed
942 1308 959 1355 is

177 1380 219 1429 iuit
233 1392 290 1428 certe
302 1380 339 1438 qui
352 1377 496 1436 Lucimborga
508 1399 520 1426 e
531 1378 597 1426 domo
609 1378 692 1436 primus
703 1377 771 1426 fasces
781 1379 866 1438 imperii
878 1379 960 1429 habuit.
1021 1389 1039 1442 {3}-

179 1453 245 1511 Datas
254 1471 305 1501 vero
310 1454 369 1511 pacis
378 1451 513 1500 conditiones
523 1463 650 1508 spreverunt
657 1450 760 1505 Paduani,
769 1471 813 1509 quo
821 1451 960 1501 iactumcon-

178 1538 219 1574 stat
234 1524 294 1585 quod
308 1525 375 1584 magis
390 1528 492 1572 aecensus
508 1524 609 1582 princeps
623 1537 646 1572 et
660 1524 718 1581 ipsos
729 1524 826 1572 incautos
836 1524 961 1573 Vincentiae
986 1558 988 1567 =
1023 1523 1040 1561 s

179 1599 292 1646 dominatu
302 1596 391 1656 privarit
401 1608 422 1644 et
433 1595 466 1644 his
478 1596 539 1644 malis
550 1596 657 1655 principia
668 1595 751 1646 dederit
761 1597 820 1646 unde
830 1618 885 1656 quae
896 1598 962 1647 libera

137 1676 166 1721 20
182 1673 258 1730 perdiu
272 1671 348 1719 fuisset
356 1671 438 1724 civitas,
447 1691 472 1717 ea
481 1670 559 1717 servire
567 1669 656 1718 tandem
664 1670 742 1717 amissa
750 1669 847 1718 libertate
856 1671 963 1720 didicerit.
1024 1663 1040 1723 ᾗ

179 1745 244 1804 Poeta
258 1761 309 1792 vero
322 1743 423 1791 Musatus
435 1742 520 1790 civitate
531 1740 609 1789 afflicta
621 1742 684 1789 cessit
695 1741 797 1797 adversis,
809 1756 831 1790 et
842 1744 902 1802 quod
913 1744 963 1792 reli·

180 1837 249 1876 quum
263 1816 319 1865 vitae
329 1814 371 1864 tuit
382 1812 434 1872 (iarn
446 1834 511 1863 senex
522 1813 583 1872 erat),
595 1814 618 1863 id
630 1814 706 1863 litteris
718 1814 807 1874 Clugiae
818 1830 913 1866 moratus
925 1816 962 1866 de·

180 1891 218 1938 dit.
234 1890 336 1937 Mortuus
351 1889 441 1946 quidem
457 1901 489 1935 est
506 1889 529 1935 in
546 1888 609 1935 exilio
627 1887 726 1945 Clugiae.
743 1887 833 1944 Nomini
850 1908 901 1937 vero
917 1891 963 1938 eius
1026 1882 1047 1940 ³35³

180 1963 282 2019 inscripta
290 1959 396 2009 Ecerrinis
402 1960 517 2018 tragoedia,
526 1979 570 2008 non
575 1959 670 2018 ignobile
680 1979 742 2024 opus,
751 1972 815 2011 extat,
826 1960 900 2030 Metro
908 1983 963 2021 quoa

139 2037 167 2084 25
183 2056 226 2093 que
240 2034 321 2082 librum
336 2033 422 2091 scripsit
437 2033 460 2081 in
476 2053 521 2091 quo
537 2032 593 2080 filios
609 2053 656 2081 esse
671 2032 811 2091 Proserpinae
826 2055 851 2083 ac
867 2030 964 2085 Plutonis
1028 2030 1030 2056 ³

182 2108 309 2157 Ecerrinum
319 2119 341 2155 et
351 2105 464 2155 nibricum
475 2106 536 2155 dixit.
551 2105 655 2164 Tyramni
666 2105 751 2155 fuerant
763 2107 798 2155 isti
811 2108 885 2157 hocin
895 2122 965 2158 tractu

185 2180 257 2229 italiae
271 2180 384 2228 sevissimi.
397 2176 473 2241 Soluta
485 2196 535 2226 vero
549 2178 643 2226 dictione
655 2177 711 2226 libri
722 2191 773 2227 sunt
788 2178 815 2227 ab
828 2200 854 2228 eo
867 2180 965 2230 historia·

183 2275 232 2303 rum
241 2274 298 2302 unus
308 2266 330 2301 et
340 2251 405 2301 XXX
415 2252 496 2309 scripti,
507 2264 603 2310 preterea
612 2252 640 2299 de
650 2250 733 2300 Natura
742 2265 764 2300 et
774 2253 880 2310 Fortuna„
886 2255 914 2304 de
923 2254 966 2304 Ca-

183 2327 243 2376 sibus
255 2326 366 2381 Fortuitis‚
378 2325 405 2374 de
417 2323 466 2374 Vita
477 2337 499 2374 et
510 2324 612 2373 Moribus
623 2326 667 2373 suis
679 2324 759 2374 librum
770 2326 880 2384 singulum
891 2328 966 2377 edidit.

141 2403 171 2449 30
227 2399 309 2448 Eadem
317 2398 385 2447 ferme
392 2410 490 2455 tempora
498 2397 594 2445 Dantem
601 2396 732 2455 Alegerium,
741 2396 967 2451 Florentinumcivem

183 2485 249 2531 atque
263 2481 350 2530 poetam
364 2471 482 2528 egregium,
497 2470 627 2519 habuerunt.
644 2470 689 2518 Iam
704 2471 793 2529 quidem
807 2473 850 2520 iarn
864 2473 967 2531 paulatim

184 2546 246 2604 quasi
261 2544 388 2603 longissimo
404 2564 416 2591 e
433 2563 510 2591 somno
527 2542 676 2592 excitabantur
692 2542 778 2593 Musae.
794 2545 869 2594 Annos
886 2547 968 2605 quippe

143 2654 286 2662 -n--n—

199 2715 213 2751 l.
226 2714 307 2753 Petrarch.
320 2717 357 2754 Rer.
373 2730 415 2755 mem.
430 2714 450 2752 ll.
463 2715 473 2751 3
487 2714 527 2760 (Op.
540 2714 553 2756 I,
565 2729 581 2758 p.
595 2684 636 2756 422,
649 2714 701 2756 Baset
717 2716 765 2755 158¹:
779 2715 800 2754 ct.
813 2716 882 2760 Nolhac,
895 2733 922 2762 op.
936 2718 971 2758 eir..
1036 2700 1038 2741 i

143 2777 164 2819 Il.
177 2792 193 2821 p.
207 2776 255 2823 234).
1038 2789 1043 2802 r

145 2872 285 2880 ..η-...-

198 2932 218 2975 4.
232 2941 251 2975 et
260 2937 274 2976 ι’.
290 2945 312 2982 a:
323 2941 365 2976 eret
375 2951 404 2977 ac.
