<?xml version="1.0" encoding="UTF-8"?>
<!DOCTYPE html PUBLIC "-//W3C//DTD XHTML 1.0 Transitional//EN"
    "http://www.w3.org/TR/xhtml1/DTD/xhtml1-transitional.dtd">
<html xmlns="http://www.w3.org/1999/xhtml" xml:lang="en" lang="en">
 <head>
  <title>
</title>
<meta http-equiv="Content-Type" content="text/html;charset=utf-8" />
  <meta name='ocr-system' content='tesseract 3.04.00' />
  <meta name='ocr-capabilities' content='ocr_page ocr_carea ocr_par ocr_line ocrx_word'/>
</head>
<body>
  <div class='ocr_page' id='page_1' title='image "MN40033ucmf_2_0544.png"; bbox 0 0 2093 3253; ppageno 0'>
   <div class='ocr_carea' id='block_1_1' title="bbox 171 217 697 261">
    <p class='ocr_par' dir='ltr' id='par_1_1' title="bbox 171 217 697 261">
     <span class='ocr_line' id='line_1_1' title="bbox 171 217 697 261; baseline -0.004 0"><span class='ocrx_word' id='word_1_1' title='bbox 171 217 212 261; x_wconf 81' lang='lat'>470</span> <span class='ocrx_word' id='word_1_2' title='bbox 373 235 375 239; x_wconf 94' lang='lat'>·</span> <span class='ocrx_word' id='word_1_3' title='bbox 468 228 563 260; x_wconf 83' lang='lat' dir='ltr'>siccours</span> <span class='ocrx_word' id='word_1_4' title='bbox 573 226 697 260; x_wconf 64' lang='lat' dir='ltr'>&gt;eomurour</span> 
     </span>
    </p>
   </div>
   <div class='ocr_carea' id='block_1_2' title="bbox 174 341 1007 2803">
    <p class='ocr_par' dir='ltr' id='par_1_2' title="bbox 190 341 999 473">
     <span class='ocr_line' id='line_1_2' title="bbox 199 341 998 405; baseline 0.003 -15"><span class='ocrx_word' id='word_1_5' title='bbox 199 341 339 405; x_wconf 67' lang='lat' dir='ltr'>lectusest.</span> <span class='ocrx_word' id='word_1_6' title='bbox 355 342 483 402; x_wconf 86' lang='lat' dir='ltr'>lmperabat.</span> <span class='ocrx_word' id='word_1_7' title='bbox 493 342 536 392; x_wconf 92' lang='lat' dir='ltr'>iarn</span> <span class='ocrx_word' id='word_1_8' title='bbox 551 341 682 392; x_wconf 84' lang='lat' dir='ltr'>Octavianus</span> <span class='ocrx_word' id='word_1_9' title='bbox 697 341 808 401; x_wconf 81' lang='lat' dir='ltr'>Augustus</span> <span class='ocrx_word' id='word_1_10' title='bbox 824 342 924 402; x_wconf 88' lang='lat' dir='ltr'>princeps</span> <span class='ocrx_word' id='word_1_11' title='bbox 940 343 998 392; x_wconf 91' lang='lat' dir='ltr'>solus</span> 
     </span>
     <span class='ocr_line' id='line_1_3' title="bbox 190 414 999 473; baseline 0.001 -9"><span class='ocrx_word' id='word_1_12' title='bbox 190 447 191 450; x_wconf 63' lang='lat'><em>=</em></span> <span class='ocrx_word' id='word_1_13' title='bbox 215 414 270 469; x_wconf 81' lang='lat' dir='ltr'>orbi,</span> <span class='ocrx_word' id='word_1_14' title='bbox 285 427 307 463; x_wconf 93' lang='lat' dir='ltr'>et</span> <span class='ocrx_word' id='word_1_15' title='bbox 322 426 408 463; x_wconf 89' lang='lat' dir='ltr'>mortuo</span> <span class='ocrx_word' id='word_1_16' title='bbox 424 415 458 463; x_wconf 86' lang='lat' dir='ltr'>M.</span> <span class='ocrx_word' id='word_1_17' title='bbox 472 415 570 463; x_wconf 74' lang='lat' dir='ltr'>&#39;Antonio</span> <span class='ocrx_word' id='word_1_18' title='bbox 586 414 656 473; x_wconf 87' lang='lat' dir='ltr'>sopita</span> <span class='ocrx_word' id='word_1_19' title='bbox 671 414 740 464; x_wconf 87' lang='lat' dir='ltr'>civilia</span> <span class='ocrx_word' id='word_1_20' title='bbox 756 414 812 463; x_wconf 91' lang='lat' dir='ltr'>bella</span> <span class='ocrx_word' id='word_1_21' title='bbox 826 435 851 464; x_wconf 92' lang='lat' dir='ltr'>ac</span> <span class='ocrx_word' id='word_1_22' title='bbox 866 414 911 464; x_wconf 79' lang='lat' dir='ltr'>lere</span> <span class='ocrx_word' id='word_1_23' title='bbox 927 417 999 465; x_wconf 91' lang='lat' dir='ltr'>omnia</span> 
     </span>
    </p>

    <p class='ocr_par' dir='ltr' id='par_1_3' title="bbox 174 483 1003 1855">
     <span class='ocr_line' id='line_1_4' title="bbox 182 483 942 546; baseline -0.001 -9"><span class='ocrx_word' id='word_1_24' title='bbox 182 534 184 541; x_wconf 79' lang='grc'>,</span> <span class='ocrx_word' id='word_1_25' title='bbox 201 501 286 546; x_wconf 78' lang='lat' dir='ltr'>&#39;pacata</span> <span class='ocrx_word' id='word_1_26' title='bbox 300 500 367 536; x_wconf 88' lang='lat' dir='ltr'>erant.</span> <span class='ocrx_word' id='word_1_27' title='bbox 781 486 783 489; x_wconf 88' lang='lat'>.</span> <span class='ocrx_word' id='word_1_28' title='bbox 941 483 942 486; x_wconf 12' lang='grc' dir='ltr'><strong>Ἴ</strong></span> 
     </span>
     <span class='ocr_line' id='line_1_5' title="bbox 255 559 999 619; baseline 0 -11"><span class='ocrx_word' id='word_1_29' title='bbox 255 559 337 609; x_wconf 88' lang='lat' dir='ltr'>Rornae</span> <span class='ocrx_word' id='word_1_30' title='bbox 351 560 417 617; x_wconf 85' lang='lat' dir='ltr'>igitur</span> <span class='ocrx_word' id='word_1_31' title='bbox 431 560 513 608; x_wconf 79' lang='lat' dir='ltr'>Seneca</span> <span class='ocrx_word' id='word_1_32' title='bbox 528 561 629 619; x_wconf 87' lang='lat' dir='ltr'>deinceps</span> <span class='ocrx_word' id='word_1_33' title='bbox 644 560 944 619; x_wconf 77' lang='lat' dir='ltr'>moratus&#39;quasdesideravit</span> <span class='ocrx_word' id='word_1_34' title='bbox 954 561 999 610; x_wconf 85' lang='lat' dir='ltr'>dis-</span> 
     </span>
     <span class='ocr_line' id='line_1_6' title="bbox 188 630 1001 693; baseline 0.001 -11"><span class='ocrx_word' id='word_1_35' title='bbox 188 634 200 682; x_wconf 85' lang='grc'>5</span> <span class='ocrx_word' id='word_1_36' title='bbox 217 631 306 691; x_wconf 88' lang='lat' dir='ltr'>eiplinas</span> <span class='ocrx_word' id='word_1_37' title='bbox 321 632 411 681; x_wconf 88' lang='lat' dir='ltr'>audivit.</span> <span class='ocrx_word' id='word_1_38' title='bbox 422 630 470 681; x_wconf 90' lang='lat' dir='ltr'>Nec</span> <span class='ocrx_word' id='word_1_39' title='bbox 481 631 550 681; x_wconf 84' lang='lat' dir='ltr'>deluit</span> <span class='ocrx_word' id='word_1_40' title='bbox 561 632 580 680; x_wconf 92' lang='lat' dir='ltr'>ei</span> <span class='ocrx_word' id='word_1_41' title='bbox 591 632 716 691; x_wconf 83' lang='lat' dir='ltr'>quicquam,</span> <span class='ocrx_word' id='word_1_42' title='bbox 728 633 767 681; x_wconf 89' lang='lat' dir='ltr'>sed</span> <span class='ocrx_word' id='word_1_43' title='bbox 776 645 850 691; x_wconf 87' lang='lat' dir='ltr'>parata</span> <span class='ocrx_word' id='word_1_44' title='bbox 863 646 884 682; x_wconf 93' lang='lat' dir='ltr'>et</span> <span class='ocrx_word' id='word_1_45' title='bbox 899 647 1001 693; x_wconf 88' lang='lat' dir='ltr'>prompta</span> 
     </span>
     <span class='ocr_line' id='line_1_7' title="bbox 215 704 1001 767; baseline 0 -12"><span class='ocrx_word' id='word_1_46' title='bbox 215 724 267 756; x_wconf 89' lang='lat' dir='ltr'>cum</span> <span class='ocrx_word' id='word_1_47' title='bbox 281 718 415 755; x_wconf 87' lang='lat' dir='ltr'>naturatum</span> <span class='ocrx_word' id='word_1_48' title='bbox 425 705 497 755; x_wconf 91' lang='lat' dir='ltr'>studio</span> <span class='ocrx_word' id='word_1_49' title='bbox 508 717 529 755; x_wconf 90' lang='lat' dir='ltr'>et</span> <span class='ocrx_word' id='word_1_50' title='bbox 539 704 650 763; x_wconf 81' lang='lat' dir='ltr'>diligentia</span> <span class='ocrx_word' id='word_1_51' title='bbox 659 705 735 754; x_wconf 90' lang='lat' dir='ltr'>habuit</span> <span class='ocrx_word' id='word_1_52' title='bbox 745 706 818 755; x_wconf 90' lang='lat' dir='ltr'>omnia</span> <span class='ocrx_word' id='word_1_53' title='bbox 828 726 883 766; x_wconf 87' lang='lat' dir='ltr'>quae</span> <span class='ocrx_word' id='word_1_54' title='bbox 893 706 1001 767; x_wconf 86' lang='lat' dir='ltr'>adperci-</span> 
     </span>
     <span class='ocr_line' id='line_1_8' title="bbox 201 775 1000 839; baseline 0.001 -11"><span class='ocrx_word' id='word_1_55' title='bbox 201 803 203 806; x_wconf 95' lang='lat'>·</span> <span class='ocrx_word' id='word_1_56' title='bbox 216 778 306 838; x_wconf 82' lang='lat' dir='ltr'>piendas</span> <span class='ocrx_word' id='word_1_57' title='bbox 318 799 372 838; x_wconf 89' lang='lat' dir='ltr'>quas</span> <span class='ocrx_word' id='word_1_58' title='bbox 384 777 493 827; x_wconf 83' lang='lat' dir='ltr'>affectaret</span> <span class='ocrx_word' id='word_1_59' title='bbox 506 779 614 827; x_wconf 83' lang='lat' dir='ltr'>doctrinas</span> <span class='ocrx_word' id='word_1_60' title='bbox 626 780 766 837; x_wconf 88' lang='lat' dir='ltr'>pertinerent.</span> <span class='ocrx_word' id='word_1_61' title='bbox 774 778 821 827; x_wconf 90' lang='lat' dir='ltr'>Sibi</span> <span class='ocrx_word' id='word_1_62' title='bbox 833 776 926 839; x_wconf 89' lang='lat' dir='ltr'>nanque,</span> <span class='ocrx_word' id='word_1_63' title='bbox 939 775 1000 839; x_wconf 89' lang='lat' dir='ltr'>quod</span> 
     </span>
     <span class='ocr_line' id='line_1_9' title="bbox 216 851 999 912; baseline 0.005 -15"><span class='ocrx_word' id='word_1_64' title='bbox 216 851 239 901; x_wconf 92' lang='lat' dir='ltr'>in</span> <span class='ocrx_word' id='word_1_65' title='bbox 253 852 330 910; x_wconf 90' lang='lat' dir='ltr'>primis</span> <span class='ocrx_word' id='word_1_66' title='bbox 344 851 511 900; x_wconf 86' lang='lat' dir='ltr'>estmaximum</span> <span class='ocrx_word' id='word_1_67' title='bbox 530 872 555 900; x_wconf 86' lang='lat' dir='ltr'>ac</span> <span class='ocrx_word' id='word_1_68' title='bbox 574 851 703 911; x_wconf 83' lang='lat' dir='ltr'>precipuum</span> <span class='ocrx_word' id='word_1_69' title='bbox 722 852 872 901; x_wconf 89' lang='lat' dir='ltr'>adiumentum</span> <span class='ocrx_word' id='word_1_70' title='bbox 891 852 999 912; x_wconf 88' lang='lat' dir='ltr'>principa-</span> 
     </span>
     <span class='ocr_line' id='line_1_10' title="bbox 216 924 1000 988; baseline 0.003 -16"><span class='ocrx_word' id='word_1_71' title='bbox 216 937 296 983; x_wconf 87' lang='lat' dir='ltr'>turque</span> <span class='ocrx_word' id='word_1_72' title='bbox 310 924 333 971; x_wconf 94' lang='lat' dir='ltr'>in</span> <span class='ocrx_word' id='word_1_73' title='bbox 348 924 500 988; x_wconf 15' lang='lat' dir='ltr'>omnisgenere</span> <span class='ocrx_word' id='word_1_74' title='bbox 516 924 639 972; x_wconf 89' lang='lat' dir='ltr'>studiorum</span> <span class='ocrx_word' id='word_1_75' title='bbox 654 944 679 972; x_wconf 88' lang='lat' dir='ltr'>ac</span> <span class='ocrx_word' id='word_1_76' title='bbox 694 925 757 979; x_wconf 82' lang='lat' dir='ltr'>vitae,</span> <span class='ocrx_word' id='word_1_77' title='bbox 774 926 877 973; x_wconf 87' lang='lat' dir='ltr'>memoria</span> <span class='ocrx_word' id='word_1_78' title='bbox 893 926 1000 984; x_wconf 83' lang='lat' dir='ltr'>quaedam</span> 
     </span>
     <span class='ocr_line' id='line_1_11' title="bbox 176 996 1000 1057; baseline 0.001 -11"><span class='ocrx_word' id='word_1_79' title='bbox 176 998 202 1046; x_wconf 86' lang='lat' dir='ltr'>lO</span> <span class='ocrx_word' id='word_1_80' title='bbox 216 996 348 1046; x_wconf 82' lang='lat' dir='ltr'>incredibilis</span> <span class='ocrx_word' id='word_1_81' title='bbox 362 1008 428 1055; x_wconf 88' lang='lat' dir='ltr'>atque</span> <span class='ocrx_word' id='word_1_82' title='bbox 441 1008 500 1045; x_wconf 85' lang='lat' dir='ltr'>tanta</span> <span class='ocrx_word' id='word_1_83' title='bbox 514 1008 559 1045; x_wconf 89' lang='lat' dir='ltr'>erat</span> <span class='ocrx_word' id='word_1_84' title='bbox 573 996 679 1046; x_wconf 83' lang='lat' dir='ltr'>beneficio</span> <span class='ocrx_word' id='word_1_85' title='bbox 693 1009 781 1046; x_wconf 89' lang='lat' dir='ltr'>naturae</span> <span class='ocrx_word' id='word_1_86' title='bbox 795 998 856 1057; x_wconf 88' lang='lat' dir='ltr'>quod</span> <span class='ocrx_word' id='word_1_87' title='bbox 870 1018 914 1047; x_wconf 90' lang='lat' dir='ltr'>non</span> <span class='ocrx_word' id='word_1_88' title='bbox 928 997 1000 1047; x_wconf 90' lang='lat' dir='ltr'>solum</span> 
     </span>
     <span class='ocr_line' id='line_1_12' title="bbox 216 1068 1000 1128; baseline 0.001 -9"><span class='ocrx_word' id='word_1_89' title='bbox 216 1069 244 1119; x_wconf 88' lang='lat' dir='ltr'>ad</span> <span class='ocrx_word' id='word_1_90' title='bbox 257 1089 324 1118; x_wconf 92' lang='lat' dir='ltr'>usum</span> <span class='ocrx_word' id='word_1_91' title='bbox 338 1068 446 1118; x_wconf 88' lang='lat' dir='ltr'>sufficeret</span> <span class='ocrx_word' id='word_1_92' title='bbox 460 1075 536 1118; x_wconf 87' lang='lat' dir='ltr'>verum</span> <span class='ocrx_word' id='word_1_93' title='bbox 557 1069 622 1117; x_wconf 90' lang='lat' dir='ltr'>etiam</span> <span class='ocrx_word' id='word_1_94' title='bbox 643 1069 666 1117; x_wconf 94' lang='lat' dir='ltr'>in</span> <span class='ocrx_word' id='word_1_95' title='bbox 688 1082 799 1128; x_wconf 81' lang='lat' dir='ltr'>stuporem</span> <span class='ocrx_word' id='word_1_96' title='bbox 819 1070 957 1120; x_wconf 79' lang='lat' dir='ltr'>audientibus</span> <span class='ocrx_word' id='word_1_97' title='bbox 979 1084 1000 1120; x_wconf 90' lang='lat' dir='ltr'>et</span> 
     </span>
     <span class='ocr_line' id='line_1_13' title="bbox 218 1141 1000 1203; baseline 0 -11"><span class='ocrx_word' id='word_1_98' title='bbox 218 1141 346 1192; x_wconf 79' lang='lat' dir='ltr'>miraculum</span> <span class='ocrx_word' id='word_1_99' title='bbox 360 1162 430 1201; x_wconf 89' lang='lat' dir='ltr'>usque</span> <span class='ocrx_word' id='word_1_100' title='bbox 444 1142 578 1200; x_wconf 84' lang='lat' dir='ltr'>procederet.</span> <span class='ocrx_word' id='word_1_101' title='bbox 590 1141 781 1201; x_wconf 86' lang='lat' dir='ltr'>Complectebatur</span> <span class='ocrx_word' id='word_1_102' title='bbox 790 1143 849 1193; x_wconf 91' lang='lat' dir='ltr'>enim</span> <span class='ocrx_word' id='word_1_103' title='bbox 860 1143 923 1192; x_wconf 80' lang='lat' dir='ltr'>facile</span> <span class='ocrx_word' id='word_1_104' title='bbox 934 1164 1000 1203; x_wconf 87' lang='lat' dir='ltr'>quae-</span> 
     </span>
     <span class='ocr_line' id='line_1_14' title="bbox 218 1213 1000 1273; baseline 0.001 -9"><span class='ocrx_word' id='word_1_105' title='bbox 218 1234 305 1273; x_wconf 85' lang='lat' dir='ltr'>cunque</span> <span class='ocrx_word' id='word_1_106' title='bbox 318 1227 356 1263; x_wconf 89' lang='lat' dir='ltr'>aut</span> <span class='ocrx_word' id='word_1_107' title='bbox 371 1213 450 1273; x_wconf 85' lang='lat' dir='ltr'>legeret</span> <span class='ocrx_word' id='word_1_108' title='bbox 463 1226 500 1262; x_wconf 89' lang='lat' dir='ltr'>aut</span> <span class='ocrx_word' id='word_1_109' title='bbox 513 1215 597 1262; x_wconf 90' lang='lat' dir='ltr'>audiret</span> <span class='ocrx_word' id='word_1_110' title='bbox 610 1215 730 1273; x_wconf 87' lang='lat' dir='ltr'>eademque</span> <span class='ocrx_word' id='word_1_111' title='bbox 743 1216 846 1265; x_wconf 90' lang='lat' dir='ltr'>memoria</span> <span class='ocrx_word' id='word_1_112' title='bbox 859 1216 921 1265; x_wconf 86' lang='lat' dir='ltr'>firma</span> <span class='ocrx_word' id='word_1_113' title='bbox 934 1217 1000 1265; x_wconf 85' lang='lat' dir='ltr'>veluti</span> 
     </span>
     <span class='ocr_line' id='line_1_15' title="bbox 217 1285 1001 1347; baseline 0.003 -12"><span class='ocrx_word' id='word_1_114' title='bbox 217 1286 291 1336; x_wconf 88' lang='lat' dir='ltr'>studio</span> <span class='ocrx_word' id='word_1_115' title='bbox 304 1286 488 1345; x_wconf 87' lang='lat' dir='ltr'>longoimpressa</span> <span class='ocrx_word' id='word_1_116' title='bbox 502 1285 624 1335; x_wconf 86' lang='lat' dir='ltr'>diutissime</span> <span class='ocrx_word' id='word_1_117' title='bbox 638 1286 751 1335; x_wconf 81' lang='lat' dir='ltr'>retinebat.</span> <span class='ocrx_word' id='word_1_118' title='bbox 765 1286 831 1344; x_wconf 91' lang='lat' dir='ltr'>Quod</span> <span class='ocrx_word' id='word_1_119' title='bbox 846 1288 912 1336; x_wconf 89' lang='lat' dir='ltr'>semel</span> <span class='ocrx_word' id='word_1_120' title='bbox 926 1308 1001 1347; x_wconf 84' lang='lat' dir='ltr'>perce-</span> 
     </span>
     <span class='ocr_line' id='line_1_16' title="bbox 174 1357 1001 1420; baseline 0.001 -8"><span class='ocrx_word' id='word_1_121' title='bbox 174 1362 204 1412; x_wconf 71' lang='grc'>’15</span> <span class='ocrx_word' id='word_1_122' title='bbox 219 1372 279 1420; x_wconf 87' lang='lat' dir='ltr'>perat</span> <span class='ocrx_word' id='word_1_123' title='bbox 293 1359 390 1410; x_wconf 87' lang='lat' dir='ltr'>oblivisci</span> <span class='ocrx_word' id='word_1_124' title='bbox 406 1357 558 1409; x_wconf 88' lang='lat' dir='ltr'>difficillimum</span> <span class='ocrx_word' id='word_1_125' title='bbox 573 1373 625 1409; x_wconf 88' lang='lat' dir='ltr'>erat.</span> <span class='ocrx_word' id='word_1_126' title='bbox 641 1358 737 1409; x_wconf 91' lang='lat' dir='ltr'>Nomina</span> <span class='ocrx_word' id='word_1_127' title='bbox 753 1360 843 1420; x_wconf 86' lang='lat' dir='ltr'>quidem</span> <span class='ocrx_word' id='word_1_128' title='bbox 858 1362 886 1411; x_wconf 90' lang='lat' dir='ltr'>ad</span> <span class='ocrx_word' id='word_1_129' title='bbox 903 1361 925 1411; x_wconf 92' lang='lat' dir='ltr'>ll</span> <span class='ocrx_word' id='word_1_130' title='bbox 943 1361 1001 1412; x_wconf 88' lang='lat' dir='ltr'>milia</span> 
     </span>
     <span class='ocr_line' id='line_1_17' title="bbox 216 1430 1003 1495; baseline 0.003 -13"><span class='ocrx_word' id='word_1_131' title='bbox 216 1446 241 1483; x_wconf 88' lang='lat' dir='ltr'>ut</span> <span class='ocrx_word' id='word_1_132' title='bbox 256 1434 306 1482; x_wconf 90' lang='lat' dir='ltr'>data</span> <span class='ocrx_word' id='word_1_133' title='bbox 320 1446 381 1482; x_wconf 88' lang='lat' dir='ltr'>erant</span> <span class='ocrx_word' id='word_1_134' title='bbox 390 1430 514 1490; x_wconf 79' lang='lat' dir='ltr'>singulatim</span> <span class='ocrx_word' id='word_1_135' title='bbox 523 1432 641 1492; x_wconf 86' lang='lat' dir='ltr'>repetebat,</span> <span class='ocrx_word' id='word_1_136' title='bbox 650 1453 725 1482; x_wconf 90' lang='lat' dir='ltr'>versus</span> <span class='ocrx_word' id='word_1_137' title='bbox 734 1447 807 1483; x_wconf 91' lang='lat' dir='ltr'>autem</span> <span class='ocrx_word' id='word_1_138' title='bbox 816 1454 881 1494; x_wconf 89' lang='lat' dir='ltr'>supra</span> <span class='ocrx_word' id='word_1_139' title='bbox 890 1435 937 1490; x_wconf 87' lang='lat' dir='ltr'>CC,</span> <span class='ocrx_word' id='word_1_140' title='bbox 947 1455 1003 1495; x_wconf 88' lang='lat' dir='ltr'>quos</span> 
     </span>
     <span class='ocr_line' id='line_1_18' title="bbox 217 1504 1002 1565; baseline -0.003 -9"><span class='ocrx_word' id='word_1_141' title='bbox 217 1504 281 1556; x_wconf 85' lang='lat' dir='ltr'>variis</span> <span class='ocrx_word' id='word_1_142' title='bbox 296 1505 323 1554; x_wconf 93' lang='lat' dir='ltr'>de</span> <span class='ocrx_word' id='word_1_143' title='bbox 338 1504 402 1554; x_wconf 90' lang='lat' dir='ltr'>rebus</span> <span class='ocrx_word' id='word_1_144' title='bbox 415 1504 558 1565; x_wconf 86' lang='lat' dir='ltr'>condiscipuli</span> <span class='ocrx_word' id='word_1_145' title='bbox 570 1506 687 1560; x_wconf 84' lang='lat' dir='ltr'>traderent,</span> <span class='ocrx_word' id='word_1_146' title='bbox 701 1518 789 1565; x_wconf 88' lang='lat' dir='ltr'>repente</span> <span class='ocrx_word' id='word_1_147' title='bbox 802 1527 847 1565; x_wconf 87' lang='lat' dir='ltr'>quo</span> <span class='ocrx_word' id='word_1_148' title='bbox 855 1506 954 1556; x_wconf 86' lang='lat' dir='ltr'>audisset</span> <span class='ocrx_word' id='word_1_149' title='bbox 967 1526 1002 1555; x_wconf 58' lang='lat' dir='ltr'>orn</span> 
     </span>
     <span class='ocr_line' id='line_1_19' title="bbox 219 1577 1003 1639; baseline -0.003 -8"><span class='ocrx_word' id='word_1_150' title='bbox 219 1584 269 1633; x_wconf 87' lang='lat' dir='ltr'>dine</span> <span class='ocrx_word' id='word_1_151' title='bbox 283 1580 393 1629; x_wconf 80' lang='lat' dir='ltr'>recitabat.</span> <span class='ocrx_word' id='word_1_152' title='bbox 405 1579 484 1637; x_wconf 88' lang='lat' dir='ltr'>Neque</span> <span class='ocrx_word' id='word_1_153' title='bbox 493 1597 547 1626; x_wconf 81' lang='lat' dir='ltr'>vero</span> <span class='ocrx_word' id='word_1_154' title='bbox 558 1597 597 1637; x_wconf 87' lang='lat' dir='ltr'>per</span> <span class='ocrx_word' id='word_1_155' title='bbox 608 1577 678 1627; x_wconf 90' lang='lat' dir='ltr'>ullum</span> <span class='ocrx_word' id='word_1_156' title='bbox 689 1579 764 1628; x_wconf 88' lang='lat' dir='ltr'>aetatis</span> <span class='ocrx_word' id='word_1_157' title='bbox 776 1600 827 1629; x_wconf 93' lang='lat' dir='ltr'>suae</span> <span class='ocrx_word' id='word_1_158' title='bbox 838 1593 926 1639; x_wconf 88' lang='lat' dir='ltr'>tempus</span> <span class='ocrx_word' id='word_1_159' title='bbox 937 1592 1003 1638; x_wconf 84' lang='lat' dir='ltr'>atque</span> 
     </span>
     <span class='ocr_line' id='line_1_20' title="bbox 216 1651 1001 1716; baseline -0.006 -12"><span class='ocrx_word' id='word_1_160' title='bbox 216 1657 263 1716; x_wconf 87' lang='lat' dir='ltr'>ipso</span> <span class='ocrx_word' id='word_1_161' title='bbox 277 1655 300 1703; x_wconf 96' lang='lat' dir='ltr'>in</span> <span class='ocrx_word' id='word_1_162' title='bbox 315 1653 382 1707; x_wconf 89' lang='lat' dir='ltr'>senio,</span> <span class='ocrx_word' id='word_1_163' title='bbox 398 1672 450 1701; x_wconf 90' lang='lat' dir='ltr'>cum</span> <span class='ocrx_word' id='word_1_164' title='bbox 465 1651 566 1710; x_wconf 74' lang='lat' dir='ltr'>languere</span> <span class='ocrx_word' id='word_1_165' title='bbox 581 1651 675 1701; x_wconf 88' lang='lat' dir='ltr'>hominis</span> <span class='ocrx_word' id='word_1_166' title='bbox 691 1653 747 1700; x_wconf 91' lang='lat' dir='ltr'>vires</span> <span class='ocrx_word' id='word_1_167' title='bbox 763 1651 839 1707; x_wconf 88' lang='lat' dir='ltr'>solent,</span> <span class='ocrx_word' id='word_1_168' title='bbox 856 1652 885 1700; x_wconf 91' lang='lat' dir='ltr'>ita</span> <span class='ocrx_word' id='word_1_169' title='bbox 896 1651 1001 1701; x_wconf 84' lang='lat' dir='ltr'>beneficio</span> 
     </span>
     <span class='ocr_line' id='line_1_21' title="bbox 175 1723 1002 1783; baseline -0.01 -5"><span class='ocrx_word' id='word_1_170' title='bbox 175 1731 204 1778; x_wconf 81' lang='grc'>20</span> <span class='ocrx_word' id='word_1_171' title='bbox 219 1730 261 1777; x_wconf 87' lang='lat' dir='ltr'>isto</span> <span class='ocrx_word' id='word_1_172' title='bbox 275 1726 350 1776; x_wconf 89' lang='lat' dir='ltr'>firmae</span> <span class='ocrx_word' id='word_1_173' title='bbox 363 1745 387 1774; x_wconf 91' lang='lat' dir='ltr'>ac</span> <span class='ocrx_word' id='word_1_174' title='bbox 401 1736 518 1783; x_wconf 86' lang='lat' dir='ltr'>perpetuae</span> <span class='ocrx_word' id='word_1_175' title='bbox 532 1723 648 1772; x_wconf 89' lang='lat' dir='ltr'>memoriae</span> <span class='ocrx_word' id='word_1_176' title='bbox 662 1723 777 1773; x_wconf 86' lang='lat' dir='ltr'>destitutus</span> <span class='ocrx_word' id='word_1_177' title='bbox 792 1736 824 1771; x_wconf 90' lang='lat' dir='ltr'>est</span> <span class='ocrx_word' id='word_1_178' title='bbox 837 1723 898 1781; x_wconf 88' lang='lat' dir='ltr'>quod</span> <span class='ocrx_word' id='word_1_179' title='bbox 911 1742 956 1771; x_wconf 92' lang='lat' dir='ltr'>non</span> <span class='ocrx_word' id='word_1_180' title='bbox 969 1742 1002 1770; x_wconf 86' lang='lat' dir='ltr'>re-</span> 
     </span>
     <span class='ocr_line' id='line_1_22' title="bbox 185 1794 1002 1855; baseline -0.007 -6"><span class='ocrx_word' id='word_1_181' title='bbox 185 1829 187 1832; x_wconf 51' lang='grc'><strong>&lt;</strong></span> <span class='ocrx_word' id='word_1_182' title='bbox 220 1799 368 1849; x_wconf 87' lang='lat' dir='ltr'>minisceretur</span> <span class='ocrx_word' id='word_1_183' title='bbox 383 1815 458 1846; x_wconf 92' lang='lat' dir='ltr'>eorum</span> <span class='ocrx_word' id='word_1_184' title='bbox 477 1794 553 1844; x_wconf 91' lang='lat' dir='ltr'>saltem</span> <span class='ocrx_word' id='word_1_185' title='bbox 572 1815 627 1854; x_wconf 84' lang='lat' dir='ltr'>quae</span> <span class='ocrx_word' id='word_1_186' title='bbox 646 1809 683 1845; x_wconf 92' lang='lat' dir='ltr'>aut</span> <span class='ocrx_word' id='word_1_187' title='bbox 702 1815 757 1855; x_wconf 87' lang='lat' dir='ltr'>puer</span> <span class='ocrx_word' id='word_1_188' title='bbox 774 1809 812 1845; x_wconf 89' lang='lat' dir='ltr'>aut</span> <span class='ocrx_word' id='word_1_189' title='bbox 831 1807 905 1855; x_wconf 86' lang='lat' dir='ltr'>postea</span> <span class='ocrx_word' id='word_1_190' title='bbox 924 1794 1002 1844; x_wconf 84' lang='lat' dir='ltr'>florens</span> 
     </span>
    </p>

    <p class='ocr_par' dir='ltr' id='par_1_4' title="bbox 219 1870 433 1922">
     <span class='ocr_line' id='line_1_23' title="bbox 219 1870 433 1922; baseline -0.005 0"><span class='ocrx_word' id='word_1_191' title='bbox 219 1871 301 1922; x_wconf 89' lang='lat' dir='ltr'>viribus</span> <span class='ocrx_word' id='word_1_192' title='bbox 316 1870 433 1921; x_wconf 87' lang='lat' dir='ltr'>didicisset.</span> 
     </span>
    </p>

    <p class='ocr_par' dir='ltr' id='par_1_5' title="bbox 177 1941 1007 2803">
     <span class='ocr_line' id='line_1_24' title="bbox 261 1941 1003 2002; baseline -0.004 -11"><span class='ocrx_word' id='word_1_193' title='bbox 261 1943 308 1991; x_wconf 88' lang='lat' dir='ltr'>Sibi</span> <span class='ocrx_word' id='word_1_194' title='bbox 323 1945 389 1992; x_wconf 85' lang='lat' dir='ltr'>etiam</span> <span class='ocrx_word' id='word_1_195' title='bbox 403 1942 473 1991; x_wconf 90' lang='lat' dir='ltr'>docile</span> <span class='ocrx_word' id='word_1_196' title='bbox 496 1962 521 1991; x_wconf 88' lang='lat' dir='ltr'>ac</span> <span class='ocrx_word' id='word_1_197' title='bbox 544 1944 658 2002; x_wconf 87' lang='lat' dir='ltr'>copiosum</span> <span class='ocrx_word' id='word_1_198' title='bbox 681 1942 800 2001; x_wconf 78' lang='lat' dir='ltr'>ingenium,</span> <span class='ocrx_word' id='word_1_199' title='bbox 824 1942 866 1990; x_wconf 89' lang='lat' dir='ltr'>sibi</span> <span class='ocrx_word' id='word_1_200' title='bbox 890 1941 1003 1990; x_wconf 86' lang='lat' dir='ltr'>delectatio</span> 
     </span>
     <span class='ocr_line' id='line_1_25' title="bbox 219 2013 1003 2074; baseline -0.005 -8"><span class='ocrx_word' id='word_1_201' title='bbox 219 2017 300 2066; x_wconf 89' lang='lat' dir='ltr'>sciendi</span> <span class='ocrx_word' id='word_1_202' title='bbox 315 2028 374 2064; x_wconf 88' lang='lat' dir='ltr'>tanta</span> <span class='ocrx_word' id='word_1_203' title='bbox 389 2016 449 2074; x_wconf 88' lang='lat' dir='ltr'>quod</span> <span class='ocrx_word' id='word_1_204' title='bbox 464 2016 529 2065; x_wconf 88' lang='lat' dir='ltr'>etiam</span> <span class='ocrx_word' id='word_1_205' title='bbox 549 2037 600 2064; x_wconf 91' lang='lat' dir='ltr'>cum</span> <span class='ocrx_word' id='word_1_206' title='bbox 621 2029 673 2064; x_wconf 89' lang='lat' dir='ltr'>natu</span> <span class='ocrx_word' id='word_1_207' title='bbox 694 2015 762 2063; x_wconf 87' lang='lat' dir='ltr'>maior</span> <span class='ocrx_word' id='word_1_208' title='bbox 783 2025 838 2062; x_wconf 89' lang='lat' dir='ltr'>esset</span> <span class='ocrx_word' id='word_1_209' title='bbox 859 2026 880 2063; x_wconf 90' lang='lat' dir='ltr'>et</span> <span class='ocrx_word' id='word_1_210' title='bbox 901 2013 1003 2073; x_wconf 85' lang='lat' dir='ltr'>opinione</span> 
     </span>
     <span class='ocr_line' id='line_1_26' title="bbox 177 2087 1003 2148; baseline -0.006 -7"><span class='ocrx_word' id='word_1_211' title='bbox 177 2093 206 2141; x_wconf 82' lang='lat'>25</span> <span class='ocrx_word' id='word_1_212' title='bbox 221 2090 320 2140; x_wconf 90' lang='lat' dir='ltr'>omnium</span> <span class='ocrx_word' id='word_1_213' title='bbox 335 2088 472 2138; x_wconf 87' lang='lat' dir='ltr'>doctissimus</span> <span class='ocrx_word' id='word_1_214' title='bbox 499 2102 618 2147; x_wconf 86' lang='lat' dir='ltr'>putaretur,</span> <span class='ocrx_word' id='word_1_215' title='bbox 646 2109 759 2148; x_wconf 82' lang='lat' dir='ltr'>nunquam</span> <span class='ocrx_word' id='word_1_216' title='bbox 786 2100 897 2146; x_wconf 90' lang='lat' dir='ltr'>sperneret</span> <span class='ocrx_word' id='word_1_217' title='bbox 923 2087 1003 2146; x_wconf 86' lang='lat' dir='ltr'>peritos</span> 
     </span>
     <span class='ocr_line' id='line_1_27' title="bbox 220 2161 1002 2222; baseline -0.006 -9"><span class='ocrx_word' id='word_1_218' title='bbox 220 2164 326 2217; x_wconf 87' lang='lat' dir='ltr'>homines,</span> <span class='ocrx_word' id='word_1_219' title='bbox 341 2163 455 2221; x_wconf 85' lang='lat' dir='ltr'>presertim</span> <span class='ocrx_word' id='word_1_220' title='bbox 470 2161 618 2221; x_wconf 83' lang='lat' dir='ltr'>philosophos,</span> <span class='ocrx_word' id='word_1_221' title='bbox 635 2162 673 2222; x_wconf 85' lang='lat' dir='ltr'>qui</span> <span class='ocrx_word' id='word_1_222' title='bbox 689 2175 726 2210; x_wconf 91' lang='lat' dir='ltr'>aut</span> <span class='ocrx_word' id='word_1_223' title='bbox 741 2162 837 2220; x_wconf 88' lang='lat' dir='ltr'>legerent</span> <span class='ocrx_word' id='word_1_224' title='bbox 852 2174 889 2210; x_wconf 91' lang='lat' dir='ltr'>aut</span> <span class='ocrx_word' id='word_1_225' title='bbox 905 2161 1002 2219; x_wconf 87' lang='lat' dir='ltr'>disputa-</span> 
     </span>
     <span class='ocr_line' id='line_1_28' title="bbox 220 2228 1004 2294; baseline -0.006 -9"><span class='ocrx_word' id='word_1_226' title='bbox 220 2244 268 2285; x_wconf 80' lang='lat' dir='ltr'>r&#39;ent</span> <span class='ocrx_word' id='word_1_227' title='bbox 281 2235 364 2290; x_wconf 89' lang='lat' dir='ltr'>audire,</span> <span class='ocrx_word' id='word_1_228' title='bbox 380 2228 440 2294; x_wconf 87' lang='lat' dir='ltr'>quod</span> <span class='ocrx_word' id='word_1_229' title='bbox 455 2235 585 2284; x_wconf 86' lang='lat' dir='ltr'>existimaret</span> <span class='ocrx_word' id='word_1_230' title='bbox 600 2255 647 2284; x_wconf 90' lang='lat' dir='ltr'>esse</span> <span class='ocrx_word' id='word_1_231' title='bbox 661 2235 715 2283; x_wconf 90' lang='lat' dir='ltr'>nihil</span> <span class='ocrx_word' id='word_1_232' title='bbox 730 2235 817 2284; x_wconf 90' lang='lat' dir='ltr'>stultius</span> <span class='ocrx_word' id='word_1_233' title='bbox 827 2233 949 2293; x_wconf 77' lang='lat' dir='ltr'>quam‘non</span> <span class='ocrx_word' id='word_1_234' title='bbox 959 2233 1004 2282; x_wconf 83' lang='lat' dir='ltr'>dis-</span> 
     </span>
     <span class='ocr_line' id='line_1_29' title="bbox 220 2305 1007 2366; baseline -0.006 -9"><span class='ocrx_word' id='word_1_235' title='bbox 220 2327 268 2357; x_wconf 88' lang='lat' dir='ltr'>cere</span> <span class='ocrx_word' id='word_1_236' title='bbox 282 2308 334 2366; x_wconf 85' lang='lat' dir='ltr'>quia</span> <span class='ocrx_word' id='word_1_237' title='bbox 348 2308 387 2356; x_wconf 92' lang='lat' dir='ltr'>diu</span> <span class='ocrx_word' id='word_1_238' title='bbox 402 2307 520 2356; x_wconf 88' lang='lat' dir='ltr'>didicisset.</span> <span class='ocrx_word' id='word_1_239' title='bbox 532 2306 579 2356; x_wconf 89' lang='lat' dir='ltr'>Sibi</span> <span class='ocrx_word' id='word_1_240' title='bbox 591 2327 679 2366; x_wconf 83' lang='lat' dir='ltr'>quoque</span> <span class='ocrx_word' id='word_1_241' title='bbox 692 2307 805 2356; x_wconf 88' lang='lat' dir='ltr'>assiduitas</span> <span class='ocrx_word' id='word_1_242' title='bbox 821 2306 887 2356; x_wconf 90' lang='lat' dir='ltr'>studii</span> <span class='ocrx_word' id='word_1_243' title='bbox 903 2305 1007 2359; x_wconf 59' lang='lat' dir='ltr'>maximae</span> 
     </span>
     <span class='ocr_line' id='line_1_30' title="bbox 220 2378 1004 2438; baseline -0.001 -9"><span class='ocrx_word' id='word_1_244' title='bbox 220 2380 289 2429; x_wconf 92' lang='lat' dir='ltr'>nullas</span> <span class='ocrx_word' id='word_1_245' title='bbox 304 2380 363 2429; x_wconf 89' lang='lat' dir='ltr'>enim</span> <span class='ocrx_word' id='word_1_246' title='bbox 376 2379 481 2438; x_wconf 89' lang='lat' dir='ltr'>temporis</span> <span class='ocrx_word' id='word_1_247' title='bbox 496 2379 601 2438; x_wconf 88' lang='lat' dir='ltr'>perdendi</span> <span class='ocrx_word' id='word_1_248' title='bbox 614 2400 688 2430; x_wconf 87' lang='lat' dir='ltr'>causas</span> <span class='ocrx_word' id='word_1_249' title='bbox 701 2392 836 2429; x_wconf 89' lang='lat' dir='ltr'>consectatus</span> <span class='ocrx_word' id='word_1_250' title='bbox 849 2391 888 2428; x_wconf 89' lang='lat' dir='ltr'>est.</span> <span class='ocrx_word' id='word_1_251' title='bbox 902 2378 1004 2438; x_wconf 81' lang='lat' dir='ltr'>Negociis</span> 
     </span>
     <span class='ocr_line' id='line_1_31' title="bbox 178 2451 1004 2513; baseline -0.002 -10"><span class='ocrx_word' id='word_1_252' title='bbox 178 2456 207 2504; x_wconf 76' lang='lat'>30</span> <span class='ocrx_word' id='word_1_253' title='bbox 222 2453 311 2513; x_wconf 83' lang='lat' dir='ltr'>quidem</span> <span class='ocrx_word' id='word_1_254' title='bbox 325 2473 348 2501; x_wconf 90' lang='lat' dir='ltr'>se</span> <span class='ocrx_word' id='word_1_255' title='bbox 362 2452 540 2507; x_wconf 82' lang='lat' dir='ltr'>accommodavit,</span> <span class='ocrx_word' id='word_1_256' title='bbox 551 2473 596 2501; x_wconf 91' lang='lat' dir='ltr'>non</span> <span class='ocrx_word' id='word_1_257' title='bbox 606 2452 716 2502; x_wconf 91' lang='lat' dir='ltr'>demersit.</span> <span class='ocrx_word' id='word_1_258' title='bbox 726 2452 774 2501; x_wconf 88' lang='lat' dir='ltr'>Nec</span> <span class='ocrx_word' id='word_1_259' title='bbox 784 2451 822 2500; x_wconf 94' lang='lat' dir='ltr'>ulli</span> <span class='ocrx_word' id='word_1_260' title='bbox 833 2451 863 2500; x_wconf 90' lang='lat' dir='ltr'>rei</span> <span class='ocrx_word' id='word_1_261' title='bbox 874 2472 897 2500; x_wconf 91' lang='lat' dir='ltr'>se</span> <span class='ocrx_word' id='word_1_262' title='bbox 907 2472 1004 2511; x_wconf 87' lang='lat' dir='ltr'>unquam</span> 
     </span>
     <span class='ocr_line' id='line_1_32' title="bbox 220 2524 1003 2583; baseline -0.003 -8"><span class='ocrx_word' id='word_1_263' title='bbox 220 2527 274 2575; x_wconf 85' lang='lat' dir='ltr'>adeo</span> <span class='ocrx_word' id='word_1_264' title='bbox 288 2524 377 2574; x_wconf 87' lang='lat' dir='ltr'>tradidit</span> <span class='ocrx_word' id='word_1_265' title='bbox 392 2525 452 2583; x_wconf 86' lang='lat' dir='ltr'>quod</span> <span class='ocrx_word' id='word_1_266' title='bbox 466 2525 520 2573; x_wconf 91' lang='lat' dir='ltr'>nihil</span> <span class='ocrx_word' id='word_1_267' title='bbox 542 2526 690 2574; x_wconf 88' lang='lat' dir='ltr'>doctrinarum</span> <span class='ocrx_word' id='word_1_268' title='bbox 711 2526 775 2574; x_wconf 90' lang='lat' dir='ltr'>tacita</span> <span class='ocrx_word' id='word_1_269' title='bbox 797 2538 869 2574; x_wconf 88' lang='lat' dir='ltr'>mente</span> <span class='ocrx_word' id='word_1_270' title='bbox 890 2524 1003 2583; x_wconf 77' lang='lat' dir='ltr'>digereret.</span> 
     </span>
     <span class='ocr_line' id='line_1_33' title="bbox 222 2597 1003 2659; baseline -0.003 -10"><span class='ocrx_word' id='word_1_271' title='bbox 222 2600 253 2650; x_wconf 88' lang='lat' dir='ltr'>lta</span> <span class='ocrx_word' id='word_1_272' title='bbox 268 2598 327 2649; x_wconf 91' lang='lat' dir='ltr'>enim</span> <span class='ocrx_word' id='word_1_273' title='bbox 341 2619 364 2648; x_wconf 91' lang='lat' dir='ltr'>se</span> <span class='ocrx_word' id='word_1_274' title='bbox 379 2597 502 2658; x_wconf 90' lang='lat' dir='ltr'>composuit</span> <span class='ocrx_word' id='word_1_275' title='bbox 511 2619 603 2658; x_wconf 87' lang='lat' dir='ltr'>eamque</span> <span class='ocrx_word' id='word_1_276' title='bbox 611 2598 651 2648; x_wconf 91' lang='lat' dir='ltr'>sibi</span> <span class='ocrx_word' id='word_1_277' title='bbox 660 2598 730 2658; x_wconf 82' lang='lat' dir='ltr'>legem</span> <span class='ocrx_word' id='word_1_278' title='bbox 738 2597 825 2649; x_wconf 88' lang='lat' dir='ltr'>vivendi</span> <span class='ocrx_word' id='word_1_279' title='bbox 834 2597 927 2659; x_wconf 89' lang='lat' dir='ltr'>sumpsit</span> <span class='ocrx_word' id='word_1_280' title='bbox 936 2598 1003 2658; x_wconf 83' lang='lat' dir='ltr'>quod,</span> 
     </span>
     <span class='ocr_line' id='line_1_34' title="bbox 221 2670 1005 2732; baseline -0.003 -10"><span class='ocrx_word' id='word_1_281' title='bbox 221 2672 346 2731; x_wconf 85' lang='lat' dir='ltr'>ubicunque</span> <span class='ocrx_word' id='word_1_282' title='bbox 360 2685 422 2726; x_wconf 89' lang='lat' dir='ltr'>esset,</span> <span class='ocrx_word' id='word_1_283' title='bbox 436 2672 477 2720; x_wconf 91' lang='lat' dir='ltr'>sibi</span> <span class='ocrx_word' id='word_1_284' title='bbox 491 2673 577 2721; x_wconf 91' lang='lat' dir='ltr'>animus</span> <span class='ocrx_word' id='word_1_285' title='bbox 590 2673 645 2721; x_wconf 91' lang='lat' dir='ltr'>liber</span> <span class='ocrx_word' id='word_1_286' title='bbox 658 2693 683 2721; x_wconf 91' lang='lat' dir='ltr'>ac</span> <span class='ocrx_word' id='word_1_287' title='bbox 696 2693 748 2722; x_wconf 92' lang='lat' dir='ltr'>suus</span> <span class='ocrx_word' id='word_1_288' title='bbox 763 2678 825 2722; x_wconf 86' lang='lat' dir='ltr'>esset.</span> <span class='ocrx_word' id='word_1_289' title='bbox 839 2670 920 2722; x_wconf 87' lang='lat' dir='ltr'>Nullus</span> <span class='ocrx_word' id='word_1_290' title='bbox 933 2672 953 2721; x_wconf 90' lang='lat' dir='ltr'>ei</span> <span class='ocrx_word' id='word_1_291' title='bbox 966 2692 1005 2732; x_wconf 90' lang='lat' dir='ltr'>per</span> 
     </span>
     <span class='ocr_line' id='line_1_35' title="bbox 179 2743 1006 2803; baseline 0 -10"><span class='ocrx_word' id='word_1_292' title='bbox 179 2759 181 2761; x_wconf 78' lang='grc'><strong>’</strong></span> <span class='ocrx_word' id='word_1_293' title='bbox 220 2744 293 2793; x_wconf 89' lang='lat' dir='ltr'>ocium</span> <span class='ocrx_word' id='word_1_294' title='bbox 307 2743 353 2792; x_wconf 88' lang='lat' dir='ltr'>dies</span> <span class='ocrx_word' id='word_1_295' title='bbox 374 2743 444 2799; x_wconf 86' lang='lat' dir='ltr'>fluxit,</span> <span class='ocrx_word' id='word_1_296' title='bbox 465 2745 503 2793; x_wconf 90' lang='lat' dir='ltr'>sed</span> <span class='ocrx_word' id='word_1_297' title='bbox 523 2746 621 2793; x_wconf 90' lang='lat' dir='ltr'>noctium</span> <span class='ocrx_word' id='word_1_298' title='bbox 641 2746 706 2793; x_wconf 85' lang='lat' dir='ltr'>etiam</span> <span class='ocrx_word' id='word_1_299' title='bbox 725 2745 902 2794; x_wconf 87' lang='lat' dir='ltr'>brevissimarum</span> <span class='ocrx_word' id='word_1_300' title='bbox 921 2756 1006 2803; x_wconf 87' lang='lat' dir='ltr'>partem</span> 
     </span>
    </p>
   </div>
   <div class='ocr_carea' id='block_1_3' title="bbox 218 2884 503 2942">
    <p class='ocr_par' dir='ltr' id='par_1_6' title="bbox 218 2884 503 2942">
     <span class='ocr_line' id='line_1_36' title="bbox 218 2884 503 2942; baseline 0 -20"><span class='ocrx_word' id='word_1_301' title='bbox 218 2886 243 2922; x_wconf 88' lang='grc'>12.</span> <span class='ocrx_word' id='word_1_302' title='bbox 256 2884 296 2921; x_wconf 87' lang='lat' dir='ltr'>Sen.</span> <span class='ocrx_word' id='word_1_303' title='bbox 307 2885 383 2923; x_wconf 83' lang='lat' dir='ltr'>Controo.</span> <span class='ocrx_word' id='word_1_304' title='bbox 396 2885 473 2942; x_wconf 79' lang='lat' dir='ltr'>Ll&#39;rael.</span> <span class='ocrx_word' id='word_1_305' title='bbox 486 2887 503 2922; x_wconf 85' lang='lat'>2.</span> 
     </span>
    </p>
   </div>
   <div class='ocr_carea' id='block_1_4' title="bbox 220 2996 926 3054">
    <p class='ocr_par' dir='ltr' id='par_1_7' title="bbox 220 2996 926 3054">
     <span class='ocr_line' id='line_1_37' title="bbox 220 2996 926 3054; baseline 0.001 -10"><span class='ocrx_word' id='word_1_306' title='bbox 220 2996 239 3044; x_wconf 84' lang='grc'>5.</span> <span class='ocrx_word' id='word_1_307' title='bbox 253 2998 336 3054; x_wconf 72' lang='lat' dir='ltr'>plarata)</span> <span class='ocrx_word' id='word_1_308' title='bbox 351 3005 364 3045; x_wconf 83' lang='grc' dir='ltr'>ι’.</span> <span class='ocrx_word' id='word_1_309' title='bbox 377 3018 393 3045; x_wconf 87' lang='lat' dir='ltr'>r.</span> <span class='ocrx_word' id='word_1_310' title='bbox 406 2998 426 3045; x_wconf 92' lang='grc' dir='ltr'>Ο</span> <span class='ocrx_word' id='word_1_311' title='bbox 440 3009 506 3054; x_wconf 88' lang='lat' dir='ltr'>parata</span> <span class='ocrx_word' id='word_1_312' title='bbox 520 2998 543 3045; x_wconf 82' lang='lat' dir='ltr'>F.</span> <span class='ocrx_word' id='word_1_313' title='bbox 598 2999 631 3046; x_wconf 83' lang='grc'>24.</span> <span class='ocrx_word' id='word_1_314' title='bbox 645 3010 695 3045; x_wconf 81' lang='lat' dir='ltr'>esset</span> <span class='ocrx_word' id='word_1_315' title='bbox 709 3017 729 3047; x_wconf 85' lang='lat' dir='ltr'>m</span> <span class='ocrx_word' id='word_1_316' title='bbox 743 2999 759 3045; x_wconf 90' lang='lat' dir='ltr'>F</span> <span class='ocrx_word' id='word_1_317' title='bbox 773 3017 818 3046; x_wconf 79' lang='lat' dir='ltr'>sset.</span> <span class='ocrx_word' id='word_1_318' title='bbox 832 2998 896 3046; x_wconf 77' lang='lat' dir='ltr'>Sicco.</span> <span class='ocrx_word' id='word_1_319' title='bbox 925 3036 926 3040; x_wconf 67' lang='lat'>,</span> 
     </span>
    </p>
   </div>
   <div class='ocr_carea' id='block_1_5' title="bbox 0 0 1061 3253">
    <p class='ocr_par' dir='ltr' id='par_1_8' title="bbox 0 0 1061 3253">
     <span class='ocr_line' id='line_1_38' title="bbox 0 0 1061 3253; baseline 0 0"><span class='ocrx_word' id='word_1_320' title='bbox 0 0 1061 3253; x_wconf 95' lang='lat' dir='ltr'> </span> 
     </span>
    </p>
   </div>
  </div>
 </body>
</html>
