2093 3253
165 272 206 324 416
390 303 391 306 =
461 292 556 324 sicconis
570 291 691 323 notenronr
736 299 738 303 ⁴
777 282 779 287 “

180 433 182 436 ⁴
207 408 324 468 quisquam
334 406 401 466 quod,
413 407 445 456 uti
456 427 514 456 nunc
525 408 617 467 scriptae
627 417 678 474 sunt
689 428 714 456 ac
725 407 846 464 delimatae‚
854 408 884 457 ita
891 427 929 457 ‘eas
939 420 992 457 tunc

159 516 162 520 -
208 480 285 529 Cicero
293 479 393 538 punctim
401 478 483 528 habuit.
492 479 542 537 Egit
550 491 637 538 nanque
645 480 741 539 primum
749 500 831 535 causas,
842 480 920 530 deinde
927 493 993 541 atque

203 568 256 620 >turn
271 553 363 603 maxime
377 574 429 602 cum
441 553 514 602 ocium
529 553 614 602 adesset
629 552 689 603 illam
704 555 834 603 sententiam
849 567 870 604 et
885 555 993 605 actionem

208 627 321 681 deliniens,
334 626 424 680 addens,
436 626 536 674 minuens
546 626 635 674 arbitrio
648 648 689 675 suo
702 648 755 686 quas
766 627 865 676 videmus
879 628 993 684 orationes,

182 702 195 749 5
211 713 236 749 ut
250 712 321 748 essent
334 699 454 756 posteritati
467 698 542 747 lumen
554 718 579 747 ac
591 699 741 748 testimonium
754 707 867 748 causarum
877 698 994 748 illustrium

208 792 262 832 quas
277 771 361 830 egisset,
375 771 461 830 scripsit
473 791 498 818 ac
511 770 585 820 edidit.
600 771 647 819 Hac
659 772 682 819 in
695 790 725 827 re,
739 792 794 831 quae
807 772 874 820 dubia
886 791 933 820 esse
944 790 994 829 per-

209 845 283 895 multis
297 845 358 900 solet.
373 858 438 894 testes
453 866 493 894 nec
507 844 597 903 quidem
611 844 706 904 plebeios
720 844 835 902 adducam;
850 844 932 905 quippe
943 853 994 894 'ora-

208 920 291 966 tionem
306 919 328 964 in
344 917 462 964 Catilinam
470 938 517 964 esse
527 931 539 964 a
547 918 653 965 Cicerone
661 919 764 975 scriptam
771 924 914 975 posteaquam
921 919 993 965 invec-

209 1004 244 1041 tus
260 1002 315 1039 esset
330 989 400 1039 tradit
409 988 531 1038 Sallustius.
548 989 573 1038 ln
587 989 677 1039 Verrem
690 1003 764 1039 autem
777 1010 845 1049 pauca
859 1010 905 1038 esse
920 988 948 1038 ab
969 1010 994 1037 eo

162 1069 197 1116 ’10
212 1066 268 1115 dicta
283 1066 321 1113 sed
337 1064 404 1112 multa
422 1064 451 1112 ob
469 1084 522 1122 quas
541 1064 585 1112 dixi
603 1085 677 1112 causas
695 1064 774 1113 deinde
792 1064 871 1123 scripta
888 1063 995 1127 Asconius

210 1137 316 1187 Pedianus
332 1136 404 1185 refert.
425 1137 486 1185 ldem
505 1136 597 1184 affirmat
616 1136 705 1185 Plinius.
724 1137 799 1185 Addit
812 1157 900 1195 quoque
919 1136 993 1185 multa.

166 1233 168 1236 ·
211 1210 255 1260 Sed
270 1209 399 1258 Ciceronem
415 1208 494 1257 dixisse
515 1208 577 1267 plura
597 1229 648 1258 curn
671 1209 813 1268 egitcausas
837 1209 994 1268 quam'scrip-

149 1309 150 1312 ¹
210 1284 261 1333 serit
276 1295 350 1342 postea
364 1302 404 1341 pro
415 1282 521 1335 vVarreno⁵
537 1301 577 1340 pro
592 1282 692 1336 Murena,
708 1300 748 1341 pro
763 1282 872 1331 Cornellio
883 1293 994 1331 memorat.

210 1356 290 1416 Neque
304 1374 355 1405 vero
366 1355 444 1405 Cicero
455 1355 484 1403 ita
496 1355 626 1414 pretermisit
638 1354 696 1404 hunc
707 1356 780 1404 locum
791 1368 815 1404 ut
827 1355 937 1414 scripsisse
948 1374 995 1403 ora-

172 1432 197 1479 15
206 1432 282 1478 tiones
297 1447 335 1487 per
346 1429 419 1476 ocium
429 1448 454 1476 ac
469 1440 611 1486 posteaquam
626 1428 669 1486 egit
685 1448 759 1476 causas
775 1427 866 1476 lateatur
880 1447 995 1486 nusquam.

212 1503 260 1552 Hoc
271 1502 361 1561 quidem
371 1501 394 1549 in
404 1513 482 1560 quarto
492 1494 724 1555 Tusculanarumloc
734 1500 757 1550 in
768 1501 864 1549 secundo
875 1500 902 1549 de
912 1499 995 1549 Officiis

166 1603 168 1605 >
212 1576 275 1630 libro,
290 1576 331 1624 hoc
346 1575 426 1624 maiore
436 1575 458 1622 in
469 1574 559 1629 Catone,
570 1574 611 1623 hoc
621 1576 644 1622 in
654 1574 749 1633 epistolis
759 1574 788 1624 ad
797 1574 821 1623 P.
832 1574 957 1630 Lentulum,
968 1575 996 1622 ad

212 1650 243 1708 Q.-
249 1648 345 1702 fratrem,
352 1646 544 1705 *ad'Pom'ponium
550 1647 649 1696 Atticum
659 1648 752 1705 scripsit;
763 1647 804 1695 lioc
815 1646 891 1695 iecisse
902 1658 996 1695 oratores

211 1720 334 1780 complures
347 1721 370 1770 in
380 1720 449 1769 Bruto
459 1718 520 1768 dixit.
531 1719 604 1779 Atque
614 1719 669 1768 illud
679 1732 711 1768 est
722 1721 840 1778 cognitum,
851 1720 959 1768 actionem
968 1719 998 1767 ab

170 1796 199 1843 20
214 1794 310 1842 oratione
323 1794 352 1842 ita
368 1793 455 1841 differre
469 1793 583 1840 sententia·
598 1793 718 1850 peritorum
738 1792 799 1851 quod
818 1793 926 1840 actionem
949 1811 996 1840 esse

187 1906 189 1910 v
211 1879 285 1915 actum
300 1865 373 1925 ipsum
387 1864 465 1924 agendi
486 1883 579 1918 causam,
600 1866 720 1912 orationem
736 1883 787 1913 vero
804 1865 894 1913 actionis
911 1864 997 1912 habitae

212 1939 317 1997 scripturn
329 1938 452 1995 exemplum
467 1957 513 1986 esse
528 1937 642 1985 diffiniant.

254 2011 318 2060 Adde
332 2011 393 2070 quod
407 2010 519 2058 Ciceronis
536 2010 643 2058 orationes
660 2010 749 2068 intelligi
767 2031 818 2058 sane
835 2022 924 2069 possent
940 2030 997 2058 nunu

213 2104 286 2146 quarn,
302 2085 327 2140 si,
342 2084 374 2133 uti
389 2076 440 2133 sunt
455 2082 549 2133 dictione
564 2082 659 2131 laborata
673 2095 738 2142 atque
753 2102 843 2132 nervosa
857 2083 995 2147 compositae,

170 2162 198 2208 25
214 2160 337 2212 recitentur,
356 2159 470 2216 presertim
488 2157 589 2206 audiente
609 2157 755 2212 multitudine,
775 2159 797 2205 in
817 2177 860 2216 qua
880 2157 938 2206 docti
953 2155 998 2205 lor-

213 2245 269 2281 tasse
283 2231 374 2290 quidam
388 2230 427 2279 sed
439 2252 482 2282 non
495 2230 558 2279 multi
571 2240 657 2284 essent,
661 2249 710 2289 pars
722 2249 774 2279 vero
786 2230 879 2279 maxima
890 2242 927 2279 aut
939 2228 997 2278 nuda

213 2324 301 2363 prorsus
309 2316 347 2352 aut
357 2303 441 2352 erudita
451 2312 529 2361 parurn
539 2303 572 2350 his
583 2302 661 2351 litteris‘
670 2303 791 2351 baberetur.
798 2303 929 2353 'consideret
937 2304 997 2368 quis-

190 2409 192 2411 *
213 2396 255 2436 que
270 2396 345 2424 secum
360 2395 416 2434 quae
432 2374 544 2430 habentur·
554 2374 665 2424 Ciceronis
682 2376 789 2424 orationes
805 2376 912 2424 inauditas
918 2375 997 2424 ‘audiat

213 2448 304 2503 recitari,
315 2448 343 2497 sit
353 2449 435 2507 peritus
445 2448 538 2504 auditor,
550 2448 591 2497 hoc
601 2448 667 2497 velirn
678 2448 750 2504 modo,
762 2448 780 2496 si
791 2448 854 2507 plane
865 2469 909 2499 non
920 2446 998 2498 intelli·

100 2521 101 2524 ¹
171 2525 200 2572 30
215 2524 253 2582 git,
268 2521 366 2570 lateatur.
380 2522 462 2570 Rornae
475 2522 571 2579 quidem,
585 2534 609 2571 ut
622 2521 684 2570 claris
697 2522 719 2570 in
732 2522 855 2571 civitatibus
868 2522 929 2591 solet,
942 2522 998 2580 peri-

167 2683 169 2686 ·
208 2671 224 2708 9.
237 2669 277 2708 Sall,
290 2669 328 2708 Cat.
341 2669 399 2707 3l.6.
452 2670 477 2706 10.
490 2669 589 2707 Ρε,Αςοοη.
609 2670 655 2707 Verr.
669 2670 695 2707 'll
718 2671 731 2711 1,
749 2671 789 2713 Arg.
810 2672 834 2715 (p.
856 2670 887 2707 155
906 2654 951 2716 On),

175 2732 200 2768 ll.
213 2731 297 2774 Plinio.
311 2731 323 2767 1.
337 2730 365 2767 20.
379 2731 395 2771 7,
409 2731 425 2771 8.
443 2730 468 2767 10.
533 2731 558 2767 16.
571 2730 607 2768 Cic.
621 2732 666 2768 Tusc,
679 2731 708 2768 Νι
721 2731 750 2768 55.
811 2731 836 2768 ld,
849 2730 885 2768 Cic.
897 2731 933 2776 Off.
945 2731 966 2768 ll.
980 2730 999 2768 3.

175 2793 200 2830 17.
212 2793 248 2831 Cic.
262 2794 286 2831 De
299 2792 337 2829 Sea.
350 2792 379 2829 38.
440 2793 465 2829 17.
478 2792 514 2829 Cic.
526 2794 572 2844 Fani.
585 2792 598 2829 1.
611 2792 628 2829 9.
642 2792 673 2847 23.ι
732 2793 757 2830 18,
765 2782 806 2830 'cie
820 2792 841 2839 Q.
853 2794 881 2831 Fr.
894 2791 923 2830 lll.
939 2792 952 2829 1.
969 2791 999 2829 11.

175 2854 200 2889 18.
213 2852 248 2890 Cic.
261 2853 297 2889 Art.
311 2852 331 2889 lt
348 2853 361 2888 l.
374 2852 391 2891 3.
444 2852 469 2890 19,
483 2852 518 2890 Cic.
532 2854 578 2891 Brut.
591 2854 620 2890 91.

172 2939 312 2946 ...-.---—.-

172 3013 176 3045 J
216 2985 244 3030 16.
260 2985 290 3030 Ex
305 2994 441 3039 quarta-corr,
452 2983 486 3028 sed
499 2990 528 3028 ito
543 2983 593 3029 male
607 2994 629 3029 ur
643 2990 702 3030 etiam
716 3003 767 3030 nunc
778 2983 858 3038 facilius
867 2994 937 3039 quarta
946 2983 998 3037 tega-

173 3062 211 3096 rur.
266 3049 298 3096 23.
313 3052 343 3096 Ex
357 3051 450 3095 orationis
464 3069 514 3096 corr.
