2093 3253
239 201 372 243 SCRIPTORUM
386 212 515 248 {crustulum
528 223 543 228 -
557 212 615 242 LIBER
629 213 661 244 XV.
820 200 860 246 423

78 324 176 373 Romana
188 337 232 373 erat
245 324 329 373 colonia
342 324 428 375 Mutina
442 327 465 374 in
477 340 533 376 terra
548 326 607 375 ltalia
619 348 688 377 annos
700 342 750 378 ante
763 329 804 378 lroc
816 330 862 379 bet-

79 398 125 446 lum
140 397 198 447 haud
212 397 281 447 multo
294 398 367 457 plures
381 398 421 448 CL
435 399 534 450 deducta.
549 400 636 449 Litteris
654 415 728 451 autem
746 403 788 451 hoc
807 402 863 453 bello
888 460 889 465 Ἰ

81 467 179 517 solicitati
188 487 200 517 a
209 467 314 518 Cicerone
323 482 373 519 sunt
383 469 417 519 M.
426 469 507 519 Bmtus
514 483 539 519 ut
548 491 559 519 e
568 470 698 520 Macedonia
707 483 728 519 et
737 469 763 519 L.
773 469 863 520 Plancus

81 554 106 589 ut
122 562 134 589 e
150 541 221 589 Gallia
236 541 337 590 ulteriore
353 542 381 590 ad
396 542 533 592 liberandum
548 543 662 592 obsidione
678 543 707 592 D.
724 543 820 592 Brutum
832 542 864 591 le-

55 618 68 665 5
83 615 216 674 rendamque
232 635 297 674 opem
312 617 342 663 rei
357 616 456 675 publicae
471 637 522 665 cum
537 619 631 666 exercitu
646 637 712 676 quam
727 629 815 675 possent
830 637 869 664 ce·-

83 689 147 735 lerius
162 701 309 746 properarent.

126 760 207 821 Romae
222 773 296 809 autem
312 758 398 811 senatus
414 762 491 821 positis
506 763 569 821 togis,
586 764 618 812 uti
635 763 712 813 soleret
729 764 828 813 maximis
844 764 867 812 in

84 833 185 893 periculis
200 833 352 893 reipublicae,
368 834 459 884 militare
474 837 635 892 vestimentum,
651 838 711 895 quod
726 852 770 886 erat
785 836 868 886 lormae

87 907 204 966 quadratae
218 919 290 966 atque,
306 920 330 956 ut
345 907 397 963 dixi,
408 928 484 967 sagum
494 909 648 968 appellabatur,
660 911 760 969 sumpsit.
776 910 868 960 Senatus

47 984 72 1033 10
87 1001 175 1040 quoque
189 980 278 1028 tandem
292 979 397 1029 Cicerone
411 994 498 1031 auctore
513 1003 579 1041 quam
593 984 689 1041 primum
703 984 764 1034 licuit·
778 1002 816 1042 per
830 986 869 1033 tri-

86 1053 173 1101 bunum
188 1052 257 1112 plebis
273 1065 361 1101 vocatus
377 1067 417 1102 est.
433 1053 493 1102 Tum
508 1067 595 1113 patrum
610 1056 693 1104 animos
710 1055 793 1111 Cicero,
810 1057 870 1114 quod

87 1126 143 1185 lessi
152 1125 213 1174 malis
225 1125 351 1183 languerent
365 1138 431 1181 metu,
445 1139 466 1175 et
479 1127 560 1176 bonam
571 1128 600 1176 ad
612 1149 674 1187 spem
687 1129 833 1187 recuperande
845 1129 870 1177 li-

88 1199 177 1246 bertatis
193 1198 259 1245 erexit
275 1210 296 1245 et
311 1210 395 1247 certum
410 1200 439 1247 ad
454 1200 551 1248 studium
567 1201 711 1259 capescendae
727 1202 757 1249 rei
772 1201 872 1260 publicae

90 1291 149 1321 more
159 1271 251 1331 pristino
262 1271 376 1321 revocavit.
387 1271 447 1321 Fecit
458 1294 546 1333 quoque
556 1287 581 1322 ut
592 1295 604 1322 e
615 1274 720 1324 sententia
730 1295 769 1323 sua
779 1295 835 1334 quae
845 1274 873 1323 ab

51 1346 76 1394 15
92 1344 190 1399 Octavio,
203 1364 258 1403 quae
270 1344 376 1392 veteranis
387 1365 400 1393 a
412 1345 524 1401 militibus,
537 1367 593 1406 quae
604 1367 617 1394 a
629 1347 712 1404 legione
725 1348 812 1402 Martia,
818 1368 874 1406 quae

90 1439 102 1465 a
111 1417 195 1475 legione
204 1430 286 1476 quarta,
296 1438 352 1476 quae
360 1438 372 1466 a
382 1417 451 1466 Decio
460 1418 534 1475 Bruto,
544 1440 600 1478 quae
609 1421 656 1478 ipso
665 1440 677 1468 a
687 1419 791 1469 Cicerone
800 1434 874 1469 contra

77 1512 79 1517 ’
92 1492 126 1539 Μ.
140 1490 262 1539 Antonium
272 1502 330 1550 gesta
340 1503 407 1546 erant,
417 1511 442 1539 ea
452 1503 542 1541 senatus
549 1493 637 1542 haberet
647 1505 691 1542 rata
701 1495 785 1553 riteque
794 1515 819 1542 ac
829 1495 875 1543 iure

92 1563 148 1612 lacta
161 1583 207 1612 esse
220 1575 323 1618 censeret,
336 1564 472 1622 approbaret,
486 1565 589 1614 laudaret.
603 1565 653 1622 Quo
666 1564 781 1616 visum'est
794 1567 875 1614 nemini

93 1637 186 1684 dubium
198 1636 239 1684 hoc
251 1648 337 1684 senatus
349 1637 449 1685 consulto
461 1638 494 1686 M.
506 1638 628 1687 Antonium
639 1639 669 1686 rei
681 1638 780 1696 publicae
792 1639 877 1686 hostem

52 1711 80 1758 20
96 1730 142 1757 esse
157 1710 227 1757 tacitis
243 1710 354 1757 sententiis
371 1710 497 1758 iudicatum.
514 1711 619 1759 Prohibiti
635 1712 700 1760 etiam
720 1731 758 1769 per
779 1724 878 1759 senatum

95 1781 207 1830 Ciceronis
220 1782 358 1840 persuasione
373 1782 448 1831 fratres
463 1783 559 1838 Antonii,
576 1784 656 1833 Lucius
671 1797 693 1832 et
707 1783 780 1839 Caius,
794 1783 878 1842 ingredi

95 1854 173 1902 urbem
185 1866 243 1902 sunt.
257 1854 371 1903 Callenum
383 1869 463 1910 autem,
477 1858 577 1905 senatorii
590 1857 672 1905 ordinis
684 1857 762 1911 virum,
775 1856 836 1915 quod
847 1855 879 1903 la-

96 1939 183 1974 ventem
190 1927 287 1974 Antonio
295 1928 424 1976 sententiam
432 1929 455 1976 in
463 1943 538 1977 senatu
547 1931 635 1979 dixisset
643 1931 781 1979 audientibus
789 1930 880 1983 cunctis,

97 1996 158 2058 quasi
168 2011 224 2048 esset
239 1998 379 2058 reipublicae
390 2000 491 2051 defensor
501 2022 526 2051 ac
536 2015 623 2052 senatus
633 2016 705 2063 caput,
722 2002 798 2052 Cicero
809 2021 882 2052 severe

56 2074 91 2121 25-
99 2094 122 2121 ac
134 2074 225 2131 graviter
236 2074 361 2132 increpavit.
376 2076 518 2134 Approbante
533 2098 621 2136 quoque
632 2079 679 2135 ipso
690 2077 834 2130 Dolobelhm,
845 2097 882 2133 ge-

99 2166 176 2195 nerum
190 2167 261 2202 suum,
275 2168 342 2206 quern
355 2168 489 2207 magnoperev
498 2163 519 2197 et
532 2151 619 2200 laudare
633 2164 654 2198 et
667 2169 738 2197 amare
751 2150 835 2203 soleret,
849 2169 882 2195 se·

100 2232 162 2267 natus
171 2240 198 2267 ex
207 2220 312 2268 sententia
321 2219 349 2277 Q
360 2221 419 2270 Furii
429 2221 513 2270 bostem
522 2222 552 2270 rei
561 2222 661 2281 publicae
669 2222 779 2271 iudicavit.
788 2221 884 2270 Antonio

101 2292 190 2350 quidem
200 2293 282 2340 amicus
292 2314 319 2340 ex
328 2293 417 2341 inimico
426 2292 496 2342 lactus
506 2294 622 2349 Dolobella
631 2294 783 2343 vindicandam
792 2293 820 2342 ad
830 2292 884 2341 Cae-

101 2366 153 2412 saris
170 2385 245 2412 necem
260 2366 361 2423 vigilabat
376 2379 441 2426 atque
457 2367 483 2415 C.
499 2367 636 2415 Trebonium
651 2367 727 2416 fraude
740 2366 846 2414 occiderat
856 2378 884 2418 et,

61 2436 89 2484 30
104 2446 160 2495 quae
170 2438 200 2485 rei
211 2438 310 2496 publicae
320 2438 415 2496 parebat,
425 2438 510 2497 Syriam
518 2440 651 2498 provinciam
660 2439 790 2487 deturbaret.
799 2438 886 2496 Quippe

103 2509 213 2559 neminem
224 2509 300 2573 Cicero
311 2511 352 2559 sibi
363 2512 458 2560 amicum
469 2532 515 2560 esse
526 2512 615 2571 putabat
626 2512 664 2572 qui
675 2512 778 2561 libertatis
789 2510 887 2570 publicae

104 2583 205 2631 inimicus
215 2597 277 2632 esset.
287 2584 415 2633 Adductum
424 2605 476 2633 vero
485 2586 508 2633 in
518 2586 664 2643 suspicionem
674 2586 708 2633 Μ.
718 2586 817 2638 Brutum,
828 2584 889 2641 quod

105 2657 223 2704 exercitum
239 2657 375 2705 conscribere
391 2658 413 2705 in
431 2658 561 2706 Macedonia
578 2670 653 2706 contra
669 2677 715 2717 rem
731 2658 840 2717 publicam
856 2657 889 2705 di-

105 2743 196 2783 ceretur,
215 2731 339 2787 gravissime
357 2733 379 2778 in
398 2744 473 2779 senatu
491 2732 589 2779 defendit
608 2733 727 2790 docuitque
742 2731 804 2779 illum
821 2731 890 2778 haud-

64 2800 93 2847 35
108 2820 218 2860 quaquam
235 2803 379 2856 evertendam,
398 2815 422 2850 ut
439 2803 535 2850 dicerent
553 2804 648 2861 quidam,
667 2804 705 2850 sed
722 2803 891 2850 conservandam

112 2981 141 3027 l0.
156 3001 238 3037 quoque
252 3002 275 3030 ex
289 3001 336 3029 vero
350 3002 398 3029 corr.
457 2985 633 3030 l91Antoninum.
