2093 3253
239 186 369 219 scutatorum
383 185 509 216 lucustarum
522 196 535 202 -
550 184 609 216 arnan
623 184 668 214 rur.
823 169 864 215 373

110 318 111 321 ’
123 303 215 350 Litteras
229 321 280 350 vero
293 301 321 349 ad
336 300 471 358 magistratus
485 299 567 348 Romae
581 319 625 358 quo
639 299 661 346 in
676 311 732 346 statu
747 316 780 346 res
794 311 866 346 essent

80 377 186 426 nuncians
202 374 294 433 scripsit.
312 373 406 422 Litterae
423 393 512 431 quoque
528 379 579 421 sunt
595 393 607 420 a
624 371 707 425 Cassio,
725 372 763 429 qui
781 370 867 429 Syriam

81 449 199 501 obtinebat,
210 446 238 494 ad
248 445 346 494 consules
357 458 378 493 et
388 458 487 493 senatum
497 445 581 492 missae.
592 444 637 492 Sed
646 444 687 490 iste
697 442 867 502 haudquaquam

81 536 105 571 ut
120 534 165 571 erat
179 520 346 579 trepidationem
356 538 402 567 esse
413 518 508 566 hostium
518 517 612 566 adventu
623 517 661 565 sed
671 516 699 564 ab
709 537 735 565 eo
746 515 784 576 qui
794 517 867 566 venis-

55 598 67 646 5
83 608 131 643 sent
140 594 212 641 hostes
222 591 328 650 depulsos
332 611 357 638 ac
366 590 447 639 bellurn
456 589 580 638 conlectum
588 610 635 637 esse
643 589 725 637 scribit.
735 589 786 646 Quo
794 604 868 639 autem

69 668 118 716 die
133 665 250 719 Ciceronis,
268 664 344 713 eodem
360 662 416 712 forte
432 674 483 711 sunt
498 663 520 711 in
537 674 612 711 senatu
628 661 711 711 litterae
727 661 796 711 Cassii
813 665 868 712 reci-

82 754 144 789 tatae.
160 737 247 787 Auditis
260 738 358 796 utrisque
373 756 423 785 mox
436 735 561 785 acclamavit
575 748 661 785 senatus
675 735 812 785 credendum
826 737 867 785 mi·

83 813 141 861 nime
156 810 231 860 Cassio
244 810 283 858 sed
296 810 397 858 Ciceroni
410 830 463 862 esse,
478 810 538 866 quod
550 810 638 856 alterius
652 809 765 863 modestia,
779 810 868 857 alterius

62 905 64 908 ·
83 885 173 934 ambitio
189 895 239 932 nota
254 896 316 932 esset.

44 961 69 1011 10
127 957 227 1007 Exercitu
240 969 312 1005 autem
324 955 414 1004 collecto
427 975 451 1004 ac
464 954 573 1013 dispositis
586 976 641 1013 quae
653 957 681 1005 ad
694 975 768 1005 curam
780 956 870 1006 Ciliciae

82 1032 209 1084 attinebant,
219 1029 302 1083 Cicero,
312 1029 372 1087 quod
382 1029 471 1087 propius
479 1028 594 1076 adventare
602 1029 691 1077 Parthos
702 1030 793 1084 audiret,
802 1052 869 1088 quam

84 1103 182 1151 maximis
195 1102 266 1160 potuit
279 1101 392 1149 itineribus
405 1101 427 1148 in
441 1099 602 1158 Cappadociam
614 1101 726 1149 contendit
740 1122 780 1150 nec
792 1097 869 1159 procul

84 1176 158 1224 Tauro
171 1194 184 1222 a
198 1187 272 1223 monte
285 1174 344 1232 apud
358 1173 452 1221 Cibistra
466 1173 573 1231 'oppidum
587 1173 665 1221 locavit
678 1186 754 1236 castra:
769 1193 869 1233 percom-

84 1247 175 1297 modum
189 1246 247 1294 enim
261 1245 319 1294 hunc
333 1245 549 1294 locum'‘=existimavit
563 1265 616 1300 esse,
630 1237 692 1304 quod
705 1247 756 1294 inde
770 1246 835 1296 simul
849 1261 870 1295 et

32 1322 70 1370 ’15
87 1321 202 1368 hostesne
219 1319 323 1366 intrarent
342 1317 440 1366 Ciliciam
459 1316 561 1375 repellere
579 1328 600 1365 et
618 1317 779 1377 Cappadociam
797 1330 871 1379 tenere

85 1406 106 1441 et
121 1412 176 1440 nova
191 1389 299 1439 sociorum
313 1388 402 1438 consilia
413 1409 476 1450 posse
491 1389 596 1448 impedire
610 1403 712 1449 speraret.
722 1388 809 1440 ¹Interea
819 1412 871 1441 vero

85 1468 139 1513 dum
153 1466 191 1522 qui
206 1465 317 1522 praemissi
333 1476 393 1511 erant
408 1463 553 1521 exploratores
568 1476 593 1512 ut
608 1483 631 1512 se
646 1464 760 1512 certiorem
774 1462 870 1512 lacerent

47 1544 63 1562 ⁸
85 1538 175 1586 ubinam
190 1538 261 1585 hostes
277 1550 354 1591 essent,
370 1536 424 1594 quid
437 1549 531 1594 agerent,
547 1546 591 1595 ²quo
605 1537 725 1592 tenderent,
741 1549 870 1596 expectaret,

86 1630 123 1659 rex
132 1611 160 1658 ad
170 1629 221 1657 eum
230 1609 385 1657 Ariobarzanes
395 1608 461 1658 venit.
475 1608 494 1656 ls
505 1620 549 1657 erat
560 1628 586 1657 ex
595 1608 682 1666 regibus
692 1608 756 1657 Asiae
765 1608 819 1658 adeo
829 1608 872 1656 im-

46 1686 74 1732 20
88 1683 142 1741 perii
157 1682 249 1730 Romani
264 1683 346 1729 amicus
362 1694 383 1729 et
398 1683 495 1739 patribus
510 1694 582 1739 gratus
597 1694 622 1729 ut
637 1682 766 1729 nominatim
780 1681 872 1729 salutem

86 1756 132 1803 eius
142 1754 242 1803 Ciceroni
249 1754 317 1802 Roma
325 1754 469 1812 proficiscenti
478 1766 564 1801 senatus
573 1754 747 1803 commendatam
755 1774 802 1802 esse
809 1754 871 1803 iube-

87 1841 126 1878 ret.
142 1828 230 1887 Quippe
244 1826 272 1876 ad
286 1848 309 1875 se
323 1826 446 1876 venientem
460 1827 606 1885 regem'bunc
621 1827 698 1876 Cicero
713 1846 753 1886 pro
768 1827 873 1886 dignitate

72 1927 73 1930 ¹
87 1903 155 1948 amice
170 1922 194 1948 ac
209 1913 329 1948 reverenter
341 1900 432 1957 excepit.
446 1900 522 1957 lpsum
533 1913 606 1948 autem
618 1900 788 1957 haudquaquam
799 1900 871 1954 armis,

88 1974 148 2033 quod
162 1973 185 2022 id
198 1987 286 2032 tempus
299 1993 343 2021 non
356 1985 471 2031 pateretur,
486 1972 524 2021 sed
537 1993 582 2031 quo
594 1972 666 2031 potuit
679 1971 769 2039 consilio
782 1972 871 2028 adiuvit,

46 2047 73 2095 25
88 2061 154 2105 atque
168 2046 197 2094 ita
212 2045 294 2095 adiuvit
311 2046 371 2103 quod
387 2064 423 2094 rex
439 2046 485 2103 ipse
500 2045 590 2093 consilio
606 2042 720 2094 Ciceronis*
733 2065 785 2095 usus
801 2048 874 2105 posito

89 2126 148 2168 metu
164 2139 186 2167 se
201 2131 335 2168 conservaret
350 2119 373 2167 in
388 2138 454 2177 regno
465 2130 486 2165 et
497 2130 571 2166 contra
582 2114 717 2168 insidiatores
729 2140 795 2178 quarn
807 2119 873 2176 babe-

89 2204 121 2239 ret
136 2193 263 2249 dignitatem
275 2193 356 2249 regiam
368 2192 482 2239 obtineret.
606 2186 608 2189 ’

131 2264 211 2313 Hostes
225 2282 275 2313 vero
289 2265 370 2312 interea
384 2263 476 2312 movisse
490 2275 559 2312 castra
572 2267 594 2311 et
608 2264 719 2312 Amanum
732 2282 806 2311 versus
820 2281 874 2311 con·

89 2337 178 2385 tendere
189 2335 278 2385 allatum
289 2341 329 2385 est'.
342 2335 402 2384 Turn
414 2335 491 2385 Cicero
504 2335 625 2392 confestim,
639 2349 663 2385 ut
675 2345 700 2384 ea
713 2356 801 2396 quoque
813 2350 880 2395 parte,

49 2409 77 2454 30
92 2410 198 2457 resisteret
209 2429 237 2457 ne
247 2429 308 2457 suam
322 2404 455 2467 provinciam
468 2410 578 2463 intrarent,
590 2428 657 2468 quam
667 2409 732 2468 paulo
744 2420 794 2457 ante
804 2410 875 2457 nomi-

90 2482 138 2529 navi
146 2482 224 2530 urbem
232 2481 339 2536 Thermon,
348 2481 517 2531 inde‘Amanum
528 2482 572 2530 cito
582 2482 668 2541 agmine
679 2481 794 2530 advolavit.
807 2481 875 2530 Mons

89 2566 121 2601 est
136 2555 233 2603 Amanus
244 2575 295 2603 curn
305 2554 391 2612 populis
402 2568 450 2603 tum
461 2554 610 2613 magnitudine
620 2554 718 2603 celebris.
729 2554 815 2613 Syriam
825 2555 875 2612 qui-

91 2626 141 2673 dem
155 2639 204 2674 tum
214 2645 320 2684 aquarum
333 2627 425 2676 divortio
437 2646 449 2674 a
462 2625 538 2675 Cilicia
550 2626 667 2675 dividebat.
681 2626 756 2675 Castra
768 2645 819 2675 vero
831 2648 876 2686 quo

89 2821 108 2864 4.
123 2821 148 2866 ab
151 2854 182 2865 .....
197 2820 289 2874 depulsos
307 2826 319 2865 ι’.
333 2839 349 2865 r.
364 2821 454 2874 (primum
472 2820 586 2868 vocabulum
601 2830 644 2867 erat
662 2822 744 2878 hostes).
801 2822 832 2868 12.
846 2824 877 2869 Ex

52 2881 185 2941 Capadociam
199 2905 247 2933 corr.
262 2886 305 2941 (sed
315 2886 441 2940 Cappadocia
454 2894 474 2932 tn
488 2886 557 2937 indice,
572 2888 628 2933 nulla
641 2894 757 2933 correctione
772 2887 877 2943 attitiae).

50 2946 83 2993 3l.
100 2950 130 2997 Ex
144 2952 254 3007 Tausona)
268 2959 334 2997 statim
348 2971 397 2996 corr.
425 2993 426 2996 ,
579 2954 580 2957 '
