2093 3253
246 158 376 189 scnrnronuu
390 153 515 189 uuusrnruu
528 168 543 175 -
557 157 615 188 ururn
628 158 682 188 vnn.
839 143 875 189 251

92 295 161 335 equus
179 274 295 331 ademptus
314 286 354 321 est.
373 273 445 321 Huius
464 292 515 339 uero
533 273 606 327 frater,
626 273 650 321 P.
669 272 744 330 Scipio
759 271 878 321 'lllri'canus

91 347 196 405 superior,
204 365 262 393 anno
270 358 320 394 ante
328 345 436 394 Catonem
443 363 556 393 censorem
563 346 702 403 designatum
709 345 753 393 vita
760 343 877 393 defunctus

93 434 144 472 erat.

80 556 81 559 Ἴ
132 493 215 542 Senatu
232 506 307 541 autem
324 506 399 540 exacto
418 491 544 550 singulatim
561 492 656 551 reliquos
675 493 699 540 in
717 491 804 540 ordines
822 492 879 539 itum
915 529 918 532 .

66 571 79 620 5
93 580 132 616 est.
142 566 190 613 Nec
200 565 254 612 ordo
263 565 381 623 quisquam
390 582 467 622 expers
475 565 572 613 censoria
581 577 633 613 nota
641 563 691 612 luit.
702 565 785 613 Modus
799 564 881 611 deinde-

92 640 138 689 istis
158 659 170 687 a
190 636 317 686 censoribus
337 650 370 686 est
390 634 507 686 mulierum
526 649 654 686 ornamento
674 636 745 687 datus.
765 635 878 686 Absolutis

92 728 144 763 vero
159 730 216 770 quae
230 710 371 768 corrigendos
386 709 415 758 ad
429 709 522 758 civitatis
539 728 609 761 mores
625 709 765 768 pertinerent,
780 709 889 758 animum·

93 800 193 832 censores
205 782 312 830 flexerunt
324 781 412 840 publica
424 781 453 829 ad
464 799 531 839 opera
542 781 640 835 locanda,
652 794 678 829 ut
690 801 715 829 ea
727 781 885 850 exedificarent*

93 877 149 917 quae
159 870 180 904 et
191 854 274 914 populo
285 854 401 904 commoda
411 867 433 903 et
443 854 525 903 civitati
536 854 609 903 decori
620 868 700 903 essent.
716 853 777 904 Tum
792 853 880 904 basilica

56 934 80 982 10
95 930 193 980 dedicata
203 941 242 982 est,
254 948 321 987 quarn
332 927 392 977 nullo
403 940 501 976 veterum
511 926 611 986 exemplo
622 927 677 976 Cato
688 928 771 985 primus
783 926 888 977 omnium

95 1004 177 1051 Rornae
193 1000 287 1049 lamiliae
304 1021 355 1049 suae
372 1022 384 1048 e
401 1001 490 1048 nomine
506 999 630 1058 appellavit.
648 999 679 1048 Ea
695 1001 786 1059 quidem
806 1001 882 1049 Porcia

96 1076 152 1124 dicta
168 1086 208 1123 est.
224 1072 333 1123 Columna
348 1085 393 1122 erat
408 1074 431 1121 in
447 1092 472 1121 ea
487 1072 579 1121 Mennis
594 1073 683 1121 nomine
703 1072 816 1132 appellata.
837 1073 882 1135 Qui

95 1149 154 1197 enim
170 1146 243 1195 solum
260 1146 360 1196 basilicae
377 1146 497 1212 dedicanda
514 1146 620 1201 vendidit,
638 1146 656 1193 is
673 1147 762 1204 nomifne
776 1147 881 1195 Mennius

95 1220 215 1279 appellatus
232 1233 265 1268 est
281 1221 360 1277 iusque
377 1219 489 1266 habendae
506 1218 620 1266 columnae
637 1231 701 1276 pacto
718 1220 802 1276 excepit
823 1220 882 1267 unde

58 1294 81 1343 15
97 1293 138 1340 sibi
158 1292 277 1350 liberisque
297 1292 342 1339 suis
361 1310 387 1338 ac
406 1291 498 1349 posteris
519 1290 621 1338 omnibus
642 1290 787 1347 gladiatorum
802 1311 882 1339 munus

98 1378 195 1424 spectare
208 1364 290 1414 liceret.
302 1363 365 1421 Quae
376 1376 450 1413 autem
461 1376 513 1412 sunt
526 1362 560 1411 his
571 1383 583 1411 a
596 1362 722 1424 censoribus
734 1377 788 1419 acta,
801 1384 826 1412 ea
843 1385 882 1422 po·

98 1437 163 1496 pulus
178 1449 245 1494 grata,
261 1437 301 1485 sed
316 1436 367 1484 odio
382 1435 484 1484 nobilitas
500 1435 584 1484 habuit.
600 1435 679 1483 Catoni
694 1448 767 1484 tamen
783 1436 812 1484 ob
827 1436 883 1484 bene

99 1531 124 1558 ac
133 1528 206 1558 severe
216 1522 299 1567 gestam
308 1520 422 1557 censuram
431 1528 552 1566 cognomen
562 1520 635 1556 ortum
643 1520 668 1556 ut
678 1507 757 1557 deinde
770 1509 880 1557 censorius

99 1576 227 1643 appelletur.
247 1582 295 1631 Sibi
313 1601 402 1640 quoque
420 1594 491 1629 statua
509 1580 628 1629 consularis
647 1582 754 1630 maiorum
772 1600 832 1630 more
856 1583 883 1630 de

59 1658 86 1704 20
100 1655 189 1714 publico
199 1655 299 1712 perpetui
310 1655 399 1702 honoris
410 1674 474 1702 causa
484 1655 507 1701 in
522 1653 605 1711 templo
620 1653 696 1701 locata.
707 1653 796 1703 Titulus
811 1668 885 1703 autem

98 1728 167 1777 inciso
176 1727 248 1786 lapide
258 1727 291 1775 his
300 1727 372 1776 verbis
381 1727 506 1785 inscriptus:
517 1743 526 1766 ί(
535 1726 590 1774 Rem
599 1726 721 1774 Romanam
734 1727 885 1786 prolabentem

101 1814 121 1849 et
135 1801 158 1848 in
173 1799 268 1848 deterius
281 1817 367 1848 versam
380 1798 436 1847 Cato
450 1811 534 1846 creatus
548 1817 624 1846 censor
639 1798 804 1847 modestissimis
822 1799 885 1854 insti·

97 1874 158 1927 tutis,
167 1872 255 1931 optimis
264 1872 361 1920 moribus
369 1892 394 1919 ac
401 1872 522 1929 praeceptis
529 1871 647 1929 pristinum
654 1872 677 1919 in
685 1871 759 1920 locum
766 1873 867 1921 restituit.
877 1889 887 1913 >t

101 1938 181 1994 Catoni
194 1957 265 1993 statua
279 1944 331 1993 haec
344 1957 404 2002 grata
418 1944 508 2002 quidem
522 1944 562 1992 sed
575 1943 639 2001 longe
652 1944 733 2001 gratior
745 1944 822 1993 titulus
836 1944 886 2000 luit,

59 2019 86 2067 25
101 2019 162 2077 quod
174 2031 257 2066 statuae
269 2018 338 2066 honos
351 2018 439 2066 daretur
451 2017 533 2072 multis,
545 2016 635 2066 titulum
647 2035 698 2072 vero
711 2037 786 2076 parem
798 2019 886 2068 haberet

100 2114 172 2141 nemo.

143 2164 221 2213 Factus
233 2183 285 2213 vero
296 2165 340 2212 iam
350 2177 419 2211 aetate
430 2183 495 2211 senex
506 2163 562 2211 Cato
573 2164 596 2211 in
606 2162 703 2211 Africam
719 2164 830 2221 protectus
846 2179 885 2219 est.

103 2238 181 2285 missus
193 2257 206 2284 a
218 2236 302 2295 populo
314 2237 413 2284 Romano
425 2237 508 2294 legatus
521 2236 667 2284 dirimendam
678 2237 706 2284 ad
718 2236 779 2285 litem
791 2257 847 2296 quae
859 2239 887 2285 de

101 2310 181 2358 finibus
193 2309 254 2366 regni
267 2310 384 2358 Masinisse
396 2329 447 2357 cum
460 2308 668 2366 Carthaginensibus
680 2321 727 2356 orta
742 2324 805 2358 esset.
822 2310 887 2358 Tunc
907 2363 909 2366 ,

60 2383 89 2431 30
102 2383 192 2443 quidem
206 2381 360 2441 Carthaginem
374 2375 483 2440 ingressus
497 2381 529 2431 vir
548 2381 730 2441 prudentissimus
744 2382 888 2432 consideravit

104 2455 277 2513 magnitudinem
291 2455 359 2509 urbis,
375 2455 519 2503 consideravit
535 2453 698 2502 multitudinem
717 2455 801 2512 populi,
816 2457 888 2504 consi·
946 2444 949 2451 Ι

102 2528 184 2578 deravit
192 2527 375 2586 magnificentiam
383 2540 477 2582 senatus,
485 2526 628 2576 consideravit
639 2525 711 2581 verba,
718 2526 798 2582 vultus,
804 2527 888 2578 animos

101 2602 226 2661 principum
236 2615 302 2661 atque
312 2601 409 2660 percepit
419 2619 482 2659 aegre
493 2599 540 2648 illos
551 2599 608 2648 lerre
619 2619 642 2648 se
652 2620 664 2649 a
675 2599 778 2649 Romanis
795 2614 816 2649 et
831 2601 889 2650 bello

102 2668 213 2733 superatos
223 2687 244 2721 et
253 2675 345 2732 imperio
354 2674 456 2731 spoliatos
466 2694 513 2721 esse
521 2673 671 2731 praeviditque
680 2674 803 2722 coniectura
812 2675 890 2722 urbem

106 2864 136 2908 13.
150 2862 280 2917 (dedicante
301 2857 389 2909 vendidit
410 2868 423 2905 i.
438 2880 461 2913 r.;
483 2871 526 2906 erar
548 2860 668 2906 dedicandae
687 2865 754 2916 veniit.
809 2865 843 2908 29.
859 2866 890 2910 Ex

65 2925 119 2975 Tum
133 2948 182 2988 corr,
