2093 3253
169 224 209 270 210
470 238 561 269 sicconis
575 239 691 269 nonaurour

207 356 272 402 'orsus
287 374 313 401 ex
328 353 403 402 ordine
411 373 484 402 rerum
490 374 516 402 ac
523 368 647 413 temporum
655 355 682 403 ad
690 353 809 403 Traianum
817 375 886 413 usque
894 361 991 415 progredi

211 439 232 474 et
246 427 360 485 complecti
369 426 448 484 ¹omnia
462 426 582 485 pollicetur.

253 497 302 547 Hoc
317 518 404 559 quoque
413 499 435 547 in
445 499 521 549 ordine
529 498 590 549 adest
599 499 752 549 memorandus
762 498 788 550 C.
797 499 914 550 Suetonius
923 500 992 553 Tran-

211 572 298 632 quillus,
313 592 392 630 nempe
406 573 448 621 isto
462 573 485 621 in
500 592 577 631 genere
591 573 684 632 scriptor
697 574 802 631 egregius.
817 574 890 623 Rebus
905 576 993 633 quidem

185 647 197 695 5
213 646 382 705 haudquaquam
392 659 431 699 est,
442 659 467 694 ut
477 644 574 700 Tacitus,
585 647 692 705 copiosus.
704 645 813 712 Memorat
824 647 882 695 enim
893 646 992 698 Caesares

211 731 309 778 uterque,
324 718 363 768 sed
377 737 454 777 genere
467 719 497 768 ita
510 731 561 768 sunt
575 719 627 768 varii
641 732 707 787 atque
720 718 834 768 dissimiles
849 720 909 780 quod
922 739 992 773 rerum

211 792 247 841 ille
259 806 357 851 tempora
369 813 394 839 ac
406 793 500 850 copiose,
514 793 549 841 hic
562 793 644 851 speeies
657 794 723 842 modo
735 813 760 842 ac
772 794 868 852 quodam
880 793 922 842 sub
934 815 992 844 com-

212 866 292 925 pendio
301 878 451 925 prosequatur.
461 864 585 914 Duodecim
595 865 712 916 Caesarum
721 865 786 914 huius
794 866 929 924 appellantur
938 867 993 916 libri.

214 938 262 987 Iulii
277 958 364 997 nanque
377 937 473 986 Caesaris
486 957 511 985 ac
523 938 661 996 sequentium
673 958 700 986 ex
712 938 787 986 ordine
805 938 929 998 principum
941 939 992 988 vitas

174 1014 200 1061 l0
210 1014 237 1072 in
245 1011 400 1062 Domicianum
407 1030 477 1070 usque
484 1010 570 1070 collegit
578 1024 599 1060 et
609 1020 664 1070 quae
669 1010 697 1061 ab
707 1010 748 1060 illis
762 1024 820 1070 gesta
833 1022 884 1061 sunt
892 1014 993 1062 memoria

212 1086 284 1144 digna.
294 1106 319 1134 ea
328 1084 404 1135 ordine
412 1097 434 1134 et
442 1084 532 1134 arbitrio
541 1106 581 1133 suo
590 1085 629 1134 sed
637 1097 712 1134 ornate
720 1085 811 1143 quidem
819 1097 947 1143 prosecutus
955 1100 992 1135 est.

254 1157 331 1208 Tacito
340 1158 410 1206 minor
418 1170 486 1206 aetate
494 1157 584 1214 paulum
592 1157 709 1205 Suetonius
717 1157 766 1205 luit.
775 1157 911 1205 Florescebat
918 1157 993 1206 Tacito

212 1231 282 1291 prima
291 1230 360 1291 pubes
370 1249 421 1280 curn
430 1241 498 1280 mater
507 1228 613 1279 infantem
623 1223 755 1279 Suetonium
762 1229 873 1280 enutriret.
883 1227 953 1280 Natus
963 1245 993 1280 est

212 1304 352 1364 Tranquillus
364 1302 452 1352 Nerone
463 1303 599 1362 imperatore.
610 1302 667 1352 Patri
679 1324 759 1353 nomen
770 1302 797 1353 C.
809 1303 913 1353 Suetonio
924 1303 993 1352 Tran-

174 1379 199 1426 l5
215 1377 289 1436 ouillo,
303 1378 395 1435 dignitas
413 1394 464 1425 vero
477 1376 594 1425 consularis
607 1375 656 1424 fuit.
670 1375 757 1434 Nempe
769 1377 802 1424 vir
814 1376 994 1433 prudentissimus

212 1463 272 1508 pater
287 1463 308 1497 et
323 1468 401 1508 corpus
415 1449 443 1497 ad
458 1448 556 1498 militaria
568 1462 590 1497 et
601 1450 713 1506 ingenium
724 1449 752 1498 ad
763 1448 843 1497 litteras
855 1449 993 1497 commodum

213 1522 295 1572 habuit.
310 1522 426 1581 Scripsisse
446 1535 507 1580 pater
527 1521 593 1570 libros
614 1521 641 1570 de
664 1521 801 1570 Institutione
817 1519 952 1575 Officiorum,
968 1521 994 1568 de

214 1596 336 1646 lllustribus
353 1595 507 1655 Scriptoribus,
525 1595 552 1644 de
563 1594 658 1645 Historia
675 1595 768 1644 Ludicra
783 1594 858 1644 lertur.
874 1593 995 1643 Nominum

212 1683 285 1717 tamen
299 1667 400 1717 identitas
418 1668 508 1716 suadere
527 1667 659 1726 quibusdam
677 1667 731 1715 solet
749 1681 774 1715 ut
793 1688 848 1726 quos
867 1666 942 1716 dicunt
960 1666 993 1714 alii

172 1743 200 1791 20
215 1742 306 1802 scriptos
317 1762 363 1792 esse
373 1761 386 1790 a
396 1754 457 1801 patre
467 1740 541 1797 libros,
558 1741 646 1791 eosdem
662 1741 703 1800 ipsi
714 1761 726 1790 a
737 1740 781 1790 filio
792 1739 900 1800 prolectas
911 1752 996 1800 putent.

215 1816 239 1864 ln
254 1815 331 1864 litteris
339 1827 399 1874 pater
408 1814 440 1863 vir
450 1815 526 1863 doctus
535 1813 577 1863 luit
586 1828 607 1863 et
617 1835 671 1872 quos
681 1815 746 1863 dabat
759 1827 812 1863 tunc
821 1814 890 1862 Roma
904 1815 994 1863 honores

212 1887 356 1946 amplissimos
367 1886 450 1934 habuit.
461 1886 541 1934 Exacta
551 1887 641 1944 quidem
651 1887 766 1934 Pisoniana
776 1886 942 1944 conspiratione,
954 1906 993 1944 qua

213 1960 272 2009 Nero
283 1960 389 2009 crudelior
401 1979 467 2019 quam
478 1960 608 2008 metuentior
618 1958 688 2009 tactus
698 1960 812 2009 Lucanum
822 1973 916 2025 poetam,
928 1960 994 2009 Sene-

212 2053 260 2081 cam
269 2033 369 2082 Stoicum
377 2030 492 2085 interfecit,
502 2032 538 2080 hic
547 2032 611 2080 simul
620 2045 642 2079 et
652 2033 678 2080 L.
688 2031 810 2080 Tolosanus
819 2052 836 2079 a¹
846 2031 935 2081 Nerone
944 2052 994 2079 con·

171 2106 198 2154 25
214 2104 271 2153 sules
281 2105 385 2163 designati
395 2116 445 2153 sunt
455 2117 476 2153 et
485 2124 525 2152 suo
538 2105 561 2153 in
570 2104 683 2153 consulatu
697 2104 817 2153 Antistium
826 2104 949 2158 Sosianum,
959 2103 995 2161 qui

212 2191 268 2225 esset
279 2191 342 2237 poeta
354 2177 442 2225 minime
453 2177 558 2225 obscurus
574 2176 613 2224 sed
623 2176 646 2224 in
656 2176 768 2225 Neronem
778 2196 827 2225 vere
842 2177 915 2235 potius
931 2196 995 2235 quam

212 2250 320 2310 sapienter
332 2249 436 2310 probrosa
448 2249 543 2298 carmina
555 2247 679 2305 lectitasset,
692 2248 755 2298 exilio
768 2249 933 2299 mulctaverunt.
946 2249 995 2297 Post

213 2322 325 2373 Neronem
333 2342 391 2379 vero,
401 2344 451 2372 cum
461 2323 511 2372 hinc.
521 2322 598 2377 Galba,
612 2323 664 2371 inde
673 2322 739 2378 Otho,
750 2336 859 2381 postremo
870 2323 960 2372 Vitelius
970 2322 995 2369 de

212 2397 304 2454 imperio
316 2408 470 2449 concertarent,
488 2396 585 2453 partibus
602 2395 697 2444 Othonis
708 2394 761 2444 lavit
773 2408 795 2443 et
807 2396 845 2453 qui
857 2394 932 2443 consul
944 2392 996 2441 luis¹

171 2469 200 2518 30
215 2482 246 2519 set
261 2470 321 2529 prius
333 2489 391 2519 nunc
411 2468 475 2518 rebus
490 2468 578 2517 mutatis
593 2467 709 2518 tribunicio
722 2481 811 2517 munere
822 2480 936 2517 contentus
949 2464 996 2514 luit.

217 2542 330 2591 Tribunus
346 2541 412 2600 igitur
428 2541 521 2590 militum
536 2542 614 2590 terciae
627 2539 723 2589 decimae
733 2541 823 2598 legionis
831 2539 929 2590 interluit
942 2558 996 2597 pug-

212 2635 252 2664 nae
272 2635 315 2674 qua
331 2612 422 2663 Vitelius
438 2612 550 2662 Othonem
564 2612 623 2671 apud
638 2613 776 2668 Placentiam,
792 2614 901 2662 civitatem
919 2610 996 2663 ltaliae,

212 2687 328 2746 superavit.

254 2761 335 2810 Aderat
344 2759 420 2810 eadem
429 2761 452 2808 in
461 2781 533 2819 pugna
542 2760 575 2810 vir
584 2759 680 2816 illustris,
686 2761 788 2809 Paulinus
794 2761 920 2815 Suetonius,
930 2759 967 2818 qui
976 2768 996 2803 et

171 2835 199 2882 35
215 2833 272 2881 bello
283 2845 304 2881 et
314 2832 391 2882 litteris
402 2832 470 2880 clarus
482 2844 537 2881 esset
547 2852 572 2880 ac
583 2833 741 2882 vetustissimus
752 2832 899 2881 consularium
909 2830 997 2890 gloriam

214 3012 244 3056 18.
259 3006 356 3064 1ιίεῐο(τία)
371 3014 384 3054 ι’.
400 3028 414 3054 r.
