2093 3253
261 140 390 169 scurronum
404 138 528 168 uuusrmuu
540 149 555 157 —
564 138 626 169 arser
641 139 667 168 iv.
838 124 874 169 137

94 256 178 314 saepius
193 274 233 301 suo
247 272 314 311 quam
327 250 397 299 alieno
407 250 508 309 ponebat
519 249 633 298 Beneficiis
644 249 811 299 obliviscebatur
821 271 878 299 nun-

94 348 168 388 quam.
181 325 296 376 Amicicias
310 336 392 383 quanto
407 337 489 382 poterat
505 323 576 372 officio
591 322 727 378 observabat,
743 322 819 371 obesse
831 323 877 371 cui-

94 420 160 459 quam
174 396 270 455 fugiebat
284 409 308 446 ut
323 409 422 445 mortem*
437 395 496 452 Quas
511 396 552 445 sibi
567 395 676 445 intulisset
691 395 808 455 quisquam
822 395 878 444 iniu-

94 474 135 524 rias
150 471 247 521 modeste
256 468 345 525 ferebau
355 489 390 517 eas
401 489 513 529 nunquam
523 468 619 518 vindicta
629 467 668 517 sed
679 468 781 527 patientia
791 481 812 516 et
823 467 878 516 obli-

69 548 82 598 5
98 547 160 595 vione
179 543 274 592 sedabat.

136 617 227 664 Divitias
241 634 305 672 supra
319 615 374 662 vitae
388 615 537 662 necessitatem
551 633 591 672 pro
606 627 662 662 statu
677 635 724 667 suo,
739 634 791 661 cum
804 626 877 671 posset

94 689 175 749 amplas
186 688 271 742 babere,
282 687 418 745 contempsit.
430 685 550 735 Famulicio
561 687 647 735 modico
659 707 713 735 usus
723 700 762 735 est.
776 685 878 734 Famulus

95 763 172 811 hebere
187 759 267 809 multos
282 759 360 818 quietis
376 759 489 808 inimicum
504 779 550 808 esse
561 759 656 808 dicebat.
673 759 751 808 Mense
763 772 878 817 apparatus

95 835 166 883 nullus
181 845 226 881 erat
240 831 315 880 festus.
331 832 381 879 Cibi
396 832 493 889 vulgares
509 844 530 879 et
545 832 667 890 quotidiani
683 832 805 889 placebant·
819 845 878 879 stans

59 911 83 958 10
97 927 160 966 saepe
174 905 271 960 cenabat,
286 904 364 953 edebat
379 923 449 963 parce,
464 904 553 953 bibebat
568 906 657 963 partius.
673 905 738 954 Sirim
753 905 804 953 vino
818 905 878 953 tenui

67 1021 69 1025 ,
95 980 133 1028 sed
147 999 202 1037 aqua
219 979 303 1036 saepius
320 978 465 1035 extinguebat.
482 977 617 1027 Vescebatur
635 978 754 1035 plurimum
771 977 878 1025 fructibus

95 1053 204 1101 arborum.
219 1050 263 1099 Ter
279 1050 320 1115 sibi
338 1051 360 1098 in
378 1050 500 1098 ebdomada
515 1051 545 1099 ita
560 1051 666 1099 ieiunium
681 1050 790 1116 indicebat
805 1063 830 1098 ut
844 1049 877 1097 bis

95 1122 248 1172 communibus
258 1121 320 1176 cibis,
331 1122 397 1170 semel
409 1141 464 1180 pane
474 1133 560 1170 tantum
573 1133 594 1170 et
609 1141 665 1181 aqua
681 1121 758 1179 frigida
774 1133 877 1170 uteretur.
946 1125 948 1129 ’

96 1196 295 1245 Commensationes
304 1194 417 1254 opulentas
425 1207 447 1242 et
455 1194 580 1253 splendidas
589 1196 655 1243 etiam
663 1196 719 1243 inter
727 1195 808 1250 amieos
817 1194 880 1242 dam·

59 1271 83 1323 l5
98 1269 169 1317 nabat.
180 1268 296 1316 Convivari
305 1268 402 1315 modeste
411 1267 512 1315 laudabat
520 1288 560 1315 nec
569 1267 644 1316 cibum
654 1268 672 1315 si
683 1268 754 1326 potuit
764 1267 810 1315 sine
819 1267 878 1315 socio

96 1360 192 1399 unquam
207 1339 306 1399 sumpsit.
325 1338 479 1387 Gratulabatur
496 1359 581 1394 summe
599 1340 617 1386 si
634 1332 668 1386 ad
680 1359 777 1387 mensam
794 1339 877 1386 sedenti

95 1412 214 1461 amicorum
228 1413 343 1471 quisquam
357 1433 384 1460 ex
397 1412 505 1471 insperato
519 1412 621 1462 venisset.

70 1526 74 1531 .
134 1485 225 1534 „Iuvenis
240 1484 298 1534 haud
311 1483 405 1532 multum
417 1485 440 1532 in
453 1484 565 1533 libidinem
578 1505 659 1543 pronus
674 1485 726 1535 tuit.
745 1485 822 1533 Filiam
840 1485 879 1532 ha-

96 1557 150 1612 buit,
163 1578 190 1605 er
203 1577 245 1617 qua
259 1570 360 1616 nepotem
373 1576 398 1605 ac
411 1576 515 1614 generum
527 1558 579 1606 vidi.
595 1557 708 1607 Feminam
720 1576 772 1606 vero
785 1557 878 1616 propriis

57 1630 213 1679 tonantibus
229 1629 263 1687 (ut
278 1630 324 1679 eius
340 1631 464 1679 testimonio
479 1651 504 1679 ac
519 1630 590 1696 verbis
606 1630 663 1688 utar)
678 1630 784 1680 illustrem
799 1631 879 1680 amavit

96 1723 187 1752 summe.
203 1704 285 1752 laurea
296 1703 348 1753 baec
359 1705 446 1752 nomine
459 1703 582 1753 vocabatur.
596 1704 643 1753 Nec
653 1717 823 1753 consentaneum
833 1716 878 1753 erat

97 1777 213 1842 quicquam
228 1776 295 1834 magis
303 1795 369 1834 quam
376 1788 400 1825 ut
409 1776 515 1825 lauream
522 1788 585 1834 poeta
592 1788 645 1826 tunc
652 1775 782 1826 laureandus
789 1788 879 1827 amaret.

97 1847 141 1897 Sed
155 1844 190 1897 illa
199 1862 292 1897 mortem
300 1847 354 1897 obiit
363 1861 442 1907 presto.
454 1847 502 1907 lpse
511 1868 562 1898 vero
571 1848 593 1897 in
602 1869 670 1909 annos
679 1849 767 1898 veniens
776 1868 823 1897 sese
831 1848 877 1897 die·

96 1922 136 1970 tim
150 1922 179 1970 ita
191 1921 300 1971 cohercuit
312 1934 337 1971 ut
348 1921 497 1973 castimoniam
508 1921 564 1970 vitae
575 1921 697 1971 custodisse
709 1942 774 1970 nemo
787 1921 878 1980 diligen-

58 1993 83 2040 25
98 1994 141 2042 tius
155 1994 270 2042 videretur.

138 2065 214 2115 Somni
224 2079 297 2115 autem
307 2064 349 2115 tuit
359 2066 503 2125 parcissimus
514 2067 635 2116 dormiebat
647 2085 803 2127 saepenumero
813 2067 877 2116 vesti·

96 2150 138 2194 tus,
154 2140 224 2188 media
237 2158 322 2198 semper
335 2138 451 2198 exurgebat
464 2152 534 2190 nocte.
548 2139 609 2189 Tum
621 2153 671 2189 ante
685 2142 764 2195 omnia,
778 2152 803 2189 ut
816 2140 877 2189 cleri·

66 2259 68 2266 ἱ
97 2231 147 2280 cum
161 2212 230 2267 decet,
238 2224 319 2260 attente
327 2233 352 2260 ac
360 2213 437 2261 devote
446 2213 545 2261 divinum
553 2214 679 2262 absolvebat
687 2213 790 2267 officium,
799 2214 878 2261 deinde

97 2304 147 2334 suos
161 2285 189 2334 ad
203 2284 269 2334 libros
276 2305 392 2335 conversus
399 2297 436 2334 aut
443 2285 549 2335 scribebat
556 2298 593 2336 aut
600 2285 684 2345 legebat
691 2308 747 2346 quae
754 2286 878 2335 ordinatum

58 2356 86 2409 3„ss
99 2358 126 2406 ad
141 2359 238 2407 studium
252 2358 395 2416 pertinebant.
413 2359 439 2407 ld
454 2379 519 2418 quam
535 2359 628 2408 maxime
643 2360 702 2409 omni
718 2373 786 2409 aetate
796 2360 884 2414 vitavit·

68 2476 69 2480 ,
98 2449 125 2478 ne
139 2430 242 2489 temporis
257 2431 374 2490 quicquam
388 2432 503 2480 amitteret.
522 2431 609 2491 Quippe
628 2445 649 2481 et
667 2433 754 2482 vivendi
772 2433 878 2481 rationem
940 2482 942 2492 Ἴ,

97 2503 202 2560 optimam
223 2515 244 2551 et
265 2501 376 2561 ingenium
397 2524 551 2562 quamcunque
571 2505 599 2553 ad
621 2506 741 2554 doctrinam
763 2505 878 2564 placuisset

68 2680 70 2683 .
109 2647 137 2684 20.
151 2648 169 2684 ln
181 2649 217 2685 cod.
236 2648 300 2693 Vergilii
318 2649 425 2686 Petrarcbano
443 2664 486 2687 nunc
508 2651 524 2686 in
541 2651 580 2688 bibl.
597 2652 706 2689 Ambrosiana
725 2661 818 2689 conservato
837 2652 877 2697 (vid.

57 2702 124 2749 Nathan,
137 2723 163 2751 op.
176 2710 210 2751 cit,
223 2709 243 2750 ll.
256 2725 273 2753 1>-
286 2709 333 2756 23⁶)-

59 2777 196 2792 Q,—

108 2829 128 2874 4.
141 2830 252 2886 parientia)
266 2838 278 2876 i.
294 2851 309 2875 r.
368 2833 397 2877 ll.
411 2834 441 2879 Ex
455 2834 521 2886 sepius
536 2853 586 2879 corr.
655 2834 684 2880 ll.
698 2836 820 2882 Vescebatur
834 2843 847 2882 i.
863 2856 878 2881 r.

60 2890 88 2942 l5,
103 2895 225 2956 (m)od(este)
240 2904 257 2964 i.¹
269 2917 298 2951 r„
341 2898 371 2949 19..
385 2910 457 2952 nepote
470 2900 489 2945 O
504 2901 630 2953 nepoteO?³
