2093 3253
131 197 158 241 80
456 211 552 250 sicconis
566 212 685 244 roituronr

174 325 220 374 iure
235 325 355 376 dividerent
365 326 478 382 triumviri,
489 347 540 376 curn
550 327 703 377 Cremonensis
713 347 758 377 non
767 327 882 384 sufficeret,
893 326 959 391 Mau·
1039 346 1044 361 ²

174 412 266 447 tuanum
280 401 418 462 coherentem
431 400 511 448 finibus
524 401 657 449 adiecerunt.
671 400 731 449 Tum
744 404 794 449 vero
808 402 846 459 qui
861 400 911 463 Mar
1024 395 1047 465 Ῐ]

175 484 219 519 erat
234 472 355 536 Mantuano
369 472 391 519 in
404 490 455 530 agro
469 471 555 520 relictus
569 472 611 520 sibi
624 493 637 521 a
650 485 711 531 patre
723 472 805 531 fundus
819 473 883 522 Arrio
896 473 959 523 datus

175 558 214 613 est.
229 545 339 596 Ductabat
351 546 438 597 ordines
452 546 492 597 iste
505 560 527 596 et
540 545 635 597 militum
647 545 747 597 lortunae
760 547 882 597 humilioris
895 561 961 607 caput

148 619 161 666 5
176 632 228 667 erat.
243 619 307 676 Maro
320 620 385 676 igitur
397 620 470 667 animo
482 639 552 677 aeger,
566 621 627 676 quod
639 640 662 667 se
677 621 772 668 innocuo
786 618 824 679 qui
840 634 896 668 esset
911 640 961 679 ager

174 710 226 738 suus
241 692 302 750 quasi
325 690 404 750 praeda
420 690 503 739 hostilis
521 684 589 740 militi'
600 691 663 741 datus
680 705 735 741 esset
751 712 792 741 nec
807 692 867 751 apud
882 693 960 741 trium·

174 763 231 811 viros
241 765 362 812 remedium
370 764 483 824 inveniret,
493 763 592 822 confugit
601 764 701 814 Romam.
710 765 838 813 Amicorum
846 765 877 813 ibi
887 764 960 815 lavore

174 836 254 886 litteras
264 838 387 903 impetravit
397 837 477 896 quibus
487 837 616 896 ademptum
625 837 667 886 sibi
677 837 772 887 landum
782 839 865 887 restitui
875 838 960 888 iuberet
1014 872 1016 874 ·

175 909 260 958 Caesar.
281 910 326 958 Has
345 910 416 970 ferens
435 910 516 958 litteras
535 931 612 968 magna
631 930 682 959 cum
701 931 739 969 spe
758 913 899 970 recuperandi
915 914 959 969 agri

136 983 162 1030 {0
177 982 292 1032 Mantuam
307 984 377 1033 rediit.
388 983 433 1032 Sed
443 985 574 1043 contempsit
584 983 664 1033 litteras
675 983 737 1033 miles
748 997 813 1043 atque
823 998 911 1043 poetam
921 1005 960 1046 sua

174 1056 289 1106 instantius
303 1069 437 1117 repetentem
451 1076 563 1117 aggressus
576 1056 725 1114 interfecisset,
740 1058 762 1108 ni
777 1058 833 1117 pede
847 1058 910 1108 celeri
924 1057 960 1108 lu·

175 1131 235 1187 giens
250 1130 360 1179 Mincium
371 1130 454 1178 llumen
466 1132 591 1188 proximum
603 1145 716 1179 enatasset.
729 1129 808 1189 Neque
820 1150 871 1179 vero
885 1132 961 1179 Maro*
1030 1132 1036 1191 vj

175 1223 226 1265 nem
240 1203 338 1252 occidere
352 1202 439 1251 difficile
454 1216 506 1257 erat,
522 1203 582 1261 quod
596 1203 633 1250 ille
648 1202 709 1251 miles
724 1215 821 1251 assuetus
836 1205 909 1257 armis,
925 1203 960 1251 hic
1031 1211 1038 1255 [⁵

175 1289 260 1336 togatus
277 1289 343 1336 atque
360 1276 448 1325 inermis
462 1289 524 1331 esset,
538 1296 578 1325 nec
591 1295 625 1324 res
638 1276 711 1335 lingua
723 1276 762 1325 sed
775 1297 841 1325 manu
854 1289 876 1325 et
888 1277 960 1336 gladio
1033 1303 1041 1317 >-

136 1350 161 1399 15
176 1364 282 1409 ageretur.
297 1350 412 1399 Praedium
428 1350 517 1408 quidem
533 1349 594 1398 miles
610 1350 686 1398 datum
696 1349 737 1398 sibi
759 1363 783 1398 ut
798 1351 907 1408 premium
917 1352 961 1400 vir·

174 1424 216 1472 tuti
225 1444 250 1472 ac
259 1424 309 1473 lidei
319 1444 370 1473 suae
379 1423 479 1475 debitum
487 1423 596 1479 tuebatur,
607 1423 670 1472 Maro
680 1435 752 1472 autem
762 1423 822 1482 quod
831 1443 896 1472 suum
905 1438 961 1472 esset
1037 1423 1044 1429 ⁶

175 1496 303 1552 hereditario
312 1497 359 1543 iure
368 1517 393 1543 ac
402 1495 478 1545 litteris
488 1494 585 1544 Caesaris
595 1496 712 1556 repetebat.
725 1496 750 1544 ln
760 1510 852 1545 aetatem
861 1497 905 1546 iam
914 1515 961 1546 cre·

174 1583 234 1618 verat
243 1569 314 1619 Maro.
324 1570 411 1628 Nempe
419 1589 487 1617 annos
496 1582 544 1617 tum
553 1569 621 1617 lerme
630 1582 679 1618 octo
689 1582 710 1618 et
718 1569 762 1618 XX
771 1569 854 1627 agebat.
864 1569 909 1619 Sed
917 1571 961 1620 vir«

174 1656 210 1693 tus
222 1664 260 1693 sua
271 1643 367 1693 illumin
380 1642 438 1692 diem
450 1642 535 1701 cognita
547 1642 621 1702 paucis
633 1657 685 1693 erat.
697 1642 800 1702 Denique
811 1643 894 1692 litterae
905 1665 961 1703 quae

134 1718 163 1766 20
177 1717 273 1766 laverent
288 1717 329 1781 sibi
338 1715 399 1765 nihili
408 1716 477 1764 laetae
486 1728 543 1764 sunt.
553 1716 646 1763 Proinde
655 1733 752 1764 reversus
760 1715 789 1764 ad
798 1715 912 1764 Caesarem
921 1717 962 1764 ite-

175 1809 224 1839 rum
235 1791 273 1848 qui
284 1790 373 1838 aderant
382 1790 467 1837 amicosv
475 1788 570 1837 faventes
581 1808 606 1837 ac
617 1789 728 1847 propicios
739 1789 822 1837 habuit.
835 1789 896 1837 Favit
905 1808 961 1837 nan·

176 1862 269 1920 quesibi
279 1862 305 1911 C.
316 1862 426 1916 Mecenas,
437 1861 489 1910 lavit
499 1861 621 1910 Cornellius
632 1861 715 1916 Gallus,
725 1861 778 1910 lavit
786 1861 875 1909 Asinius
885 1861 960 1916 Pollio,
1030 1887 1032 1890 ·

175 1933 229 1983 lavit
242 1933 330 1982 Varrus.
341 1932 408 1982 Erant
419 1933 440 1981 bi
452 1933 549 1991 primarii
560 1933 619 1991 apud
631 1932 745 1982 Caesarem
755 1951 830 1981 omnes
842 1945 864 1981 et
874 1945 961 1992 poetam

176 2006 262 2065 quantis
272 2019 370 2065 poterant
379 2004 480 2054 laudibus
489 2005 628 2054 extollebant.
638 2005 740 2065 Denique
749 2003 831 2054 lactum
840 2017 873 2054 est
882 2005 961 2060 horum

135 2080 163 2129 25
178 2079 322 2138 benivolentia
337 2091 358 2127 et
371 2077 443 2126 lavore
453 2077 513 2137 quod
523 2078 595 2127 minus
604 2097 663 2140 arma
673 2098 739 2137 quam
748 2077 831 2126 litterae
840 2077 961 2129 valuerunt.

177 2152 285 2211 Demptos
299 2152 388 2211 quidem
402 2171 452 2200 suos
466 2151 547 2209 recepit
560 2170 622 2209 agros
637 2150 720 2213 Maro.⁴
876 2208 877 2212 Ἰ

218 2225 291 2283 Atque
301 2225 379 2273 deinde
390 2223 475 2272 Caesari
486 2224 585 2282 cognitus
595 2224 655 2272 brevi
665 2224 796 2282 singularem
805 2224 852 2272 eius
861 2224 890 2273 ad
899 2223 962 2273 beni«

159 2339 160 2342 η
177 2298 293 2348 volentiam
302 2310 323 2347 et
332 2296 498 2357 familiaritatem
507 2297 573 2345 venit.
583 2296 714 2346 Octavianus
720 2297 861 2346 interamicos
867 2309 962 2346 amatos-

177 2392 220 2430 que
235 2371 336 2419 babuisse
345 2369 461 2427 Virgilium
470 2369 536 2417 tradit
546 2369 596 2418 Sex.
606 2369 714 2418 Aurelius.
724 2369 776 2418 Erat
790 2370 880 2428 quidem
895 2369 962 2422 Octa-

135 2444 164 2494 30
178 2444 254 2493 vianus
268 2443 291 2492 in
306 2443 381 2492 litteris
390 2443 503 2502 presertim
512 2443 609 2491 oratoriis
618 2462 643 2492 ac
652 2442 725 2492 metris
734 2441 838 2492 iaciendis
848 2442 906 2492 haud
915 2463 962 2492 me·

177 2517 278 2567 diocriter
292 2517 397 2567 eruditus.
414 2516 506 2566 Litteras
521 2516 582 2566 enim·
595 2516 660 2567 caluit
675 2536 760 2566 summe
774 2530 840 2576 atque
855 2516 961 2576 benignus

141 2632 143 2634 .
177 2609 227 2650 erga
237 2591 318 2650 peritos
329 2609 394 2648 supra
405 2609 480 2638 omnes
491 2587 640 2648 luit.'Quippe
651 2590 759 2648 superavit
770 2603 859 2638 cunctos
871 2589 911 2638 hae
921 2590 961 2638 ista

177 2662 200 2711 in
214 2662 278 2712 laude
291 2676 357 2722 atque
370 2662 400 2710 ita
413 2661 522 2721 superavit
535 2674 560 2711 ut
573 2661 619 2711 eius
632 2659 712 2718 lavore,
726 2662 799 2721 gratia,
814 2661 897 2720 premio
910 2681 961 2710 suos

172 2833 200 2872 29.
212 2833 253 2872 Aur.
265 2833 307 2873 Via.
319 2832 363 2879 Epa.
378 2834 393 2871 1.
408 2831 436 2870 16.

137 2933 280 2940 -—--—-—.

175 2988 194 3035 2.
203 2989 351 3046 (aldi(ecerunt)
359 2987 589 3044 i.r.;eratadiiecerunt?
636 2988 669 3036 33.
675 2988 734 3036 Maro
738 2998 780 3044 post
786 2987 844 3035 laude
849 2977 912 3036 errore
916 3008 962 3036 sacr.
