2093 3253
435 241 528 273 SICCONIS
542 242 663 274 POLENTONI

152 393 154 395 ψ
179 376 249 404 mores
264 377 288 405 ac
304 356 382 410 studia;
395 355 469 404 vident
481 356 539 414 pacis
551 356 706 423 iocundissima
718 356 786 404 officia
799 369 820 404 et
832 356 964 414 amplissima

154 464 156 466 ·
179 443 311 484 ornamenta
326 428 400 477 vident
413 427 521 475 bellorum
532 441 596 482 artes,
609 428 711 486 pericula,
724 442 821 482 eventus;
834 428 909 477 vident
921 450 964 488 qua
1024 448 1038 470 ῑ

180 502 301 560 prudentia,
313 522 356 560 qua
367 502 476 558 gravitate,
488 522 532 559 quo
544 521 610 556 more,
623 501 703 559 quibus
714 501 816 555 consiliis,
829 521 871 558 qua
882 502 964 552 ratione
1024 517 1039 565 ξ

179 576 286 632 sapientes
305 586 326 623 et
345 574 397 621 boni
416 575 516 622 vixerunt
534 574 582 627 viri;
602 575 677 622 vident
696 575 831 631 perditorum
850 573 965 623 bominum

153 649 165 698 5
181 647 313 696 atrocissima
325 645 411 701 scelera;
424 646 498 702 vident
511 646 606 705 denique
618 651 750 706 quocunque
763 646 785 694 in
798 665 875 705 genere
887 660 909 695 et
921 648 964 696 vir·

179 722 232 770 tutis
243 734 264 770 et
274 721 321 770 vitii
332 719 429 778 exempla
440 720 467 769 de
478 719 593 778 prudentia
603 733 625 769 et
635 718 740 776 fatuitate,
752 720 779 769 de
790 719 873 769 iusticia
884 734 905 769 et
916 741 964 770 cru·
1024 741 1041 782 ζῑ

181 793 274 848 delitate,
287 794 314 841 de
325 792 452 840 tortitudine
463 806 484 840 et
495 793 622 847 temeritate,
635 793 662 840 de
673 793 805 840 continentia
816 806 837 840 et
848 792 965 852 voluptate,

172 866 208 914 ’de
223 865 273 914 odio
288 879 310 914 et
324 865 417 919 caritate,
433 866 460 913 de
474 864 564 913 libidine
578 878 603 918 et,
614 866 717 920 castitate,
733 866 760 914 de
774 865 875 924 superbia
889 879 910 915 et
925 866 965 915 hu*

181 940 278 993 militate,
293 941 320 988 de
335 939 384 997 gula
397 950 419 986 et
432 939 554 992 sobrietate,
569 939 596 987 de
610 939 674 987 rebus
688 939 767 987 divinis
781 951 802 987 et
816 939 923 994 humanis,
938 941 964 988 de

143 1015 169 1062 ll]
181 1013 276 1070 publicis
289 1026 310 1061 et
323 1012 411 1070 privatis
425 1011 507 1066 officiis,
521 1012 549 1059 de
562 1012 690 1059 militaribus
703 1024 725 1059 et
738 1012 822 1069 togatis,
837 1012 864 1060 de
877 1012 966 1061 urbanis

182 1098 203 1133 et
218 1084 310 1140 rusticis,
323 1085 350 1133 de
360 1083 497 1132 terrestribus
508 1096 530 1131 et
541 1084 653 1132 maritimis
665 1083 755 1132 infinita.

224 1157 271 1206 Nec
286 1159 365 1217 scripta
380 1156 445 1205 modo
461 1157 500 1205 sed
515 1156 633 1215 parietibus
649 1157 714 1206 etiam
729 1157 787 1216 picta
802 1155 919 1206 illustrium
934 1158 965 1206 vi·

182 1251 256 1279 rorum
270 1231 365 1285 historia,
379 1231 490 1288 imagines,
505 1243 595 1286 statuae,
610 1231 649 1278 etsi
664 1230 771 1289 quaedam
785 1231 828 1278 sint
849 1248 967 1288 corporum

182 1304 295 1353 simulacra
311 1324 351 1352 nec
366 1304 399 1352 uti
415 1304 521 1362 scriptura
537 1304 659 1361 exprimant
675 1302 764 1351 consilia
779 1300 909 1358 animorum,
926 1324 965 1351 nos

145 1377 169 1426 15
184 1391 257 1425 tamen
271 1389 408 1425 commovent
418 1376 512 1425 multum
522 1376 656 1435 incitantque
666 1388 687 1424 et
696 1376 818 1424 accendunt
827 1375 855 1424 ad
864 1375 967 1425 virtutem

182 1464 207 1498 ut
219 1451 286 1498 vitam
299 1450 385 1498 illorum
398 1462 419 1497 et
432 1450 559 1508 sapientiam
571 1450 711 1503 admiremur,
725 1449 904 1507 contemplemur,
917 1450 966 1496 imi·

182 1536 253 1570 temur
267 1525 359 1580 quisque
371 1534 436 1579 atque
450 1523 544 1569 nitamur
557 1523 637 1569 similes
650 1542 690 1569 nos
703 1522 744 1569 illis
758 1522 841 1569 efficere
854 1542 909 1579 quos
927 1542 975 1590 aus

183 1595 255 1643 dimus
266 1594 338 1644 extolli
349 1593 412 1643 laude
422 1614 447 1643 ac
457 1594 536 1643 virtute
547 1592 619 1654 aliqua
629 1593 734 1642 floruisse.
746 1593 815 1653 Saepe
825 1593 915 1653 quidem
925 1614 966 1643 nu·
1028 1587 1041 1592 ⁶

184 1688 243 1717 mero
254 1668 333 1718 Fabius
345 1667 455 1717 Maximus
465 1681 487 1716 et
497 1667 521 1717 P.
533 1667 614 1726 Scipio,
626 1668 718 1716 Romani
729 1668 794 1717 ambo
804 1668 913 1727 principes
924 1667 966 1716 cla·

143 1743 171 1789 20
186 1742 247 1798 rique
257 1741 396 1799 imperatores
406 1760 431 1787 ac
440 1740 581 1798 triumphales
591 1741 638 1795 viri,
650 1741 721 1787 dicere
730 1741 798 1788 auditi
809 1752 860 1787 sunt
869 1741 967 1788 animum

129 1841 131 1845 ·
183 1813 224 1861 sibi
239 1827 287 1862 turn
302 1813 394 1862 maxime
409 1812 437 1861 ad
452 1813 554 1861 virtutem
569 1813 658 1861 accendi
673 1833 724 1861 cum
740 1814 836 1862 virorum
851 1812 968 1862 illustrium

147 1922 151 1931 .,
183 1888 286 1945 imagines
305 1889 447 1936 intuerentur.
467 1886 514 1935 Nec
533 1905 611 1945 parum
630 1886 724 1935 multum
742 1906 857 1935 accensum
876 1898 966 1940 constat,

184 1981 250 2018 quem
262 1961 327 2018 paulo
339 1972 388 2008 ante
406 1960 524 2014 nominavi,
538 1958 684 2009 Macedonem
696 1959 851 2014 Alexandrum,
870 1980 921 2009 cum
944 1959 966 2006 in

184 2033 254 2090 Sygeo
270 2032 325 2082 lorte
340 2032 430 2081 Achillis
446 2033 474 2081 ad
489 2032 600 2080 tumulum
616 2023 744 2087 devenisset,
760 2033 908 2081 recordatione
924 2033 967 2081 vir-
1037 2052 1038 2056 ¹

143 2108 171 2156 25
186 2120 258 2154 tutum
266 2120 288 2155 et
296 2106 438 2154 maximarum
445 2105 535 2153 laudum
543 2126 596 2164 quas
605 2105 642 2153 illo
650 2105 678 2153 de
686 2105 732 2153 viro
740 2106 846 2153 maximus
854 2118 968 2164 poetarum
1039 2111 1042 2133 ‘²

184 2180 293 2228 Homerus
313 2180 357 2229 suis
377 2177 508 2228 carminibus
528 2179 646 2227 cecinisset.
666 2178 886 2238 Alexandriquoque
902 2178 967 2228 huius

183 2273 251 2300 annos
263 2267 337 2310 postea
348 2271 413 2309 supra
424 2253 529 2300 ducentos
540 2264 562 2298 et
573 2252 730 2310 quinquaginta
742 2253 812 2309 imago
823 2251 883 2309 apud
895 2251 976 2299 Gades
1023 2253 1047 2293 :³

185 2324 302 2383 Hispaniae
311 2325 339 2374 ad
349 2322 448 2373 Herculis
458 2323 565 2382 templum
575 2324 620 2373 visa
629 2324 683 2373 adeo
694 2324 812 2374 commovit
823 2323 904 2373 lulium
914 2323 968 2373 Cae·

184 2417 253 2447 sarem
266 2399 325 2458 quod
337 2417 360 2447 se
372 2397 437 2447 veluti
450 2397 594 2457 negligentem
606 2417 631 2447 ac
643 2396 704 2447 nihili
717 2397 828 2447 bominem
840 2398 967 2457 increparet,

143 2474 172 2520 30
187 2473 246 2530 quod
261 2492 304 2530 qua
316 2484 385 2521 aetate
397 2491 485 2520 omnem
498 2489 566 2529 prope
578 2472 614 2519 ille
627 2472 746 2520 domuisset
759 2472 842 2526 orbem,
855 2472 901 2528 ipse
914 2469 969 2519 nihil

185 2545 276 2602 dignuin
287 2545 357 2598 laude,
369 2543 423 2591 nihil
435 2542 573 2591 memorabile
584 2556 716 2592 attentasset.
727 2543 803 2592 Aetate
811 2542 901 2591 florebat
909 2556 968 2596 tunc,

185 2639 229 2665 non
242 2617 306 2667 rebus
321 2617 399 2666 Caesar
411 2637 451 2665 nec
464 2617 486 2664 in
500 2635 522 2665 re
535 2615 623 2675 publica
635 2617 784 2675 magistratum
796 2617 818 2664 ni
832 2629 970 2675 quaesturam

185 2690 292 2738 ulterioris
305 2690 422 2748 Hispaniae
432 2710 490 2737 anno
501 2688 538 2737 illo
549 2688 641 2748 adeptus
652 2702 704 2738 erat.
721 2688 842 2749 Utramque
853 2709 904 2739 vero
918 2707 969 2749 por-
1021 2692 1040 2722 t

185 2762 253 2809 ticum
261 2760 303 2809 lori
312 2761 346 2809 sui
355 2760 486 2808 Octavianus
495 2760 607 2817 Augustus
616 2761 726 2809 exornavit
735 2762 811 2809 statuis
821 2761 969 2809 Romanorum
1023 2755 1047 2828 Ῑ

180 2897 208 2934 22.
220 2896 257 2933 Cic.
269 2895 317 2935 Arcb.
331 2895 359 2935 24.
408 2894 437 2932 26.
450 2895 496 2932 Suet.
508 2895 540 2933 lut.
553 2895 570 2934 7.

184 3013 215 3056 24.
231 3010 261 3056 Ex
276 3010 335 3065 Sigeo
349 3028 398 3054 corr.
