2093 3253
443 191 534 222 sicconis
548 190 663 222 POLENTONI

227 307 299 357 Natus
314 319 347 355 est
362 306 440 356 Cicero
455 320 529 356 noster
546 306 579 356 lll
597 306 673 355 Nonas
684 306 800 355 ¹lanuarias
815 305 844 362 Q
860 304 969 364 Caepione

185 393 206 428 et
221 379 249 437 Q.
263 380 346 428 Serano
358 379 484 427 consulibus
497 393 587 438 paterna
599 380 622 427 in
635 378 692 434 villa,
705 398 761 437 quae
772 378 872 438 Arpinati
885 378 907 427 in
919 399 970 438 agro
1033 379 1036 438 Ξ

185 453 268 502 insulae
283 454 306 502 in
323 452 414 514 modum
430 451 525 501 Fibreno
540 450 631 500 flumine
646 450 779 510 cingebatur.
795 449 903 500 Vivebant
918 465 969 502 tunc

186 539 207 575 et
221 539 282 585 pater
298 539 319 575 et
334 545 395 575 avus.
411 525 456 574 Sed
471 524 545 573 villam
560 537 628 583 pater,
645 524 705 583 quod
720 537 776 573 esset
791 536 890 573 veterum
911 545 970 575 more

158 600 171 648 5
187 618 259 657 parva,
274 598 415 651 exedificavit,
429 599 461 646 uti
475 597 518 645 luit
531 610 613 655 postea,
627 597 733 646 latiorem.
747 597 808 645 lstuc
821 596 880 644 enim
894 597 970 646 obver-

185 670 273 720 sabatur
289 669 384 720 multum
400 682 468 729 pater.
485 682 534 719 tum
550 670 612 729 quod
628 681 725 718 remotus
741 689 754 718 a
770 681 834 718 coetu
856 668 970 720 hominum
1032 662 1042 714 is

185 745 261 793 litteris
269 744 365 804 quietius
373 744 493 812 inserviret,
502 757 550 792 tum
558 743 620 804 quod
627 743 815 809 valitudinemala
822 762 887 801 saepe
894 756 969 801 captus

186 839 211 865 eo
226 817 274 866 loco
283 817 380 878 quodam
389 836 430 876 pro
439 816 535 865 remedio
544 816 654 866 utebatur.
664 816 750 866 Nutrici
760 829 833 866 autern
842 836 898 875 quae
908 816 969 885 Cice·
1034 821 1038 880 ff]

187 888 270 939 ronem
279 903 379 939 nostrum
395 889 528 938 infantulum
542 890 647 938 educaret
661 889 768 938 fantasma
780 890 860 948 'ingens
870 909 895 937 ac
906 908 969 947 supra

147 963 173 1011 10
182 963 307 1012 humanam
314 975 419 1012 staturam
426 961 533 1021 apparuit.
542 961 590 1011 Vox
598 960 634 1011 illa
641 983 667 1010 ex
675 980 698 1011 re
705 961 779 1011 audita
786 975 819 1011 est
827 962 850 1010 in
863 956 915 1026 haec
922 982 969 1011 ver·

186 1037 214 1084 b'a
228 1036 310 1085 dicens:
326 1052 335 1076 <t
344 1035 416 1094 Quem
432 1035 508 1091 nutris,
525 1056 538 1083 o
554 1036 634 1092 nutrix,
656 1054 756 1095 puerum,
777 1036 795 1084 is
816 1031 898 1085 Rornae
918 1036 969 1085 civis

186 1111 226 1159 erit
241 1111 311 1160 clarus
321 1123 342 1159 et
352 1130 431 1168 magno
440 1110 557 1168 epericulo
567 1110 734 1168 rempublicam
743 1110 862 1159 liberabit.»
873 1110 900 1158 ld
907 1130 921 1158 a
930 1131 969 1159 nu·
1033 1120 1039 1169 Ξ

186 1184 239 1231 trice
250 1184 323 1232 visum
334 1183 478 1239 auditumque
490 1202 515 1229 ac
527 1182 620 1229 relatum
631 1182 660 1230 ad
671 1202 723 1229 suos
735 1179 838 1246 erunibus
856 1182 909 1229 risui
927 1183 970 1239 pri·

187 1276 248 1304 mum
253 1277 278 1304 ac
285 1254 380 1305 ludibrio
385 1254 428 1305 tuit
434 1275 474 1305 nec
480 1268 530 1304 ante
536 1255 645 1304 creditum
651 1275 718 1314 quarn
724 1274 771 1303 esse
777 1249 806 1303 ita
817 1250 894 1303 verum
905 1274 972 1303 even·

147 1328 172 1377 Ι5
188 1342 223 1377 tus
238 1348 312 1377 rerum
324 1327 418 1377 edocuit.
431 1328 493 1378 Pater
505 1342 585 1383 autern,
598 1341 623 1377 ut
635 1340 693 1376 aetas
705 1346 781 1386 capere
793 1328 875 1377 litteras
892 1329 969 1386 potuit,

186 1402 325 1451 summamin
333 1400 515 1451 liliiserudiendis
523 1399 658 1460 diligentiam
666 1400 749 1451 habuit.
757 1401 800 1450 Eos
809 1401 972 1460 quidemveluti

186 1474 270 1533 plantas
282 1472 349 1523 sterili
362 1494 374 1522 e
387 1474 507 1532 municipio
519 1474 542 1522 in
555 1494 600 1532 quo
612 1487 675 1522 natus
687 1471 713 1521 ac
724 1474 829 1522 educatus
842 1486 898 1522 esset
910 1475 970 1533 quasi
1038 1468 1044 1529 Ξ

186 1543 361 1597 uberrimumin
378 1564 454 1606 agrurn
475 1547 571 1596 traduxit
593 1547 692 1601 Romam,
710 1546 883 1617 quodbprudens
900 1558 973 1596 mente
1044 1558 1045 1561 ’

156 1621 157 1624 ’
172 1648 175 1658 =
185 1621 307 1680 perciperet
315 1640 378 1680 spem
386 1620 468 1669 nullam
482 1620 576 1669 habendi
584 1621 673 1669 honoris
682 1620 797 1678 oppidanis
805 1639 859 1674 esse,
866 1618 913 1668 illos
922 1637 972 1668 vero
1042 1621 1047 1638 '³

146 1694 174 1740 20
189 1694 227 1751 qui
242 1693 325 1740 Rornae
337 1692 459 1740 habitarent
471 1713 522 1741 curn
534 1693 662 1742 liberalitate
675 1693 735 1741 urbis
747 1705 795 1741 tum
808 1693 888 1742 virtute
900 1691 972 1763 aliqua
1044 1702 1046 1704 ’

188 1778 209 1813 et
223 1766 366 1825 prosperitate
376 1763 476 1813 fortunae
487 1766 560 1814 venire
568 1764 714 1825 amplissimos
722 1765 750 1814 ad
758 1765 851 1814 honores
862 1777 884 1815 et
893 1765 970 1823 magis·
1042 1766 1047 1814 f

187 1852 255 1886 tratus
263 1858 334 1898 posse.
345 1839 391 1886 lam
398 1839 457 1886 enim
464 1850 530 1898 atque
538 1838 623 1887 dudum
630 1850 681 1888 ante
688 1859 739 1888 curn
757 1838 881 1887 Samnitum
901 1851 972 1887 essent
1041 1880 1043 1899 ᾗ

181 1912 243 1960 ‘vires
253 1911 334 1960 fractae
344 1911 453 1959 civitatem
464 1911 534 1959 Roma
544 1911 686 1969 Arpinatibus
698 1912 793 1961 dederat.
805 1910 917 1960 Ciceronis
933 1911 973 1969 igi·

187 1998 223 2033 tur
236 1986 304 2034 nostri
318 1997 380 2049 pater
394 1986 477 2033 curavit
491 2005 558 2044 quam
572 1985 665 2033 maxime
679 1998 703 2033 ut
717 1984 798 2034 litteras
811 2005 836 2034 ac
850 1985 970 2043 presertim.
1043 2004 1045 2016 ³

145 2058 173 2107 25
189 2078 245 2116 quae
260 2078 346 2107 summo
364 2058 387 2106 in
406 2057 488 2106 honore
506 2067 585 2113 essent,
604 2056 765 2117 philosophiam
783 2079 808 2106 ac
826 2058 973 2118 eloquentiam

188 2130 325 2181 docerentur.
341 2131 388 2179 Nec
403 2131 476 2189 pueris
492 2131 565 2180 deerat
581 2132 694 2191 ingenium
709 2131 787 2181 docile.
803 2131 885 2181 Noster
899 2143 972 2181 autem
1041 2125 1045 2135 .

188 2205 265 2253 Cicero
274 2218 296 2253 et
305 2204 382 2252 iratres
391 2216 412 2252 et
422 2217 516 2253 caeteros
527 2205 565 2262 qui
574 2205 602 2252 ad
611 2204 693 2271 litteras
702 2218 750 2253 tum
759 2204 912 2262 perdiscendas
923 2205 971 2251 mit-

187 2289 284 2326 terentur
302 2276 428 2325 assiduitate
443 2275 520 2332 studii,
539 2274 641 2326 lacilitate
660 2276 767 2332 discendi.
783 2277 881 2327 acuitate'
892 2275 973 2336 ingenii

187 2350 312 2399 excellebat.
328 2349 445 2398 Enimvero
460 2357 544 2399 tantam
559 2363 632 2409 presto
648 2350 745 2399 indolem
760 2351 841 2409 ingenii
857 2350 934 2399 docilis
948 2369 974 2398 ac
1043 2385 1045 2398 Ξ

145 2424 251 2481 30=spem
265 2422 334 2472 futuri
349 2422 390 2471 viri
405 2422 529 2471 excellentis
545 2423 605 2472 dedit
620 2437 644 2472 ut
660 2423 698 2483 qui
718 2423 824 2482 pedagogi
840 2436 861 2471 et
876 2422 974 2472 litterarii
994 2425 995 2428 ’
1043 2438 1046 2493 2

187 2496 232 2544 ludi
243 2495 339 2554 magistri
349 2508 420 2544 essent
430 2495 506 2545 dietim
516 2497 583 2555 magis
592 2509 658 2554 atque
668 2496 735 2554 magis
750 2497 847 2555 quodam
861 2497 923 2556 quasi
933 2496 973 2543 mi-

186 2568 259 2618 raculo
270 2568 422 2626 obstuperent:
433 2568 471 2627 qui
481 2581 556 2617 autern
567 2569 608 2617 hoc
619 2568 726 2624 audirent,
738 2569 779 2619 viri
790 2570 856 2618 etiam
866 2588 941 2629 graves
952 2580 973 2616 et

187 2642 252 2704 docti¹
269 2643 410 2692 incitarentur
425 2654 449 2691 ut
465 2642 562 2700 quodam
576 2660 617 2700 pro
637 2642 745 2691 desiderio
765 2642 895 2691 Ciceronem
915 2643 972 2691 hunc
1046 2645 1047 2691 l

187 2716 255 2762 istum
269 2727 291 2762 et
306 2732 401 2772 puerum
413 2715 451 2773 qui
463 2727 577 2772 tantopere
588 2713 712 2762 laudaretur
724 2715 756 2762 ire
767 2714 842 2764 videre
854 2710 972 2763 contende

144 2787 172 2837 35
189 2800 244 2836 rent.
266 2787 353 2848 Nempe
373 2787 434 2847 apud
453 2787 553 2849 aequales
572 2800 593 2837 et
609 2789 701 2837 maiores
716 2801 786 2838 aetate
801 2807 880 2848 pueros
896 2788 973 2837 Cicero

187 2873 259 2908 noster
275 2861 308 2909 uti
327 2873 372 2909 erat
390 2860 473 2909 doctior
490 2861 520 2909 ita
537 2860 746 2927 etiam-honoratior
762 2861 890 2910 habebatur.
909 2860 975 2910 Ultro
1019 2861 1020 2864 ’

187 2934 246 3001 enirn
259 2934 304 2999 sibi
321 2933 382 2991 quasi
400 2932 492 2990 digniori
508 2933 615 2981 cedebant
631 2934 700 2991 pueri.
714 2933 779 2982 Adde
787 2934 848 2992 quod
857 2934 931 2993 ipsum
940 2930 973 2981 vel
1046 2985 1047 2999 χ
