2093 3253
140 266 182 313 438
439 284 535 317 sicconis
549 286 667 317 rotantem

183 414 249 459 atque
264 420 288 447 ea
303 400 330 447 de
345 419 367 447 re
382 413 495 459 praecepta
509 403 605 460 artisque
620 403 725 450 rationem
740 414 761 449 et
776 404 833 451 viam
848 404 933 452 dedisse
947 421 967 455 et
1035 377 1047 416 i

184 473 312 533 priusquam
327 471 455 521 Latinorum
474 473 591 532 quisquam
611 486 632 523 et
652 475 737 523 doctius
752 495 819 533 quam
835 475 968 528 Graecorum

185 546 243 596 ullus
257 557 348 594 constat.
369 544 394 594 ln
412 545 514 595 exercitio
530 565 582 596 vero
599 567 624 597 ac
642 546 715 597 studio
732 546 868 609 eloquentiae
885 562 969 602 tantum

187 619 341 674 delectationis,
356 637 427 674 curae,
442 639 519 678 operae
533 620 610 669 tribuit
624 620 685 679 quod
698 634 749 669 ante
764 621 856 670 honores
871 620 970 681 magnam

162 695 175 743 5
190 694 265 742 aetatis
279 704 363 750 partem
374 692 396 739 in
409 691 501 740 dicendo
513 711 553 750 pro
563 693 639 740 amicis
650 694 673 740 in
684 693 732 740 loro
743 694 886 753 consumpsit.
897 695 971 745 Postea

188 786 239 816 vero
253 785 320 824 quam
333 763 362 814 ad
373 765 508 823 magistratus
518 765 616 815 ascendit
626 785 651 814 ac
662 784 708 815 rem
718 765 829 825 publicam
837 767 972 827 ministravit,

191 843 220 890 ita
233 854 320 898 tempus
335 860 400 888 omne
414 836 524 889 distribuit
537 853 603 899 atque
616 842 645 887 ita
659 840 779 889 litterarum
792 842 864 889 studia
877 842 973 890 intermi-

191 915 219 962 sit
233 928 265 967 ut,
280 913 298 960 si
313 913 367 971 quid
378 911 419 959 ocii
431 926 559 970 superesset,
571 913 594 959 id
604 925 677 960 totum
688 912 749 960 libris
759 926 797 961 aut
808 914 928 961 scribendis
939 929 974 962 aut

193 983 289 1045 legendis
302 984 369 1032 daret.
384 982 500 1032 Enimvero
513 984 604 1043 cogitata
618 1003 656 1032 sua
669 978 774 1033 facillime*
784 981 913 1044 summaque
926 1005 975 1035 cum

152 1061 181 1112 ll]
196 1059 293 1108 ubertate
306 1077 331 1106 ac
346 1056 482 1105 ornatissimo
491 1054 540 1104 stilo
549 1068 570 1105 et
579 1076 616 1105 ore
625 1069 646 1104 et
655 1055 730 1105 litteris
739 1055 860 1117 explicavit.
871 1056 919 1108 Nec
927 1078 976 1108 cum

195 1129 313 1181 dicendum
327 1150 353 1178 ex
367 1141 465 1187 tempore
480 1128 597 1187 aliquando
613 1142 676 1184 esset,
692 1127 722 1178 ita
737 1129 792 1178 dixit
807 1143 836 1178 ut
848 1129 919 1179 dicere
934 1129 977 1179 lor·

196 1204 259 1258 tuito,
274 1213 298 1250 ut
312 1200 395 1250 veniret
406 1202 434 1250 ad
445 1200 543 1256 buccam,
555 1202 594 1250 sed
604 1202 668 1260 longe
679 1213 729 1250 ante
739 1221 764 1250 ac
776 1202 869 1252 multum
881 1203 978 1252 conside*

199 1295 256 1338 rasse
271 1273 427 1333 delimasseque
440 1272 464 1321 id
478 1292 556 1333 magno
570 1271 643 1322 studio
656 1269 772 1324 videretur.

240 1349 327 1407 Nempe
349 1347 372 1395 in
394 1367 420 1395 eo
441 1359 500 1396 tanta
526 1348 649 1407 eloquentia
671 1347 744 1397 floruit
767 1350 827 1408 quod
847 1350 980 1400 audientium

161 1424 187 1471 l5
201 1422 284 1484 animos
299 1420 364 1468 etiam
378 1420 464 1473 invitos,
477 1439 609 1479 quocunque
622 1419 692 1475 vellet,
705 1421 829 1471 adduceret.
843 1422 874 1470 Ea
886 1422 981 1480 quidem,

202 1507 227 1543 ut
241 1515 256 1552 ev
268 1493 341 1541 multis
356 1506 436 1550 paucos
450 1510 583 1546 enumerem,
598 1493 621 1540 in
635 1512 699 1541 causa
709 1492 782 1541 Verris
792 1500 904 1542 summum
914 1507 982 1542 orato¹

202 1586 249 1615 rem
267 1565 409 1613 Hortensium
425 1564 538 1612 obmutere
553 1565 630 1623 coegit.
647 1565 677 1613 Ea
693 1565 744 1613 Sex.
761 1564 863 1614 Rossium
878 1566 984 1624 parricidii

199 1650 328 1688 ⁴accusatum
341 1637 447 1688 liberavit.
463 1636 494 1686 Ea
510 1636 560 1686 tulit
576 1657 641 1697 opem
657 1638 684 1687 L.
700 1637 777 1688 Flacco
793 1650 818 1688 ut
833 1638 959 1705 liberaretur
975 1658 985 1686 e

206 1713 303 1761 iudicum
315 1730 387 1765 manu,
399 1711 458 1769 apud
469 1730 524 1768 quos
536 1711 705 1769 repetundarum
717 1730 766 1759 reus
777 1732 804 1760 ex
814 1724 914 1770 practura
925 1712 986 1759 Asiae

164 1787 229 1847 tun
269 1797 324 1833 etur.
339 1782 370 1833 Ea
385 1782 411 1832 L.
427 1782 544 1832 Murenam
561 1782 657 1832 ambitus
674 1778 799 1833 accusatum
817 1783 904 1847 duobus
923 1785 987 1833 maxi·

192 1785 410 2012 ΜΝ.
405 1855 496 1910 Catone,
506 1855 581 1903 Stoico
590 1868 612 1904 et
622 1875 681 1914 gravi
674 1856 828 1914 philosopho
845 1877 869 1904 ac
879 1856 926 1904 Ser
940 1856 988 1904 Sul·
1040 1872 1047 1911 ,ἱ

208 1950 265 1988 prcro
288 1947 340 1976 runs
383 1927 447 1982 sulto,
461 1926 565 1976 defendit.
578 1927 690 1987 Ealegem
702 1947 910 1987 agrariamemanu
922 1928 988 1977 tribu
1044 1935 1047 1954 ‘³

210 2022 288 2052 norum
302 2021 327 2049 ac
341 1979 424 2059 plebis
421 2000 515 2058 eripuit.
532 2000 563 2049 Ea
581 2001 668 2058 plebem
685 2021 797 2050 accensam
814 2000 923 2060 capitali
917 2022 940 2049 m
958 2000 989 2058 Μ
1044 2031 1046 2033 ν

210 2075 321 2124 Othonem
340 2074 391 2121 odio
405 2085 427 2122 et
441 2073 472 2122 ira
488 2073 577 2122 sedavit
594 2073 625 2122 Ea
642 2073 758 2122 Catilinam
779 2073 861 2131 fugavit
882 2074 944 2122 urbe.
963 2072 991 2121 Ea
1042 2066 1043 2069 Ἴ

168 2149 198 2197 25
213 2147 241 2204 Q.
257 2145 367 2204 Ligarium
381 2165 405 2193 ac
419 2145 548 2194 Deiotarum
562 2163 635 2204 regem
648 2166 660 2193 e
674 2165 740 2194 manu
754 2145 801 2194 irati
816 2145 914 2195 Caesaris
928 2144 992 2194 dicta-

212 2221 265 2268 toris
279 2218 378 2276 absolvit.
391 2218 476 2283 Habuit
489 2218 548 2266 enim
561 2218 603 2266 hoc
616 2219 750 2276 stupendum
762 2238 787 2266 ac
800 2218 898 2267 mirabile
912 2217 993 2268 Cicero,
1043 2215 1047 2236 ³

213 2306 238 2342 ut
252 2292 313 2352 quod
326 2292 347 2340 vi
361 2291 464 2340 orationis
477 2303 621 2350 extorqueret,
636 2292 659 2340 id
673 2291 789 2350 deposcere
803 2291 904 2348 precibus
918 2311 942 2339 ac
956 2291 994 2339 im·

216 2378 299 2424 petrare
314 2365 380 2422 gratia
392 2360 508 2412 videretur.

257 2436 335 2486 Testes
350 2449 400 2486 sunt
415 2457 470 2496 quae
481 2449 554 2486 extant
565 2438 671 2487 orationes
682 2458 740 2487 suae.
752 2436 820 2486 Deest
831 2436 897 2486 modo
907 2436 946 2496 qui
957 2454 996 2487 eas

121 2531 122 2534 ’
173 2515 204 2561 30
217 2525 242 2560 ut
257 2510 359 2560 solebat
353 2531 406 2569 ipse,
416 2511 552 2568 pronunciet.
562 2511 676 2570 Quippe
660 2532 678 2559 si
687 2512 771 2560 adesset
780 2511 818 2580 qui
828 2525 873 2573 erat
882 2531 934 2560 cum
942 2511 997 2559 vive-

219 2597 251 2631 ret
266 2595 339 2655 gestus
352 2581 388 2629 ille
407 2602 432 2629 ac
451 2582 540 2640 spiritus
558 2582 677 2638 Ciceronis,
697 2603 753 2642 quae
771 2570 873 2642 legentes,
893 2583 925 2631 uti
944 2588 998 2630 sunt,

220 2656 277 2704 bona
292 2674 338 2702 esse
336 2650 445 2705 latemur
464 2655 557 2714 quisque
575 2668 640 2715 atque
656 2655 768 2704 laudamus
784 2676 876 2711 summe,
893 2675 917 2705 ea
933 2651 999 2704 nobis

211 2732 238 2794 f⁵l
254 2730 379 2778 recitantem
393 2729 517 2777 audiremus
540 2730 619 2788 ipsum,
642 2729 706 2787 longe
728 2729 816 2778 meliora
838 2749 885 2777 esse
907 2726 1001 2788 prolecto

222 2816 287 2862 atque
301 2802 383 2861 optima
395 2802 526 2850 viderentur.
539 2802 605 2851 Recte
616 2802 707 2860 quidem
718 2802 756 2862 qui
768 2802 875 2850 orationes
886 2820 938 2849 cum
948 2798 1001 2856 lege-

180 2876 209 2926 35
225 2888 257 2924 ret
272 2874 382 2923 Ciceronis
400 2875 454 2923 dixit
471 2876 563 2923 maxima
581 2896 607 2923 ex
624 2889 684 2934 parte
702 2875 776 2924 deesse
793 2873 928 2929 Ciceronem,
947 2865 1003 2932 quod

183 2985 323 2995 „qd

199 3047 202 3051 ’
225 3054 245 3099 2.
260 3053 368 3109 quisquam
382 3071 404 3100 ex
419 3070 542 3109 quemquam
555 3055 605 3099 corr.
