2093 3253
126 673 238 725 Siccours
253 676 387 726 Pommom
404 677 474 726 Lraan
490 676 642 727 Scaurorum
659 677 800 728 quusrmuu

110 754 214 804 Larium
236 754 341 805 Lincunn
361 754 425 805 XVII
448 754 558 805 Examen
578 772 605 804 ar
627 755 717 805 Iucnur
737 755 815 806 XVIII

245 850 275 883 so
289 832 436 884 Poiroonun
457 834 545 884 Fruuu
562 832 683 884 Faucrran

135 1037 280 1086 persuadebat
296 1038 359 1085 nobis
375 1038 467 1092 animus,
483 1038 589 1096 Polydore
605 1039 635 1086 mi
651 1038 776 1086 suavissime
791 1038 829 1093 fili,
845 1052 877 1093 ut,

79 1156 80 1159 ,
96 1109 282 1167 quemadmodum
301 1109 329 1157 de
340 1110 399 1167 poesi
415 1129 440 1157 ac
450 1109 539 1157 historia
549 1109 640 1158 lecimus
651 1109 798 1168 superioribus
809 1111 877 1166 libris,

94 1201 145 1230 cum
158 1182 186 1230 de
199 1182 268 1239 poetis
282 1195 303 1231 et
317 1181 424 1231 historicis
437 1201 509 1231 sermo
521 1181 570 1237 tuit,
584 1183 613 1245 ita
627 1182 668 1233 hoc
681 1181 729 1232 Ioco
741 1181 879 1241 praelationis

84 1258 158 1303 'causa
175 1254 202 1303 de
218 1254 308 1313 origine,
325 1254 352 1304 de
369 1254 480 1313 dignitate,
497 1255 525 1304 de
541 1255 612 1305 officio
628 1255 778 1315 philosophiae
793 1277 818 1306 ac
834 1255 879 1307 elo-

68 1327 81 1377 5
97 1328 198 1384 quentiae
212 1327 340 1376 diceremus.
354 1327 399 1376 Sed
413 1328 552 1377 meminimus
566 1327 594 1377 de
607 1329 720 1387 utriusque
734 1329 816 1387 origine
829 1331 880 1379 satis

96 1399 179 1448 dictum
194 1420 241 1448 esse
255 1399 311 1448 libro
325 1400 404 1458 primo,
419 1420 470 1448 cum
484 1399 526 1448 tuit
541 1400 702 1458 investigandus
717 1400 766 1459 quis
781 1402 880 1451 omnium

95 1469 178 1528 primus
194 1471 302 1519 doctrinas
317 1484 338 1521 et
353 1471 434 1521 litteras
448 1473 572 1522 invenisset.
587 1471 691 1522 Officium
705 1486 779 1523 autem
793 1494 818 1523 ac
832 1475 880 1534 dig-

79 1559 81 1561 ·
96 1542 186 1591 nitatem
194 1546 351 1602 pretermittere
360 1546 432 1604 potius
443 1566 510 1604 quam
520 1546 548 1594 de
557 1546 610 1605 ipsis
621 1550 689 1604 pauca
699 1546 759 1605 loqui
770 1548 880 1598 constitui.

97 1615 152 1671 Quis
169 1616 228 1665 enim
245 1616 278 1664 his
295 1617 394 1666 derebus
411 1617 527 1676 explicabit
536 1618 591 1666 adeo
607 1618 690 1675 integre
705 1638 730 1666 ac
747 1619 834 1678 copiose
848 1633 880 1676 ut,

57 1687 84 1738 tt)
99 1687 167 1737 multa
182 1708 233 1738 cum
248 1688 339 1744 dixerit„
349 1689 416 1739 multa
432 1709 478 1739 esse
493 1690 520 1738 ab
536 1710 562 1738 eo
577 1691 714 1749 pretermissa
729 1711 774 1740 non
788 1692 882 1741 viderit?

97 1759 216 1810 Versantur
228 1761 319 1821 quidem
331 1783 356 1811 ac
369 1775 458 1822 regnant
472 1762 574 1811 omnibus
586 1762 609 1810 in
622 1762 726 1811 doctrinis
739 1775 804 1822 atque
817 1763 882 1813 rebus

97 1847 119 1882 et
127 1834 228 1884 humanis
235 1849 257 1884 et
264 1835 343 1885 divinis
351 1836 466 1895 dequibus
474 1836 568 1894 cogitare
574 1856 600 1885 ac
607 1835 667 1894 loqui
676 1835 776 1885 mortales
783 1850 882 1895 possunt.

34 1969 36 1974 Ι
59 1950 61 1953 .
98 1907 169 1956 Simul
182 1921 256 1957 autem
269 1909 298 1957 ita
312 1908 439 1957 coniunctae
452 1921 503 1956 sunt
516 1921 582 1966 atque
595 1928 704 1956 connexae
717 1921 742 1956 ut
755 1928 811 1967 quae
823 1910 883 1968 cogi·

99 1981 159 2030 tandi
173 2000 198 2030 ac
213 1981 299 2031 dicendi
314 2002 357 2031 una
372 1982 491 2041 eademque
505 1980 595 2030 Iacultas
609 1994 672 2037 esset,
687 2000 735 2031 eam
749 1981 884 2032 Graecorum

59 2054 85 2103 15
100 2067 183 2103 veteres
203 2055 241 2113 qui
261 2067 333 2103 essent
353 2055 411 2103 docti
431 2054 559 2113 sapientiam
578 2054 718 2112 appellarent.
737 2054 814 2104 Postea
833 2075 884 2105 vero

100 2119 248 2186 multiplicatis
260 2128 372 2182 institutis,
384 2128 489 2186 quoniam
501 2128 579 2176 versari
591 2140 651 2175 tanta
663 2128 686 2175 in
698 2145 721 2175 re
733 2126 826 2176 nimium
838 2147 885 2177 esse

100 2199 233 2259 quibusdam
251 2198 338 2249 difficile
356 2200 471 2255 videretur,
490 2200 513 2248 in
531 2219 579 2248 eam
597 2198 726 2267 divisionem
743 2211 834 2248 ventum
851 2212 884 2249 est

100 2275 189 2322 tandem
204 2287 235 2328 ut,
251 2274 312 2332 quasi
325 2273 429 2329 'aliudsit
443 2274 510 2332 loqui,
524 2272 584 2322 aliud
594 2273 698 2331 cogitare,
714 2292 769 2330 quae
783 2293 826 2321 una
841 2286 886 2322 erat

102 2345 190 2394 scientia
204 2358 276 2404 atque,
291 2358 316 2395 ut
330 2345 382 2400 dixi,
396 2346 500 2405 sapientia
514 2345 630 2395 vocabatur
645 2344 698 2394 duas
711 2345 735 2393 in
748 2357 820 2403 partes
833 2364 886 2394 con·

60 2418 88 2466 20
103 2437 169 2466 sensu
185 2417 284 2466 omnium
300 2418 441 2473 scinderetur,
458 2431 482 2466 ut
499 2418 537 2476 qui
553 2417 670 2476 sapientiae
686 2430 737 2465 sunt
753 2417 851 2471 studiosi,
868 2418 886 2465 si

102 2491 203 2550 amplecti
217 2505 332 2552 utramque
346 2491 454 2548 diffidant,¹
466 2512 533 2552 quam
547 2490 622 2541 malint
635 2490 886 2549 alteramassequantur,

103 2576 124 2611 et
135 2564 194 2612 docti
205 2585 252 2613 esse
262 2566 281 2613 si
292 2578 404 2624 nequeunt
415 2566 437 2614 in
448 2577 548 2622 utraque,
559 2565 635 2614 saltem
651 2565 674 2612 in
685 2563 750 2613 altera
766 2563 886 2613 videantur.

103 2633 200 2685 Nomine
216 2637 306 2696 quidem
315 2636 381 2686 altera
397 2635 541 2695 philosophia,
558 2635 623 2685 altera
644 2634 767 2695 eloquentia
782 2633 888 2694 appellata

75 2748 85 2754 ,.
104 2702 145 2757 est,
160 2707 249 2768 Quippe
265 2710 283 2758 si
300 2711 469 2769 coniunguntur,
485 2730 529 2759 una
545 2709 612 2758 modo
627 2702 717 2758 facultas
733 2708 818 2757 videtur
834 2728 888 2764 esse;

60 2781 89 2832 25
105 2782 122 2830 si
141 2781 302 2840 disiunguntur,
321 2782 361 2831 hac
379 2803 402 2831 re
419 2803 463 2832 una
486 2782 589 2831 differunt
612 2781 685 2836 modo,
709 2781 769 2840 quod
792 2779 889 2830 studium

104 2854 212 2915 cogitandi
223 2853 368 2915 philosophia,
380 2855 467 2905 dicendi
478 2872 530 2905 vero
541 2854 663 2915 eloquentia
675 2853 759 2903 habeat,
770 2854 799 2903 At
810 2854 828 2902 si
840 2872 889 2913 per-

65 2973 205 2982 -ι--οι-

105 3021 135 3069 II.
148 3039 172 3067 ac
185 3026 198 3067 ι’.
213 3038 239 3072 r.‚·
252 3030 294 3066 erut
308 3031 375 3076 atque.
