2093 3253
84 276 86 280 ,
151 233 188 279 178
450 249 542 280 srcconrs
556 250 671 281 rorrnronr

185 381 228 409 *nos
238 362 367 421 compellere
377 375 401 410 ut
411 361 534 411 conferrent
543 364 658 421 pecuniam
667 363 711 412 ulla
720 383 791 422 prece,
802 365 873 420 minis,
884 366 975 425 imperio

189 437 268 493 potuit.
282 436 425 497 Nequevero
440 437 536 494 intelligo
551 438 601 486 satis
616 440 712 487 maiorne
726 439 749 488 in
764 440 858 488 dominis
872 460 939 498 quam
952 445 974 492 in

189 509 255 555 servis
270 510 389 556 constantia
404 507 477 563 luerit,
492 509 552 566 quod
567 508 597 557 illi
612 531 640 557 ne
655 525 782 567 cogerentur
797 510 895 558 conferre
909 534 975 570 pecu·

189 581 248 629 niam
262 601 300 638 per
315 579 404 630 latibula
419 579 521 639 lugerint,
538 581 560 629 hi
576 582 659 639 premio
675 581 754 631 adduci
771 582 831 631 nullo
846 595 871 632 ut
886 582 975 634 latentes

162 654 175 703 5
191 654 306 711 proderent
318 655 418 703 dominos
430 656 547 712 potuerint,
560 656 673 712 presertim
684 675 736 704 cum
747 656 833 704 decreto
845 656 914 706 Asinii
926 678 975 716 pre·¹
1044 647 1046 654 1

189 727 232 774 mia
246 726 287 774 sibi
304 746 380 785 magna
395 728 506 785 proposita
521 740 549 781 et,
565 747 620 785 quae
635 727 690 775 solet
705 728 825 785 gratissima
840 729 906 777 servis
921 750 975 785 esse,

189 798 274 848 libertas
289 813 353 849 esset.
372 798 466 848 Furente
484 820 572 858 quoque
589 799 670 855 Athila,
689 801 840 858 potentissimo
859 800 975 852 Hunorum

189 891 238 929 rege
249 875 351 931 gravique
362 873 454 921 Romani
466 874 551 931 imperii
562 893 587 920 ac
598 875 692 921 nominis
704 873 822 922 Christiani
834 874 903 929 hoste,
914 875 975 924 Pata·

188 944 345 1001 viniobsideri‚
356 945 410 1004 capi,
422 944 478 994 dirui
489 945 598 994 civitatem
608 966 670 995 snam
680 945 752 1005 potius
763 967 830 1005 quam
846 945 928 997 descire
938 962 976 997 aut
1043 951 1044 960 ¹

151 1020 176 1067 l0
191 1018 273 1066 Christi
284 1038 296 1067 a
307 1020 350 1067 fide
361 1031 398 1066 aut
409 1018 507 1067 Romano
518 1019 546 1066 ab
557 1020 649 1077 imperio
660 1019 783 1067 voluerunt.

231 1091 275 1140 Sed
289 1092 362 1141 Padua
376 1091 447 1147 missa,
459 1113 486 1141 ne
501 1091 586 1150 longius
601 1112 667 1151 quam
682 1092 744 1141 liceat
759 1092 841 1151 digredi
856 1092 976 1149 videamur,

189 1179 288 1213 nostrum
301 1166 329 1214 ad
342 1165 430 1214 Livium
443 1179 582 1214 revertamur.
600 1165 620 1214 ls
634 1186 721 1222 nanque
735 1185 779 1223 quo
792 1186 849 1214 anno
862 1165 884 1213 in
899 1165 974 1215 Gallos

188 1238 263 1294 copiae
277 1257 289 1284 a
306 1238 361 1286 lulio
374 1236 465 1285 Caesare
478 1238 614 1292 ducerentur,
627 1239 645 1285 si
658 1250 716 1285 recte
727 1249 826 1295 tempora
838 1238 922 1293 metior,
935 1259 972 1301 na·

188 1322 223 1359 tus
235 1322 274 1359 est.
286 1310 363 1360 Annus
375 1330 462 1368 quoque
474 1310 492 1358 is
504 1310 550 1369 ipse
562 1309 669 1359 Messalae
681 1309 784 1366 Corvino,
801 1310 838 1369 qui
850 1322 921 1360 orator
932 1310 973 1361 luit

151 1385 175 1433 l5
188 1404 215 1431 ac
230 1397 301 1432 orator
313 1383 401 1433 illustris
414 1382 506 1438 elloruit,
519 1383 595 1431 natalis
608 1382 658 1432 luit.
672 1382 752 1431 Noster
764 1396 838 1432 autem
852 1383 934 1440 Livius,
948 1384 977 1433 de
1044 1422 1046 1425 v

189 1476 233 1513 qno
244 1455 367 1514 principalis
378 1468 411 1503 est
421 1455 444 1504 in
454 1455 574 1514 praesentia
585 1474 663 1510 sermo,
675 1456 768 1513 primam
778 1456 852 1504 aetatis
863 1476 915 1504 suae
925 1476 973 1515 par·
1043 1468 1046 1513 :³

188 1542 240 1583 tem,
256 1541 280 1575 ut
295 1528 322 1576 ab
335 1528 367 1575 his
380 1527 426 1574 fieri
439 1528 493 1575 solet
506 1528 543 1586 qui
555 1527 583 1574 ad
596 1528 699 1576 virtutem
711 1541 732 1575 et
745 1528 837 1576 honores
850 1541 931 1576 rectam
943 1530 974 1576 vi·
1042 1556 1046 1571 ε

188 1603 253 1652 vendi
271 1603 329 1651 viam
344 1601 502 1660 ingrediuntur,
519 1601 594 1650 litteris
610 1602 711 1651 achonis
729 1602 812 1651 artibus
830 1602 976 1661 percipiendis

189 1677 255 1724 dedit.
266 1675 432 1724 Accuratissime
442 1675 532 1733 quidem
542 1673 678 1733 eloquentiae
688 1695 713 1722 ac
723 1673 873 1733 philosophiae
883 1674 974 1733 studuit,
1043 1681 1046 1689 ⁹

148 1749 176 1797 20
191 1748 251 1807 quod
266 1748 339 1796 haberi
350 1746 460 1794 doctrinae
470 1747 523 1794 istae
534 1766 620 1794 summo
630 1747 653 1793 in
664 1747 736 1805 precio
747 1767 772 1794 ac
782 1747 864 1793 honore
875 1747 976 1794 solerent.

230 1820 381 1869 Adolescentia
392 1838 443 1868 vero
454 1832 534 1874 exacta,
547 1839 613 1878 quam
624 1820 721 1878 primum
733 1818 796 1868 bonis
807 1819 889 1868 artibus
901 1820 973 1868 imbu-
1042 1859 1044 1873 ³

189 1907 224 1942 tus
243 1907 308 1952 atque
328 1906 424 1942 maturus
440 1892 488 1946 luit,
505 1892 598 1941 Romam
613 1892 723 1952 profectus
739 1906 778 1947 est,
795 1893 854 1951 quod
869 1892 929 1941 illam
943 1892 971 1941 ad

189 1966 266 2013 urbem
277 1978 329 2014 tunc
340 1965 405 2014 veluti
418 1966 528 2023 quandam
538 1965 566 2012 ad
577 1983 649 2013 arcem
659 1984 684 2012 ac
696 1964 831 2012 domicilium
842 1964 973 2012 liberalitatis

189 2052 210 2087 et
225 2039 344 2088 litterarum
361 2038 485 2087 amatricem
502 2037 636 2087 confluerent
654 2058 729 2087 omnes
748 2038 785 2097 qui
804 2051 874 2087 essent
892 2039 970 2088 virtute

147 2113 175 2160 25
190 2112 262 2169 aliqua
270 2113 348 2169 prediti
357 2111 455 2160 homines
462 2131 568 2169 spemque
575 2111 642 2160 ullam
650 2111 727 2168 premii
735 2131 760 2159 ac
768 2111 856 2168 honoris
864 2110 977 2159 haberent.

189 2183 269 2231 Exacto
282 2204 369 2242 nanque
382 2184 463 2231 interea
476 2183 533 2232 civili
547 2182 604 2231 bello
617 2196 683 2241 atque
694 2182 780 2247 ¹llamma
794 2183 921 2231 triumvirali
932 2183 974 2230 iam

189 2258 281 2305 extincta
298 2256 416 2315 imperabat
432 2256 571 2311 Octavianus,
588 2258 625 2315 qui
642 2256 721 2305 teneris
737 2257 765 2305 ab
780 2257 842 2305 annis
859 2256 881 2303 in
898 2256 972 2305 litteris

189 2342 285 2378 versatus
296 2342 351 2378 esset
362 2341 427 2386 atque
438 2329 490 2377 orbe
502 2341 577 2387 pacato
589 2349 655 2387 quam
667 2329 759 2377 maxime
771 2329 793 2376 in
805 2328 886 2376 deliciis
898 2328 973 2376 doctos
1042 2332 1043 2341 ³

190 2402 284 2456 haberet,
296 2402 343 2450 illos
353 2396 467 2458 presertim
478 2402 515 2459 qui
527 2400 655 2448 excellerent
666 2400 709 2449 ulla
720 2401 743 2449 in
754 2414 815 2459 parte
826 2420 881 2458 quae
892 2401 919 2448 ad
930 2400 976 2447 elo·
1041 2417 1046 2462 ¹j

147 2475 176 2523 30
192 2474 303 2533 quentiam
312 2474 436 2533 pertineret.
447 2474 509 2523 Brevi
520 2474 585 2532 igitur
595 2473 688 2532 principi
700 2474 799 2530 cognitus
809 2484 831 2521 et
841 2471 903 2521 lacile
913 2490 976 2520 carus
1041 2523 1044 2527 „

188 2546 237 2601 luit,
253 2548 312 2605 quod
324 2548 346 2595 in
358 2568 384 2594 eo
395 2545 590 2604 pulcherrimarum
601 2547 681 2594 artium
692 2546 781 2604 scientia
794 2545 976 2604 philosophiaque
1041 2536 1046 2615 1

189 2641 213 2667 ac
227 2619 319 2689 vdicendi
339 2617 428 2667 facultas
449 2640 580 2676 quocunque
603 2620 626 2667 in
641 2637 719 2675 genere
733 2630 793 2666 tanta
808 2630 863 2665 esset
879 2617 939 2675 quod
953 2630 976 2664 et
1041 2616 1046 2690 1

189 2693 235 2739 sine
250 2691 322 2739 labore
330 2690 373 2739 ulla
382 2711 524 2749 quaecunque
533 2690 603 2752 vellet,
612 2692 645 2739 uti
653 2690 717 2739 vellet
726 2691 813 2745 diceret,
822 2702 843 2738 et
852 2710 908 2748 quae
916 2690 974 2739 dice·
1046 2691 1047 2696 ’

189 2778 221 2815 ret
236 2777 294 2815 tanta
305 2784 355 2816 cum
366 2765 474 2822 gravitate,
486 2777 570 2820 ornatu,
582 2765 687 2824 elegantia
698 2765 779 2814 diceret
790 2763 850 2823 quod
861 2763 975 2823 haudqua*

145 2882 290 2889 ,ΡΨ

188 2955 207 2998 8.
221 2954 273 2999 Ante
287 2953 344 3000 hoste
357 2952 472 2997 uocabulum
486 2953 572 2996 nominis
586 2952 625 2997 del.
684 2952 714 2997 l3.
728 2971 739 2995 a
754 2959 767 2996 i.
783 2971 811 3002 r.;
826 2958 860 2998 vix
875 2969 910 3005 per
924 2959 975 3001 aaa

148 3021 199 3066 lulio
213 3021 296 3066 Caesare
309 3040 333 3067 ex
350 3019 423 3065 lulium
437 3019 541 3064 Caesarem
556 3038 604 3065 corr.
