2093 3253
123 200 125 202 ’
175 202 216 249 324
388 225 389 230 =
481 215 573 246 sicconis
587 203 702 248 nouanrom

261 330 347 380 Omitto
361 329 444 387 reliqua
458 332 519 389 (sunt
532 330 590 378 enim
603 329 674 390 plura)
687 351 743 389 quae
757 329 868 378 Ciceronis
880 330 909 378 ad
922 330 1006 384 laudem

220 403 277 453 dicta
289 402 322 453 vel
334 401 516 461 splendidissimis
527 422 539 451 a
551 402 603 453 viris
613 423 638 452 ac
649 403 738 461 optimis
748 424 761 452 a
771 402 855 451 civibus
866 414 955 460 possent
966 405 1005 455 im-

220 475 328 535 presentia
339 475 462 524 memorari.
476 474 508 524 lta
519 475 578 524 enirn
589 475 707 534 perplures,
720 476 851 535 eosdemque
862 476 977 534 primarios
986 494 1006 529 et

220 549 356 607 gravissimos
366 549 430 603 cives,
440 561 462 596 et
471 548 564 607 publicis
574 550 596 597 in
605 549 700 598 consiliis
710 562 731 597 et
740 550 829 607 privatis
838 550 861 597 in
870 551 1005 601 sermonibus

194 622 207 672 5
224 622 251 671 de
262 623 296 671 his
304 641 360 682 quae
368 623 433 681 gessit
441 621 517 672 consul
526 622 610 672 locutos
619 633 702 672 constat
710 634 735 671 ut
744 621 804 671 nullo
813 623 841 670 de
848 623 895 671 viro
904 622 1005 682 sapiente,

221 694 281 744 nullo
294 695 322 744 de
334 696 381 744 cive
394 695 459 750 bono,
473 694 534 744 nullo
547 695 574 744 de
586 695 675 745 consule
688 708 776 744 strenuo
788 716 814 744 ac
826 694 877 745 lorti
890 697 1006 761 quicquam

221 769 264 817 dici
274 788 338 827 posse
348 768 441 826 amplius
452 769 557 817 videatur.
569 769 648 827 Neque
657 786 709 818 vero
719 770 772 817 haec
781 770 805 817 in
815 769 869 818 urbe
879 768 958 824 solum,
969 775 1005 822 sed

219 860 258 898 per
274 839 358 906 ltaliam
368 859 393 888 ac
404 860 479 888 omnes
490 840 519 888 ad
529 840 650 899 provincias
662 853 683 889 et
694 840 777 890 litterae
788 853 809 890 et
820 841 894 890 nuncii
905 856 957 890 cum
969 863 1005 894 sua

184 932 186 935 ’
221 926 298 972 sponte
309 926 358 962 tum
371 913 398 962 de
410 913 517 962 industria
528 913 564 962 alii
577 926 627 977 sunt
640 914 669 962 ad
680 913 733 962 alios
746 914 806 962 missi
818 914 877 973 pleni
889 913 954 969 lama,
968 936 1005 964 no-

183 989 208 1036 ll)
223 989 288 1041 mine,
300 987 400 1035 laudibus
412 986 530 1034 Ciceronis.
542 986 683 1046 Hasnanq'ue
691 987 720 1034 ob
728 1005 762 1035 res
770 987 793 1035 in
801 987 918 1036 Catilinam
925 1000 947 1037 et
954 1009 1005 1038 con-

192 1119 194 1123 ‚
221 1062 301 1109 iuratos
310 1071 371 1107 tanto
378 1079 430 1107 cum
437 1059 518 1113 animo,
526 1059 582 1114 fide,
587 1059 691 1117 sapientia
699 1073 769 1118 gestas
784 1060 912 1118 splendebat
927 1081 1005 1111 nomen

223 1153 294 1186 suum:
310 1151 351 1179 nec
366 1131 426 1179 domi
441 1132 557 1179 auctoritas
573 1132 619 1179 eius
634 1151 660 1179 ac
675 1133 771 1190 potentia
787 1134 857 1181 minor
873 1152 940 1191 quam
954 1132 1004 1182 loris

222 1211 302 1253 nornen
311 1217 332 1252 et
340 1202 398 1251 lama
406 1216 459 1252 erat.
468 1204 552 1252 Mansit
560 1224 628 1252 annos
637 1202 710 1262 plures
719 1204 754 1252 liic
763 1205 804 1252 sibi
812 1218 862 1262 post
871 1204 1005 1254 consulatum

222 1278 298 1332 bonos,
309 1289 334 1324 ut
345 1288 402 1324 esset
412 1296 470 1324 unus
480 1276 526 1334 ipse
537 1276 575 1335 qui
585 1275 683 1330 consilio,
694 1276 744 1331 fide,
755 1277 881 1325 auctoritate
891 1277 1004 1336 principari

136 1410 140 1417 ²
183 1351 208 1399 15
225 1370 268 1398 non
283 1351 306 1399 in
318 1348 366 1397 loro
380 1349 445 1398 modo
457 1349 516 1407 apud
529 1348 611 1398 iudices
623 1347 812 1398 addelendendos
825 1350 906 1403 amicos
918 1349 1004 1408 privatis

222 1424 245 1470 in
259 1422 337 1477 causis,
350 1421 390 1470 sed
403 1423 449 1479 ipsa
462 1421 527 1470 etiam
540 1422 563 1469 in
576 1422 638 1478 curia,
648 1421 707 1479 apud
719 1434 791 1480 patres
803 1422 832 1470 ad
844 1422 1004 1479 gubernandam

222 1487 395 1552 rempublicam
409 1505 459 1541 ante
475 1493 529 1541 alios
546 1492 620 1541 lavore
636 1500 666 1540 ac'
678 1508 785 1540 consensu
802 1492 910 1541 bonorum
922 1494 1005 1541 civium

179 1578 181 1581 “
219 1567 336 1630 videretur.

263 1640 346 1688 Verum
359 1658 416 1697 quae
430 1639 459 1687 ad
472 1638 576 1687 virtutem
596 1638 666 1687 solent
686 1638 781 1686 humana
801 1639 886 1697 ingenia
907 1639 1003 1692 excitare,

177 1713 206 1761 20
221 1712 277 1760 duae
291 1730 324 1760 res
337 1711 384 1765 iste,
398 1710 492 1759 laudatio
505 1714 526 1758 et
538 1711 642 1769 potentia,
655 1710 716 1768 quod
735 1723 827 1769 utraque
839 1723 934 1759 caeteros
946 1724 1004 1759 ante-

221 1785 268 1838 iret,
279 1795 390 1831 traxerunt
403 1784 476 1840 ipsum
489 1783 609 1830 maximum
621 1782 644 1829 in
658 1794 766 1831 certarnen
779 1802 804 1830 ac
813 1784 869 1830 vitae
883 1779 1003 1837 discrimen,

221 1856 282 1916 quod
296 1855 360 1917 pauci
375 1876 420 1904 non
434 1855 525 1905 moleste
534 1853 616 1904 ferrent
626 1855 700 1915 ipsum
710 1869 822 1915 tantopere
833 1855 935 1911 eminere,
947 1856 1005 1915 quod

222 1949 268 1978 esse
282 1948 340 1978 unus
358 1929 405 1987 ipse
424 1928 462 1987 qui
481 1927 610 1986 gubernaret
629 1946 675 1977 rem
690 1927 800 1987 publicam
815 1948 840 1976 ac
850 1941 923 1987 posset
935 1928 1005 1978 omnia

221 2004 337 2051 videretur.
353 2002 477 2050 audiebant
489 2002 548 2049 enirn
560 2002 648 2049 auribus
660 2002 728 2059 aegris
741 2021 785 2049 non
797 2001 879 2063 inimici
891 2001 958 2049 modo
969 2002 1005 2049 sed

178 2075 206 2125 25
221 2074 315 2134 improbi
330 2094 419 2133 quoque
433 2094 458 2122 ac
472 2072 540 2122 invidi
562 2071 621 2122 nulla
642 2073 720 2122 iniuria
741 2073 832 2122 lacessiti
854 2086 914 2123 tanta
935 2075 1005 2134 ipsum

221 2148 345 2198 laudatione
356 2160 460 2207 tantaque
471 2147 598 2195 auctoritate
609 2167 635 2195 ac
646 2148 743 2205 potentia
754 2146 873 2202 sublimari,
886 2147 1005 2197 stomacha»

222 2222 345 2278 banturque
360 2221 419 2268 taciti
436 2240 510 2268 secum
526 2233 547 2267 et
563 2240 630 2278 quem
646 2233 712 2267 manu
728 2233 815 2277 tangere
831 2240 875 2268 non
891 2220 1004 2272 audebant,

219 2294 299 2352 lingua,
313 2292 439 2346 voluntates
444 2292 551 2341 desiderio
564 2291 728 2350 impugnabant,
741 2292 806 2341 Adde
818 2293 879 2352 quod
891 2292 1006 2341 fremerent

221 2367 243 2414 in
259 2387 310 2415 eum
323 2386 349 2414 ac
363 2386 425 2414 suam
436 2367 459 2414 in
470 2365 588 2424 perniciem
599 2365 711 2424 vigilarent
723 2386 767 2414 non
778 2366 842 2424 pauci
849 2365 895 2414 illis
906 2367 1006 2415 etiamen

178 2440 207 2488 30
223 2440 275 2497 ipsis
286 2438 327 2498 ¹qui
342 2436 420 2492 lronte,
431 2438 509 2493 verbis,
519 2436 663 2486 familiaritate
671 2438 796 2486 amicissimi
806 2451 934 2496 putarentur
942 2438 1007 2486 elien·

222 2525 299 2570 resque
312 2523 384 2559 essent
398 2512 431 2558 sui
444 2530 469 2558 ac
483 2510 546 2557 saluti
560 2511 606 2558 eius
619 2510 675 2558 bene
688 2509 807 2564 consulere,
821 2510 900 2565 lavere,
914 2507 1008 2576 auxiliari

223 2583 321 2633 obstricti
335 2603 413 2641 magno
426 2583 491 2631 etiam
503 2582 609 2631 beneficio
622 2583 755 2631 debuissent.
769 2582 885 2632 Enimvero
898 2583 939 2632 sibi
952 2579 1008 2631 haud

223 2656 272 2715 plus
287 2656 370 2714 negocii
384 2676 435 2704 cum
448 2654 542 2704 Catilina
554 2668 576 2703 et
589 2655 705 2704 coniuratis
719 2654 773 2703 dum
786 2668 842 2704 esset
855 2656 931 2705 consul
944 2673 1008 2715 quam

183 2753 184 2757 ¹
223 2742 272 2788 post
287 2729 426 2777 consulatum
441 2748 493 2777 cum
508 2729 587 2777 invidis
603 2728 733 2777 etinimicis
749 2727 798 2778 luit.
816 2727 873 2777 lllud
889 2729 954 2777 etiarn
969 2725 1008 2775 sibi

180 2803 208 2851 35
224 2803 265 2850 hoc
275 2815 374 2860 tempore
384 2801 525 2860 periculosius
536 2800 659 2856 accedebat,
671 2800 731 2860 quod
741 2801 847 2860 potiretur
857 2815 910 2850 tunc
921 2799 1010 2859 imperio

222 2875 329 2924 consulari
341 2887 363 2923 et
375 2875 490 2924 cohercere
502 2874 619 2922 sediciosos
631 2886 711 2931 posset,
725 2873 842 2922 bisantem
853 2873 1010 2931 diebuspotes

222 2961 289 2995 tatem
303 2946 414 3006 publicam
426 2946 514 2994 baberet
525 2945 659 3003 nullamnec
670 2946 751 2994 amicos
767 2944 830 2995 lacile
846 2946 968 2995 discernere
982 2941 1009 2991 ab
