2093 3253
239 181 371 212 scnnronun
386 181 515 212 uiusrruun
528 194 542 199 —
556 159 616 213 irisan
629 181 682 212 xvu..
835 168 880 214 467·

85 297 139 344 alter
154 296 278 353 magistratu
292 296 356 353 potiri
370 295 415 343 ullo
429 309 449 344 et
463 297 563 345 consulto
576 309 597 345 et
611 296 721 354 sapienter
736 297 875 354 contempsit.

76 403 78 407 ψ
88 367 228 424 Magistratus
238 367 298 422 obire
309 367 376 415 Mella
387 368 503 416 delectatus
514 382 553 422 est,
564 368 660 416 Gallioni
678 381 754 416 autem·
768 368 874 426 (egregius

15 485 17 488 Α
82 437 124 488 hic
141 438 337 505 declamator-luit)
354 441 427 490 ocium
443 454 464 490 et
480 442 523 491 vita
540 441 612 501 quieta
629 439 769 491 anteromnia
786 440 874 500 placuit.

89 513 170 561 Seneca
179 532 237 568 vero,
247 514 285 572 qui
294 532 370 562 eorum
379 527 431 562 natu
440 515 507 562 maior
516 528 567 568 erat,
577 514 631 566 nihil
641 514 752 573 antiquius
762 515 873 569 doctrinis,

62 585 74 634 5
91 579 144 632 nihil
155 584 241 633 suavius
252 584 395 644 philosophia,
407 587 520 645 presertim
531 586 613 641 morali,
625 607 671 635 esse
682 586 773 645 putavit.
786 586 875 636 Studuit

88 657 153 705 etiam
171 656 305 716 eloquentiae
324 678 363 708 nec
381 659 404 707 in
422 658 562 708 declamando
581 679 658 718 parurn
676 658 745 708 laudis
765 672 788 708 et
807 660 875 718 gratie

89 742 198 778 assecutus
208 743 247 779 est.
256 730 339 780 Verum
347 731 507 790 philosophiam
516 753 542 781 ex
551 733 653 781 omnibus
664 731 745 787 studio,
761 751 820 786 cura,
836 732 874 780 de-

76 850 77 855 ,
89 802 168 850 siderio
177 822 263 851 summo
270 804 382 862 amplexus
391 804 457 853 coluit
466 818 531 864 atque
540 806 562 855 in
571 806 654 855 deliciis
664 805 747 855 habuit.

130 876 270 934 Appellatum
285 878 390 925 Senecam
405 872 478 936 ipsum
493 879 553 937 quod
568 899 591 926 se
606 879 688 926 necarit
704 878 789 936 opinari
805 878 875 925 solent
890 902 892 904 ·

13 991 15 994 .
50 952 76 999 10
91 949 129 1006 qui
142 950 186 997 veri
199 949 265 997 nescii
278 950 370 997 diffinire
383 950 406 998 id
418 971 498 998 nomen
506 971 532 1015 ex
540 951 598 999 vocis
610 971 664 998 sono
673 963 694 998 et
706 947 829 998 coniectura
835 960 876 997 ‘vo-

90 1022 148 1072 lunt*
160 1021 218 1071 Mihi
232 1034 305 1071 autem
320 1022 357 1081 qui
373 1022 503 1072 dissentiunt
518 1023 596 1072 habere
616 1023 711 1081 potiores
724 1022 807 1081 placet,
827 1035 876 1072 turn

85 1096 150 1154 quod
164 1096 333 1155 haudquaquam
348 1117 370 1144 se
385 1098 472 1151 necarit,
488 1109 512 1145 ut
526 1097 657 1164 arbitrantur
673 1096 711 1150 illi,
727 1097 766 1144 sed
780 1097 875 1144 Neronis

90 1170 150 1218 iussu
161 1184 248 1219 coactus
260 1170 334 1219 mortis
346 1190 414 1227 genus
426 1168 519 1227 elegerit,
531 1183 579 1218 tum
594 1169 655 1227 quod
670 1169 734 1227 longe
749 1169 876 1227 priusquam

91 1253 184 1289 mortem
199 1243 268 1289 obiret
283 1243 324 1288 hoc
340 1243 381 1288 isto
396 1254 540 1298 cognomento
555 1242 636 1289 Seneca
651 1252 770 1288 vocaretur.
786 1241 839 1297 Age,
858 1241 876 1286 si

52 1315 77 1363 15
92 1335 104 1362 a
118 1334 153 1371 me
166 1314 239 1373 cupiat
249 1314 298 1374 quis
312 1314 389 1362 certior
400 1313 446 1362 fieri
459 1332 497 1363 cur
508 1314 590 1363 Seneca
602 1312 729 1373 appelletur,
740 1312 876 1372 respondeat,

90 1407 165 1443 queso,
174 1406 212 1433 cur
220 1386 312 1434 fratrum
320 1386 372 1433 alter
381 1386 460 1439 Gallio,
468 1386 522 1434 alter
530 1386 598 1434 Mella
605 1399 701 1434 vocetur.
711 1386 771 1432 Haec
778 1384 875 1443 quidem,

92 1479 147 1517 quae
160 1458 243 1507 minuta
255 1457 304 1517 plus
318 1458 385 1507 nimio
398 1471 482 1513 suntet
495 1458 559 1517 longa
571 1459 614 1508 iam
627 1472 733 1508 vetustate
746 1458 824 1508 obruta
837 1479 877 1507 nec

91 1531 181 1580 tortasse
199 1531 239 1580 illis
257 1532 295 1591 qui
313 1553 390 1581 eocum
407 1533 503 1581 viverent
521 1545 572 1581 nota
589 1532 684 1587 luerunt,
703 1532 811 1591 incognita
829 1553 875 1580 esse

20 1620 22 1624 ⁴
91 1604 153 1652 nobis
170 1618 297 1662 persuasum
312 1604 384 1652 velim.
401 1604 462 1651 Bono
478 1604 551 1652 animo
566 1604 690 1658 toleremus,
707 1605 768 1662 quod
784 1625 831 1652 esse
848 1605 877 1651 ri-

50 1679 78 1727 20
93 1675 304 1727 diculum‘videarur
321 1676 432 1740 defatigari
450 1677 612 1736 investigatione
629 1676 715 1726 illarum
731 1696 804 1726 rerum
820 1697 876 1737 quae

93 1772 201 1810 nusquam
211 1751 306 1799 inveniri
319 1764 407 1809 queant.
589 1764 591 1767 ⁴

113 1856 114 1859 =
133 1823 228 1872 Gerebat
243 1825 266 1872 in
281 1823 356 1872 Gallos
371 1823 453 1871 bellum
471 1823 543 1872 lulius
553 1823 639 1878 Caesar,
655 1836 762 1882 quantum
776 1823 875 1877 arbitror,

89 1916 143 1943 cum
155 1908 227 1943 noster
240 1896 322 1944 Seneca
335 1908 464 1943 nasceretur.
478 1893 580 1944 Nutritus
592 1909 624 1944 est
638 1895 754 1944 Cordubae
766 1896 826 1954 apud
838 1916 877 1954 pa-

92 1980 170 2016 rentes.
184 1967 296 2015 Interdum
307 1969 372 2015 etiam
382 1968 441 2025 apud
451 1968 540 2016 amitam
550 1967 592 2016 luit
603 1981 624 2016 et
635 1968 671 2027 pio
683 1981 824 2027 maternoque
835 1989 877 2016 nu-

51 2041 78 2095 25
93 2041 155 2089 tricia
168 2040 214 2089 eius
227 2060 265 2100 per
278 2034 368 2100 longum
379 2054 465 2100 tempus
478 2060 540 2100 aeger
552 2041 668 2091 convaluit.
681 2040 813 2090 Adolescens
825 2060 878 2091 vero

51 2157 53 2159 .
92 2114 115 2161 in
130 2135 181 2162 eum
195 2114 296 2161 morbum
311 2135 337 2161 ex
351 2115 405 2162 tussi
420 2134 445 2161 ac
460 2113 521 2161 febre
536 2114 637 2172 delapsus
653 2128 685 2162 est
700 2115 759 2162 unde
774 2115 797 2162 in
811 2115 878 2172 tysim

92 2204 180 2235 casurus
197 2187 243 2234 sine
261 2186 328 2234 dubio
345 2187 419 2244 peritis
437 2188 501 2235 etiam
519 2187 607 2235 medicis
624 2187 740 2245 videretur.
759 2185 839 2235 Nullus
857 2186 877 2234 ei

93 2273 163 2309 metus
175 2259 237 2308 initio
248 2272 299 2314 erat,
312 2259 372 2318 quod
382 2259 526 2308 adolescentia
537 2259 618 2309 viribus
630 2258 709 2308 florens
720 2273 776 2308 esset
787 2272 809 2319 et
820 2258 879 2308 iniu-

93 2333 134 2381 rias
142 2331 199 2380 lerre
207 2352 273 2390 seque
281 2332 383 2381 adversus
392 2350 464 2390 gerere
472 2345 623 2380 contumacem
631 2352 695 2390 posse
703 2332 786 2380 fideret.
795 2330 879 2380 Verum

52 2404 80 2451 30
96 2425 140 2462 quo
150 2404 199 2462 plus
209 2404 305 2452 valitudo
316 2404 370 2452 mala
380 2416 417 2451 aut
427 2416 551 2462 contempta
560 2416 597 2452 aut
608 2403 703 2462 neglecta
713 2404 820 2462 principio
829 2404 878 2462 ipso

93 2476 142 2531 tuit,
160 2497 186 2524 eo
204 2478 270 2534 magis
288 2477 369 2525 radices
387 2477 518 2541 robustiores
536 2476 582 2524 fixit
599 2477 697 2535 adeoque
714 2477 792 2530 nervis,
810 2477 876 2529 carni,

93 2550 178 2598 ossibus
191 2549 282 2599 inhaesit
295 2563 319 2598 ut
332 2570 388 2608 quae
401 2548 479 2607 depelli
492 2549 588 2607 primum
600 2547 662 2598 tacite
675 2549 788 2608 potuisset,
801 2569 826 2597 ea
838 2569 877 2597 cu-

94 2624 135 2671 rari
150 2643 213 2681 posse
227 2622 287 2671 nullo
301 2621 397 2671 remedio
411 2635 486 2680 postea
499 2622 618 2670 timeretur.
632 2620 664 2669 Eo
678 2639 765 2678 nanque
779 2619 877 2677 pervenit

94 2695 154 2753 quod
170 2715 277 2743 summam
293 2686 324 2743 ad
337 2695 427 2743 maciem
443 2694 549 2743 deductus
565 2693 619 2741 nihil
634 2693 723 2741 haberet
739 2691 800 2750 quod
815 2711 878 2750 spem

54 2816 197 2827 ¹⁸——

94 2883 113 2927 9.
128 2884 159 2929 Ex
172 2882 246 2936 opinati
259 2900 309 2928 corr.
322 2881 341 2927 O
355 2882 432 2935 opinari
445 2881 469 2926 F.
526 2879 556 2927 14.
570 2891 655 2926 mortem
664 2886 678 2925 ἰ.
687 2898 713 2925 m.
724 2878 794 2925 codicis
804 2880 821 2925 F
831 2879 878 2923 add.

52 2947 115 2995 Sicco.
173 2947 203 2994 l5.
217 2949 259 2994 fieri
273 2954 292 2995 r'n
307 2949 323 2994 F
337 2968 382 2994 sscr.
396 2948 459 2995 Sicco.
515 2948 547 2994 27.
561 2948 620 2993 etiam
634 2953 654 2992 in
668 2947 685 2992 F
698 2967 744 2993 sscr.
758 2947 823 2993 Sicco.
