2093 3253
127 191 153 235 92
425 204 520 235 srccoms
534 204 653 237 commoni

142 361 144 366 .
170 337 228 373 vero,
244 320 283 366 etsi
291 338 370 377 genere
378 339 403 366 ac
411 317 504 367 fortunis
517 319 656 367 tenuissimus
670 332 733 374 esset,
747 319 834 377 ingenio
842 333 915 368 tamen

166 411 230 450 squas,
251 404 276 440 ut
291 392 343 447 dixi,
360 404 491 452 perceperat,
509 392 612 440 doctrinis
629 393 726 451 egregius
744 393 817 451 peritis
835 412 886 441 cum
902 412 916 441 v

166 464 324 525 nobilibusque
336 486 361 515 ac
371 465 462 515 civitatis
472 466 607 525 principibus
617 466 700 515 habuit.
713 465 761 514 Nec
774 466 868 523 difficile;
881 467 954 526 ipsum

139 583 141 586 ,
170 539 228 598 enim
238 538 353 588 extollebat
362 539 442 588 mirum
450 540 473 588 in
483 539 574 588 modum
583 540 671 588 scientia
680 540 834 595 doctrinarum,
844 541 911 599 quod,

143 612 156 660 5
171 624 223 666 erat,
234 610 305 660 bonus
316 631 362 660 esse
373 623 436 670 poeta
446 631 471 659 ac
481 611 623 670 philosophus
634 611 750 672 videretur.
760 611 856 674 Gratum
865 631 910 671 quo

169 683 242 742 ipsum
257 697 416 744 acceptumque
432 682 524 732 faciebat
536 684 600 744 ,quod
616 684 689 734 vultus
706 685 726 733 ei
738 684 913 745 haudquaquam
928 699 953 734 ut

168 757 243 806 multis
260 750 418 816 cogitabundus
436 770 457 805 et
474 758 540 805 tristis
557 757 596 806 sed
613 757 685 806 hilaris
702 778 788 817 semper
804 779 830 807 ac
846 758 953 818 iucundus

141 882 151 888 u
160 842 233 888 ,essee
248 831 316 877 comis
330 831 396 878 etiam
410 829 483 887 lingua
496 829 537 877 sibi
551 842 613 884 essen
628 830 761 887 conversatio
775 830 869 890 denique
882 832 953 878 omnis

169 901 259 961 urbana,
271 901 355 958 festiva,
367 902 460 952 liberalis
471 904 534 951 esset.
548 902 662 961 Ingenium
673 922 724 951 vero
735 923 748 951 a
759 914 835 951 natura
846 902 888 951 sibi
899 902 954 951 adeo

131 977 157 1024 10
166 994 266 1033 ‚pronum
280 996 305 1024 ac
319 974 417 1024 versatile
432 976 460 1024 ad
475 996 531 1033 quae
546 975 609 1024 vellet
624 976 697 1024 omnia
713 976 788 1024 datum
802 988 848 1037 erat
863 988 888 1024 ut
899 976 959 1034 binc,

154 1048 228 1105 apud
242 1066 316 1105 graues
334 1061 355 1095 et
371 1049 446 1096 doctos
463 1048 491 1095 ad
503 1048 664 1106 disputationes
675 1061 708 1099 ,et'
718 1049 790 1106 studia
806 1048 954 1096 doctrinarum

169 1118 259 1175 peritus,
273 1131 298 1168 ut
312 1131 363 1174 erat,
379 1131 400 1168 et
414 1118 482 1177 gravis
496 1118 612 1175 videretur,
627 1117 685 1175 inde,
699 1118 718 1167 si
731 1117 850 1178 postularet
863 1119 954 1175 occasio,
980 1139 981 1142 ’

169 1192 228 1249 apud
242 1193 323 1241 amicos
337 1204 358 1241 et
372 1191 454 1241 sodales
468 1192 575 1240 iocundus
584 1204 610 1240 vet
623 1191 679 1252 letus
693 1212 733 1240 nec
746 1190 806 1240 aliud
819 1212 885 1250 quam
895 1192 954 1252 *risus
1038 1190 1040 1198 '

153 1276 191 1318 „et
205 1265 266 1311 iocus
281 1277 343 1312 esset.
357 1264 460 1313 Venereis
473 1276 546 1313 autem
559 1264 642 1312 iuvenis
656 1263 773 1322 delectatus
784 1277 817 1312 est
827 1264 954 1322 plurimum.

131 1337 156 1384 15
172 1335 244 1386 Taceo
259 1337 348 1395 reliqua.
363 1336 479 1395 Speculato
490 1336 580 1394 quidem
590 1335 691 1395 cubiculo
702 1348 727 1386 ut
737 1355 760 1383 se
770 1348 885 1384 coeuntem
894 1336 955 1384 vide-

170 1421 202 1456 ret
216 1428 255 1468 per
265 1409 338 1458 iocum
348 1428 503 1469 saepenumero
511 1428 566 1466 ,usus
576 1408 652 1457 fertur.
663 1408 700 1456 Sic
710 1409 769 1456 enim
778 1409 851 1468 iuveni
861 1409 954 1471 circum·

161 1482 252 1539 ,spicere
267 1502 292 1530 ac
308 1481 413 1540 speculari
429 1483 452 1530 in
468 1481 561 1539 speculis
577 1482 674 1530 coeuntis
690 1482 807 1539 imaginem
823 1481 911 1540 placuit.
929 1482 954 1530 ld

144 1611 146 1614 .
164 1555 260 1613 quidem
275 1555 407 1613 Epicureum
418 1568 463 1603 erat
474 1555 606 1613 institutum,
618 1567 645 1604 ut
654 1554 735 1607 libebat
746 1575 772 1603 ex
783 1555 850 1603 animi
867 1569 953 1615 senten-

150 1681 151 1684 *
170 1626 199 1674 tia
211 1628 289 1683 vivere,
302 1627 363 1687 quod
374 1648 486 1675 summum
498 1626 582 1676 bonum
593 1648 640 1675 esse
651 1627 674 1675 in
686 1626 916 1690 voluptate-putarent.

129 1703 157 1750 20
216 1702 298 1750 Interea
316 1721 367 1750 vero
386 1701 439 1750 dum
457 1702 532 1750 litteris
551 1702 646 1756 studeret
665 1701 774 1757 Horatius,
789 1702 875 1760 bellum
893 1703 955 1761 civile

171 1775 238 1822 movit
253 1773 415 1833 Caesaratque
433 1775 490 1823 victo
508 1774 611 1830 Pompeio
629 1774 741 1831 usurpavit
758 1768 881 1832 imperium.
900 1774 955 1822 Rem

170 1858 242 1894 autem
257 1845 335 1895 deinde
350 1846 470 1896 Romanam
485 1866 529 1895 non
543 1858 628 1895 senatus
642 1845 763 1904 auctoritas,
777 1865 822 1895 non
840 1845 955 1909 consilium

170 1918 291 1975 publicum,
307 1931 332 1967 ut
347 1919 426 1967 soleret
441 1919 527 1968 civitate
542 1917 609 1967 libera
624 1918 708 1976 legibus
723 1939 749 1966 ac
759 1938 824 1979 ¹more
841 1918 954 1975 maiorum,

171 1991 209 2040 sed
224 1992 288 2040 unius
304 1992 408 2051 principis
424 1991 522 2041 voluntas
535 2004 557 2041 et
567 1991 680 2040 arbitrium
690 1991 824 2050 gubernavit.
836 1991 905 2040 Caeso
915 2013 954 2040 au-

130 2066 157 2113 25
172 2076 218 2111 tem
230 2064 285 2112 lulio
294 2065 385 2113 Caesare
395 2065 503 2122 principes
514 2065 572 2112 necis
583 2065 629 2112 eius
639 2064 675 2111 alii
685 2064 780 2119 aliosed,
789 2065 827 2122 qui
837 2064 902 2113 huius
910 2078 955 2113 erat

170 2136 241 2185 caedis
256 2150 331 2185 auctor
346 2157 371 2186 ac
387 2137 494 2203 princeps,
512 2137 546 2186 M.
562 2137 642 2186 Brutus
658 2137 681 2184 in
697 2136 850 2185 Macedoniam
866 2156 954 2197 compa·

170 2211 248 2259 randas
262 2211 291 2259 ad
305 2213 384 2270 copias,
402 2212 481 2270 quibus
498 2231 521 2258 se
538 2231 563 2259 ac
578 2230 625 2259 rem
641 2211 752 2270 publicam
767 2224 865 2260 tueretur
881 2225 956 2260 contra

161 2283 205 2330 M.
220 2284 348 2339 Antonium,
359 2284 397 2341 qui
412 2283 487 2331 consul
501 2296 556 2331 esset
568 2303 593 2330 ac
606 2284 678 2330 omnia
691 2283 832 2340 perturbaret,
845 2282 955 2341 protectus

170 2367 209 2403 est.
227 2354 274 2402 Hos
289 2375 376 2414 nanque
392 2373 430 2414 per
446 2355 492 2403 dies
508 2353 599 2403 Athenis
615 2354 717 2403 studebat
733 2354 844 2404 Horatius.
860 2353 954 2404 Vocatus

79 2425 81 2427 ¹
129 2427 158 2476 30
172 2439 246 2476 autem
260 2428 311 2477 inde
325 2428 431 2477 concessit
445 2429 473 2477 ad
485 2428 578 2477 Brutum
590 2440 655 2486 atque
668 2440 718 2486 toga
730 2428 800 2486 posita
812 2427 884 2478 induit
896 2425 955 2476 arma
972 2482 974 2488 ,

170 2514 191 2548 et
205 2501 269 2550 amici
284 2514 361 2560 partes·
370 2503 454 2560 integro
471 2502 544 2550 animo
561 2514 647 2551 secutus
665 2514 705 2551 est.
723 2500 811 2560 Quippe
825 2500 954 2551 benivolen-

171 2574 223 2621 tiam
237 2574 277 2621 viri
293 2575 357 2622 huius
372 2574 436 2622 rebus
456 2575 564 2633 prosperis
580 2586 601 2621 et
616 2573 737 2633 tranquillis
752 2586 835 2631 partam
850 2574 916 2622 etiam
931 2575 954 2621 in

170 2645 265 2695 adversis
280 2659 302 2697 et
316 2646 415 2697 maximis
426 2646 449 2696 in
460 2646 561 2707 periculis
572 2645 639 2697 coluit
650 2667 735 2696 summa
745 2645 796 2696 fide.
808 2645 888 2697 Brutus
899 2668 955 2705 quo·
1021 2680 1023 2684 -

171 2738 214 2776 que
224 2718 257 2769 vir
267 2732 312 2769 erat
324 2719 400 2770 doctus
409 2731 430 2768 et
438 2739 493 2779 quos
502 2720 581 2779 peritos
590 2739 636 2784 esse
644 2732 783 2779 cognosceret
790 2719 876 2769 amabat
884 2732 955 2769 tenen¹

128 2793 157 2840 35
172 2788 233 2841 rime.
244 2793 292 2841 Nec
304 2793 389 2841 Horatii
401 2812 522 2849 personam,
531 2793 604 2855 fidem,
615 2810 712 2840 amorem
722 2792 764 2839 hoc
774 2794 796 2839 in
807 2792 871 2847 bello,
880 2793 955 2851 inquo

170 2975 188 3019 7.
203 2961 270 3019 multis
283 2980 297 3020 ι’.
311 2993 335 3026 ra
349 2984 392 3020 erat
406 2972 515 3029 plurisque.
