2093 3253
473 197 567 230 srcconts
581 197 700 229 Pottnront

215 314 302 373 publica
315 334 382 373 quam
396 312 483 362 illorum
496 313 558 373 sequi
572 311 688 362 consilium
701 313 739 371 qui
753 333 800 362 eam
813 312 847 361 vel
861 313 1001 371 pertinaciam

215 384 410 437 vet'constantiam
426 386 493 435 animi
510 387 631 435 tenuissent
648 398 680 440 ut,
698 407 752 444 quas
769 387 825 434 tueri
842 407 887 434 non
904 403 998 444 possent,

215 483 267 520 opes
282 480 307 509 ac
321 458 413 519 patriam
428 459 527 508 amittere
543 460 616 518 potius
632 480 657 509 ac
672 458 758 508 exulare
768 478 835 517 quam
849 478 931 517 ponere
940 478 998 510 arma

216 546 290 583 contra
303 531 418 582 Caesarem
430 530 557 582 voluissent.
570 532 644 591 Atque
657 531 711 581 illud
724 531 877 580 exhortabatur
889 532 963 591 ipsum
975 548 998 583 ut

187 607 200 656 5
216 607 271 656 banc
282 618 350 655 status
361 607 510 671 mutationem,
518 625 651 665 quamquam
659 605 748 654 molesta
755 605 796 665 sibi
807 618 829 654 et
839 605 928 654 adversa
936 621 997 662 esset,

214 679 320 738 patienter
327 677 399 732 ferret,
410 676 470 737 ciuod
478 676 607 736 intelligeret
616 680 656 739 ¹ista
665 677 739 726 diuino
749 677 836 733 iudicio,
846 676 890 726 non
899 678 997 727 humanis

215 749 309 800 consiliis
324 749 523 808 evenire.'Legerat
538 749 627 808 quidem
640 749 699 809 apud
711 749 830 805 Platonem,
844 749 998 809 philosophum

215 826 305 874 doctum
318 835 340 891 et
354 824 481 882 sapientem,
496 822 605 872 caelorum
619 822 796 872 conversionibus
810 822 856 872 lieri
870 836 895 871 ut
909 824 997 882 imperia
1046 833 1047 836 ’

215 898 281 946 modo
297 891 401 954 plurium,
419 895 484 944 modo
500 896 565 944 unius
582 895 671 944 arbitrio
686 908 708 943 et
724 908 829 954 potestate
845 908 953 954 regantur.
970 897 997 946 Se

174 973 199 1022 lO
215 990 302 1031 quoque
314 968 386 1017 minus
396 967 504 1027 affligebat
514 988 539 1016 ac
550 967 658 1017 recreabat
669 967 780 1016 interdum
790 988 841 1016 cum
852 968 998 1020 recordaretur

170 1037 173 1046 ἶ
214 1044 297 1092 bellum
306 1036 348 1090 hoc
358 1061 381 1090 se
391 1041 459 1090 invito
469 1061 494 1090 ac
504 1034 643 1090 dissuadente
651 1054 673 1090 et
683 1053 809 1099 susceptum
818 1054 840 1090 et
850 1042 935 1100 gestum
945 1063 997 1104 esse,

215 1114 308 1166 Proinde
322 1114 508 1179 rationem'vitae
527 1114 588 1173 quod
605 1107 666 1163 aliter
684 1114 757 1182 libera,
776 1114 837 1163 aliter
855 1133 958 1182 oppressa
976 1135 997 1166 re

151 1190 153 1195 ’
170 1185 172 1189 i
214 1190 300 1247 publica
313 1188 432 1237 vivendum
445 1207 492 1236 esse
506 1188 632 1245 perciperet,
647 1188 676 1236 ita
691 1189 782 1237 mutavit
795 1202 821 1236 ut
835 1185 914 1237 deinde
927 1190 997 1239 vivere

215 1254 238 1309 ea
253 1280 305 1309 curn
319 1259 466 1308 moderatione
477 1272 542 1318 atque
553 1259 669 1324 prudentia
680 1259 742 1321 quod
751 1279 823 1317 neque
833 1259 916 1307 adulari
928 1280 997 1320 neque
1043 1271 1046 1321 ’ζ

172 1335 201 1384 ’15
216 1333 277 1383 irasci
292 1331 391 1381 fortunae
407 1331 446 1380 sed
462 1349 545 1381 morem
562 1349 634 1390 gerere
649 1324 742 1391 tempori
759 1332 833 1392 quieto
849 1333 922 1380 animo
938 1333 996 1382 vide-

213 1420 278 1456 retur.
699 1458 701 1462 ,
1009 1466 1011 1468 q
1044 1400 1046 1404 ‚

225 1490 227 1492 ’
257 1475 336 1528 Omnis
352 1478 442 1539 quidem
457 1477 487 1525 rei
502 1476 601 1536 publicae
615 1476 684 1525 forma
698 1489 779 1526 mutata
789 1490 844 1532 erat,
858 1479 919 1536 quod
932 1477 996 1528 libere

170 1548 173 1560 ⁴
195 1546 203 1564 ⁸
216 1552 270 1601 nihil
285 1551 373 1610 publico
382 1549 478 1611 vconsilio
492 1568 530 1609 per
544 1562 651 1606 senatum,
662 1548 716 1598 nihil
727 1567 765 1609 per
775 1550 882 1610 populum
892 1565 996 1610 ageretur.
1044 1543 1047 1591 f

169 1617 171 1620 Α
217 1625 276 1675 Nam
290 1636 336 1674 erat
349 1643 406 1673 unus
419 1623 542 1672 dominator
553 1623 652 1671 omnium
665 1621 750 1678 Caesar,
764 1623 808 1682 qui,
822 1624 861 1672 etsi
873 1623 941 1673 videri
953 1644 997 1674 rem

171 1690 202 1748 '20
217 1696 326 1757 publicam
341 1710 397 1746 stare
411 1717 478 1755 seque
498 1707 609 1745 mansuete
629 1716 654 1745 ac
674 1695 769 1745 humane
788 1696 859 1755 ipsam
879 1698 996 1756 gubernare
1044 1737 1045 1740 η

152 1810 158 1822 ,
215 1770 285 1824 vellet,
296 1770 361 1818 armis
371 1781 444 1817 tamen
454 1788 479 1817 ac
490 1779 596 1827 potestate
607 1768 718 1816 dictatoria
728 1767 797 1816 fretus
805 1789 948 1829 quaecunque
958 1790 996 1818 suo
1044 1768 1046 1771 ’

215 1841 312 1897 consilio,
328 1861 368 1891 suo
382 1841 479 1896 arbitrio,
494 1861 534 1890 suo
548 1841 640 1900 imperio
653 1861 678 1889 ac
688 1853 743 1890 nutu
754 1841 877 1900 disponeret
888 1861 928 1892 nec
938 1863 996 1892 more
1042 1850 1047 1887 ’ς

171 1927 174 1929 ’
215 1917 321 1965 maiorum
340 1915 458 1975 quicquam
477 1933 516 1973 per
530 1913 587 1973 leges
603 1914 657 1969 fieri,
674 1915 707 1963 uti
724 1914 806 1963 solebat
823 1902 909 1964 civitate
924 1915 995 1970 libera,
1043 1922 1046 1973 ,ᾗ

171 1989 173 1993 ’
215 2000 330 2047 pateretur.
347 1988 372 2036 In
388 2000 464 2035 senatu
480 2006 530 2035 vero
547 1988 564 2034 si
580 1987 614 2045 agi
630 1987 749 2046 quicquam
764 1988 881 2046 aliquando
896 1989 995 2047 placeret,
1015 2029 1017 2034 .

172 2062 200 2110 25
214 2075 263 2110 tum
277 2081 332 2118 quae
346 2073 418 2110 essent
433 2072 492 2117 grata
508 2060 579 2118 potius
596 2059 682 2109 Caesari
698 2081 765 2119 quam
780 2061 895 2110 commoda
910 2061 940 2110 rei
956 2082 995 2120 pu·
1043 2116 1047 2119 μ

172 2140 173 2143 ’
214 2126 283 2182 blicae
297 2132 426 2187 dicerentur,
439 2131 512 2180 necin
523 2144 622 2181 senatum
632 2132 730 2181 venirent
740 2152 765 2180 ac
773 2134 891 2201 sententias
902 2133 996 2182 dicerent
1007 2179 1009 2183 ,
1042 2132 1046 2193 ῗ,

182 2269 184 2272 v
214 2207 251 2266 qui
266 2205 359 2255 solerent
375 2204 448 2260 modo,
465 2204 521 2254 cives
537 2204 640 2264 primarii.
657 2205 758 2264 praetorii
774 2218 801 2272 et·
811 2206 934 2256 consulares
949 2206 995 2260 viri,

171 2293 172 2296 ’
215 2280 254 2329 sed
268 2279 366 2327 homines
383 2278 478 2337 quidam·
488 2279 525 2337 qui
541 2271 674 2327 nonninus
689 2279 734 2328 vita
748 2292 823 2337 turpes
839 2291 907 2338 quam'
921 2299 996 2339 genere
1042 2296 1047 2318 ἐ

216 2352 301 2401 obscuri
316 2362 341 2400 ac
355 2351 407 2399 viles
422 2364 500 2399 essent.
518 2351 555 2399 Sic
572 2353 630 2411 enim
647 2350 745 2409 placebat
762 2351 855 2406 Caesari,
873 2365 921 2401 tum
938 2352 995 2413 quod

171 2427 200 2476 30
215 2425 321 2474 fideliores
336 2436 421 2483 putaret
436 2422 482 2472 lore
499 2423 536 2483 qui
553 2424 599 2472 eius
616 2423 721 2473 beneficio
737 2426 760 2472 in
777 2418 876 2474 senatum
892 2426 994 2477 venirent,
1045 2434 1047 2436 '

172 2511 173 2514 ’
213 2511 262 2547 tum
275 2511 300 2545 ut
314 2495 995 2556 gratificareturillishonoreistoperquosvictoriapartasum
1045 2530 1047 2560 5

216 2590 277 2619 mum
290 2570 319 2618 ad
333 2570 449 2628 imperium
463 2569 602 2619 ascendisset.
618 2570 705 2629 Nempe
720 2571 761 2619 ista
776 2570 832 2620 ferre
848 2591 893 2620 non
909 2570 996 2621 moleste
1042 2566 1045 2609 Ῑ

204 2655 259 2692 'non
274 2650 358 2700 poterat
375 2642 459 2696 Cicero,
476 2643 537 2702 quod
554 2661 637 2692 memor
653 2657 709 2693 esset
726 2658 780 2703 quot
796 2657 933 2703 quantosque
949 2655 995 2693 ante
1044 2670 1045 2673 =

171 2718 176 2722 ”
215 2715 298 2766 bellum
312 2715 422 2765 venire'in
435 2723 541 2771 senatum,
555 2736 610 2777 quos
623 2715 741 2777 qualesque
754 2737 812 2766 nunc
825 2717 908 2766 videret
919 2716 983 2767 viros.
1043 2710 1046 2749 ss

175 2790 203 2839 35
260 2788 318 2839 Cum
332 2789 397 2847 igitur
407 2788 451 2848 sibi
463 2798 535 2848 neque
546 2789 570 2837 in
581 2788 682 2838 toronen
693 2791 788 2839 incuria
800 2792 838 2850 qui
851 2790 929 2840 soleret
937 2791 995 2840 locus
1046 2807 1047 2810 ¹

213 2910 233 2956 2.
247 2927 296 2966 quas
305 2912 357 2957 tueri
366 2928 407 2956 non
416 2918 430 2957 ι’.
438 2929 461 2962 r.;
471 2928 494 2954 ex
504 2928 551 2963 opes
561 2929 584 2955 ac
592 2903 708 2967 patrliaml)
717 2917 784 2957 statim
793 2929 843 2956 corr.
897 2909 930 2958 35.
945 2910 997 2956 Cum
1042 2917 1044 2919 ’

174 2979 234 3032 igitur
247 2978 286 3022 sibi
300 2985 313 3022 ι’.
324 2997 345 3029 r.;
361 2997 384 3024 ex
398 2976 486 3023 Dimissa
500 2977 559 3031 igitur
573 2984 701 3023 stattmwrr.
815 2979 817 2982 ’
