2093 3253
439 180 532 213 SICCONIS
547 180 667 212 POLENTONI

179 295 236 351 dere,
248 308 269 344 at
280 296 318 355 qui
333 314 410 343 cocum
425 307 485 343 erant
497 293 570 344 ludaei
585 295 693 360 supplices
708 296 804 354 primum
819 315 846 344 ne
862 315 885 343 se
900 296 962 347 dese·

180 381 241 424 reret,
257 389 284 417 ne
292 367 389 417 hostibus
397 366 493 416 crederet
500 368 662 418 circumstantes
671 367 795 437 exorabant
804 367 891 423 deinde,
900 373 960 428 quod
1036 403 1037 406 =

133 482 135 485 >
180 444 278 491 statuisse
288 441 403 493 ascendere
414 441 500 499 penitus
511 437 626 501 videretur,
638 443 696 491 iratis
707 443 792 496 animis,
805 455 829 490 ut
840 462 892 490 eum
903 446 962 493 occi-

181 514 262 568 derent,
276 514 357 572 gladios
370 513 497 562 eduxerunt.
513 513 561 572 lpse
574 521 625 563 vero
636 514 664 562 ad
677 535 713 562 eos
726 533 841 562 conversus
854 513 907 562 alios
922 517 963 564 mi·
1025 516 1037 587 ζ

154 586 167 636 5
182 586 263 636 naciter
280 588 383 645 increpat,
401 585 453 635 alios
472 585 550 635 blande
567 586 690 647 alloquitur,
709 607 784 635 omnes
800 599 826 640 ,ut
844 586 917 645 egredi
935 589 964 637 si·

180 673 255 708 nerent
268 661 392 708 exhortatur
404 660 470 718 idque
483 659 556 708 multis
569 673 590 708 et
603 660 702 708 humanis
715 672 737 707 et
749 660 828 707 divinis
841 660 960 710 rationibus

180 731 307 788 persuadere
315 743 416 781 conatur.
430 731 463 779 Illi
474 744 554 785 autem,
566 744 591 779 ut
602 744 634 779 est
646 731 714 790 gentis
726 731 790 785 illius,
802 731 880 779 animis
892 731 963 780 obsti·

180 806 231 860 nati,
247 826 275 854 ne
290 806 398 854 dicentem
413 805 519 859 audirent,
535 805 675 854 obstruebant
690 823 751 853 aures
767 816 795 859 et,
812 805 874 863 quasi
890 818 960 855 essent

179 879 252 936 ipsum
262 898 313 926 mox
322 878 451 936 percussuri,
463 878 555 936 quisque
566 878 636 935 gladio
647 877 785 926 minabantur
795 890 816 926 et
827 897 889 926 suam
899 879 963 936 igna-

142 951 167 998 10
182 951 239 999 viam
255 951 388 1004 incusabant,
406 950 466 1008 quod
483 963 538 1013 esset
554 951 610 1018 vitae
626 950 680 998 adeo
699 949 791 1008 cupidus
810 950 870 1008 quod
884 951 963 999 servire

171 1022 279 1072 'hostibus
292 1044 317 1072 ac
330 1022 422 1081 turpiter
435 1022 506 1072 vivere
520 1043 586 1082 quam
600 1023 654 1072 mori
668 1042 707 1082 pro
721 1022 789 1082 patria
803 1035 824 1072 et
834 1020 897 1082 vapud
910 1043 962 1072 suos
1027 1018 1039 1068 l

179 1097 252 1145 animo
263 1096 314 1146 lorti
326 1109 347 1145 et
358 1096 464 1146 constanti
476 1095 555 1145 mallet.
569 1096 644 1156 Ipsum
655 1097 713 1146 enim
723 1117 748 1146 ac
759 1117 782 1145 se
794 1096 852 1155 ipsos
864 1096 961 1145 occidere

180 1171 253 1227 potius
261 1190 327 1228 quam
335 1170 406 1216 vivere
413 1170 472 1227 apud
480 1169 552 1216 hostes
560 1170 582 1216 in
590 1170 692 1217 servitute
700 1170 809 1217 volebant.

222 1241 263 1288 His
277 1240 380 1299 angustiis
394 1240 549 1298 circumseptus
565 1241 676 1299 Iosephus,
686 1260 741 1289 <eum
753 1241 826 1299 ipsum
840 1260 912 1299 neque
925 1241 961 1289 isti
1036 1290 1040 1303 ,ξ

141 1315 166 1363 15
182 1314 254 1371 egredi
266 1314 348 1363 necilli
360 1314 438 1361 morari
450 1313 531 1362 diutius
543 1326 667 1370 paterentur
679 1314 717 1362 sed
728 1314 815 1372 utrique
827 1333 904 1362 necem
914 1313 963 1369 sibi,
1025 1319 1031 1377 ζ

180 1387 198 1433 si
213 1407 257 1434 non
271 1398 361 1445 pareret,
374 1385 424 1432 hinc
436 1385 511 1442 gladiis
524 1385 614 1439 eductis,
626 1386 677 1433 inde
689 1385 771 1433 lacibus
783 1386 878 1434 accensis
892 1386 962 1434 mina·

181 1470 261 1512 rentur,
270 1456 390 1505 remedium
397 1456 469 1504 subito
477 1457 505 1504 ad
513 1456 603 1505 salutem
611 1457 700 1505 invenit.
709 1457 778 1515 Saepe
786 1457 875 1515 quidem
883 1457 960 1515 optimi
1026 1472 1041 1514 'j

180 1531 260 1588 ingenii
267 1551 293 1579 ac
302 1529 381 1579 multae
389 1530 505 1588 sapientiae
513 1530 555 1578 hoc
563 1526 735 1588 experimentum
743 1530 810 1585 dedit,
819 1530 880 1589 quod
888 1530 960 1579 dubiis

179 1604 202 1652 in
216 1603 280 1663 rebus
295 1616 316 1652 et
331 1603 429 1651 maximis
444 1603 467 1651 in
482 1602 589 1661 periculis,
605 1604 622 1651 si
638 1623 681 1661 qua
695 1616 766 1652 essent
781 1602 883 1658 remedia,
899 1604 961 1653 eain

134 1676 167 1724 ΖΟ
182 1688 285 1734 promptu
300 1675 387 1724 haberet
402 1694 427 1723 ac
441 1675 513 1723 subito
528 1676 640 1724 inveniret.
656 1674 779 1724 Conversus
794 1676 867 1733 itaque
881 1675 910 1724 ad
927 1676 962 1724 lu·

179 1750 251 1804 dacos,
266 1766 275 1790 <t
284 1748 394 1805 Quoniam
406 1748 471 1806 igitur
483 1749 538 1796 mori
550 1749 641 1806 potius»
653 1749 724 1807 inquit
736 1764 745 1788 t(
753 1748 795 1796 hoc
807 1749 848 1796 isto
861 1749 883 1796 in
896 1760 962 1807 puteo

180 1842 245 1880 quam
255 1822 369 1870 ascendere
379 1822 407 1870 ad
417 1821 489 1869 hostes
499 1841 524 1868 ac
533 1822 605 1869 vivere
615 1822 725 1875 statuistis,
736 1822 776 1870 etsi
787 1821 840 1869 mihi
850 1821 913 1879 longe
924 1821 963 1870 alia

134 1932 136 1935 .
179 1895 284 1942 sententia
294 1906 357 1947 esset,
369 1913 396 1941 ne
407 1906 479 1941 tamen
490 1894 565 1941 vestris
576 1913 588 1940 a
599 1893 746 1941 voluntatibus
757 1894 830 1942 videar
841 1893 961 1948 dissentire,
1028 1933 1035 1948 ,

181 1966 260 2024 parebo
273 1967 353 2014 iudicio
366 1978 436 2013 vestro
449 1979 470 2013 et
482 1965 595 2013 vobiscum
608 1964 658 2013 forti
670 1966 744 2014 animo
757 1967 842 2015 moriar.
858 1966 883 2014 ld
896 1966 962 2014 modo

137 2041 166 2090 25
182 2040 289 2095 exhortor,
304 2062 331 2089 ne
345 2040 431 2098 propria
445 2060 467 2088 se
482 2060 547 2087 manu
561 2038 674 2088 interficiat
688 2039 856 2098 quisquamsed
870 2060 909 2088 nos
924 2039 963 2088 hac

133 2151 135 2155 >
181 2113 227 2171 lege
236 2113 364 2162 alterutrum
373 2113 504 2167 occidamus,
514 2125 539 2160 ut
548 2113 583 2160 cui
593 2131 638 2160 sors
648 2113 739 2167 eveniet,
749 2113 767 2160 is
777 2132 843 2160 manu
853 2113 962 2171 sequentis

179 2206 205 2233 ex
214 2186 290 2233 ordine
304 2197 384 2244 pereat.
395 2201 404 2224 ³>
423 2184 521 2232 Facinori
531 2184 582 2232 huic
591 2196 642 2232 sunt
651 2183 720 2239 facile,
731 2197 874 2242 posteaquam
883 2185 962 2233 ducem
1034 2176 1036 2180 Ι

179 2279 244 2306 suum
255 2259 283 2306 ad
296 2270 388 2306 mortem
400 2257 536 2306 subeundam
548 2257 675 2305 inclinatum
687 2257 768 2311 vident,
782 2277 857 2305 omnes
870 2258 959 2306 assensi.

179 2330 251 2379 Tanto
266 2350 352 2389 nanque
365 2330 394 2378 -in
414 2328 470 2378 malo
490 2328 624 2387 refrigerium
643 2328 684 2377 illis
705 2350 808 2387 magnum
827 2343 879 2384 erat,
900 2329 961 2389 quod

134 2404 166 2453 30
182 2402 275 2451 multum
287 2402 356 2451 laudis
369 2414 390 2450 et
403 2401 481 2459 gloriae
493 2402 578 2459 assequi
591 2420 614 2449 se
626 2414 733 2459 putarent,
747 2402 765 2450 si
777 2421 803 2450 eo
816 2421 867 2450 cum
879 2403 925 2451 viro
937 2421 962 2450 ac

179 2476 234 2524 duce
243 2496 283 2524 suo
293 2487 385 2524 mortem
394 2474 465 2523 obisse
475 2492 514 2533 pro
524 2474 592 2533 patria
602 2473 731 2524 dicerentur.
742 2474 816 2524 Sortes
825 2487 899 2524 autem
909 2493 961 2534 pru‘-

133 2584 137 2592 ,
179 2550 251 2598 dentia
266 2549 351 2608 Iosephi
363 2541 389 2597 ea
401 2549 483 2597 ratione
496 2548 603 2607 disposuit
621 2562 646 2597 ut
658 2548 689 2596 illi
707 2569 730 2597 se
743 2549 818 2597 omnes
837 2548 962 2607 singulatim

179 2622 309 2671 occiderent.
321 2621 385 2671 Unus
396 2640 447 2670 vero
458 2621 505 2680 ipse
515 2642 560 2670 uno
572 2621 637 2669 modo
648 2642 700 2669 cum
710 2622 769 2669 socio
780 2622 902 2680 eodemque
913 2642 961 2670 cae·
1030 2667 1035 2690 ἓ

174 2764 203 2801 21.
216 2764 279 2808 loseph.
292 2766 334 2803 Bell.
346 2763 383 2802 Iud.
397 2763 427 2800 III.
440 2766 456 2803 7.
470 2764 487 2800 7.

180 2881 197 2924 1.
211 2876 242 2923 Ex
256 2878 332 2922 deseret
346 2895 395 2920 corr.
450 2877 469 2920 5.
483 2876 567 2931 egreldi)
582 2883 595 2920 i.
608 2896 624 2920 r.
681 2878 711 2921 12.
725 2895 746 2920 se
760 2895 805 2921 sscr.
860 2876 892 2921 29.
906 2888 962 2921 tanto

137 2962 216 2998 nanque
230 2950 244 2988 i.
259 2963 274 2988 r.
546 2957 548 2959 ’
