2093 3253
151 479 257 528 Srccorus
273 479 404 529 Pournrour
422 479 490 527 Lmen
506 479 614 527 Vraonuu
632 479 770 526 Itiusuuuu

151 565 252 611 Larium
267 564 370 611 Lrucunu
383 564 430 611 Xll
442 555 549 619 Erinucrr
565 579 590 611 er
608 564 698 614 lucrrur
711 563 769 610 Xlll
810 606 812 609 .

208 654 210 656 ’
247 665 277 697 nu
292 649 435 699 Poevnonuu
451 649 537 698 Fruuu
553 644 672 699 Feucrren

131 855 192 903 Urbe
207 855 272 912 igitur
287 854 370 907 Cicero,
393 866 417 902 ut
439 854 490 907 dixi,
513 871 551 912 per
573 865 659 901 noctem
681 871 778 910 egressus
800 865 873 911 petere

63 931 74 979 5
91 925 193 980 Siciliam,
205 926 267 985 quasi
277 926 331 975 lares
342 927 447 985 proprios,
459 926 566 984 cogitavit,
578 925 638 984 quod
649 926 671 974 in
682 945 707 973 ea
717 925 787 974 insula
797 924 873 975 luisset

89 1013 189 1059 quaestor
204 1020 228 1047 ac
242 999 299 1047 bene
311 1000 338 1047 cle
350 999 452 1047 omnibus
465 1000 554 1046 meritus
567 999 605 1056 qui
617 998 681 1046 unice
692 1011 789 1046 amarent
801 999 873 1056 ipsum

89 1071 207 1132 permultos
220 1085 286 1130 atque
300 1091 375 1120 omnes
389 1072 457 1120 bonos
472 1070 613 1129 provinciales
627 1070 722 1119 baberet
736 1070 781 1119 Sed
794 1089 835 1126 res,
849 1084 873 1119 ut

91 1166 154 1205 saepe
169 1145 200 1200 lit,
210 1145 334 1208 cogitationi
344 1166 388 1194 non
395 1143 615 1209 responditQuippe
625 1143 694 1205 Roma
702 1144 874 1202 proficiscentem

89 1219 162 1276 ipsum
176 1216 284 1266 Vibonam
301 1237 375 1275 usque·
388 1217 542 1274 benignissime
560 1217 661 1264 viderunt
678 1210 759 1263 cuncti.
776 1216 874 1264 Vibonae

52 1293 76 1339 ll]
91 1304 164 1338 autem
178 1310 229 1337 curn
243 1289 302 1348 apud
317 1289 363 1337 eius
380 1288 508 1336 familiarem
525 1287 609 1336 Siccam
628 1287 749 1346 divertisset
766 1300 787 1335 et
804 1287 831 1336 ab
848 1309 874 1336 eo

90 1353 161 1412 fronte
176 1364 232 1412 comi
244 1383 268 1411 ac
281 1363 385 1411 honorate
398 1374 499 1420 exceptus
512 1375 574 1416 esset,
588 1363 722 1420 rogationem
733 1361 806 1410 attulit
818 1382 874 1410 nun-

89 1438 135 1484 cius
150 1456 206 1494 quae
220 1436 304 1483 iuberet
313 1455 341 1482 ne
350 1435 373 1482 in
384 1434 444 1483 ltalia
453 1455 508 1482 neve
516 1448 575 1481 extra
587 1427 670 1481 ltaliam
679 1454 749 1491 usque
758 1434 786 1480 ad
791 1434 875 1482 CCCC

90 1507 206 1557 miliarium
220 1507 327 1566 exciperet
342 1507 458 1567 quisquam
479 1506 618 1562 Ciceronem.
634 1506 874 1566 denunciaretque‘mi-

89 1581 137 1630 lites
151 1603 164 1629 a
178 1580 304 1644 consulibus
319 1593 340 1628 et
355 1580 444 1629 tribuno
460 1580 516 1629 mitti
532 1581 570 1639 qui
586 1592 607 1628 et
622 1581 694 1638 ipsum
706 1579 875 1630 demorarinus-

52 1656 76 1703 15
93 1675 160 1713 quam
174 1666 298 1713 paterentur
310 1666 332 1701 et
343 1653 371 1701 ab
383 1653 416 1700 bis
428 1653 466 1712 qui
479 1673 530 1708 eum
541 1653 675 1711 susciperent
691 1653 826 1710 gravissimas
842 1670 875 1701 se-

89 1727 188 1775 cundum
202 1726 272 1784 legem
286 1746 367 1785 poenas
381 1726 497 1783 exigerent.
513 1725 534 1774 ls
547 1726 640 1774 nuncius
652 1726 786 1787 perturbavit
799 1747 873 1774 omnes

89 1812 154 1857 atque
169 1810 193 1846 ut
207 1797 303 1846 lrontem
317 1798 441 1845 obscuraret
467 1798 559 1855 quisque
584 1797 661 1855 coegit.
832 1809 834 1812 ’

133 1869 216 1931 Neque,
226 1889 277 1921 vero
293 1869 381 1919 meliora
400 1891 412 1918 e
432 1869 504 1918 Sicilia
524 1890 591 1936 quam
610 1891 621 1918 e
641 1869 710 1918 Roma
729 1870 799 1919 delata
818 1884 876 1921 sunt.
936 1910 937 1913 η

93 1943 142 1992 lllo's
158 1964 244 2002 nanque
256 1944 314 2001 ipsos
326 1961 364 2001 per
376 1943 422 1991 dies
433 1963 484 1991 curn
495 1943 554 1991 abire
565 1941 651 1991 Vibona
662 1956 684 1991 et
695 1943 718 1990 in
726 1943 832 1997 Siciliam,
844 1935 886 1991 uti'

49 2015 77 2063 20
93 2029 137 2064 erat
151 2017 294 2074 propositum,
310 2016 407 2064 traiicere
416 2034 439 2063 se
448 2027 538 2073 pararet,
549 2016 611 2064 datae
619 2015 661 2064 sibi
670 2015 753 2064 litterae
762 2028 813 2064 sunt
822 2036 877 2076 quae

90 2108 102 2135 a
117 2088 143 2137 C.
159 2088 249 2147 Virgilio
260 2088 409 2137 mittebantur.
421 2088 472 2136 Erat
483 2088 578 2137 hictum
588 2087 675 2137 Siciliae
685 2101 771 2147 praetor
781 2101 803 2139 et
814 2088 876 2138 Cice·

90 2163 138 2211 roni
153 2163 270 2211 obstrictus
284 2183 335 2211 cum
349 2163 429 2211 recenti
444 2181 540 2217 munere,
556 2162 616 2221 quod
630 2160 706 2211 luisset
726 2162 754 2219 Q.
768 2162 840 2211 fratris
854 2163 876 2211 in

92 2236 218 2295 magistratu
232 2234 320 2295 collega,
340 2248 389 2284 turn
404 2231 475 2284 'veteri
487 2251 569 2284 ‘secum
588 2235 734 2285 benivolentia
753 2236 876 2294 putabatur.

93 2307 127 2356 Ne
141 2308 247 2356 traiiceret
261 2308 283 2355 in
297 2306 394 2356 Siciliam
406 2327 492 2371 summa
504 2307 624 2356 litterarum
636 2322 688 2357 erat.
702 2307 776 2357 Vetuit
789 2329 877 2367 quoque

51 2379 77 2427 25
93 2373 202 2439 Virgilius,
219 2401 270 2430 curn
286 2381 359 2430 venire
375 2381 462 2429 obviarn
478 2380 578 2430 Ciceroni
588 2393 634 2430 tota
644 2380 712 2431 lerme
728 2381 798 2430 insula
811 2402 877 2441 cupe-

92 2466 131 2508 ret,
141 2474 168 2501 ne
178 2454 274 2518 moleret
283 2473 306 2501 se
315 2455 438 2512 quisquam.
448 2454 572 2502 Hancv'ero
580 2454 608 2502 acl
617 2474 663 2502 rem
673 2475 717 2502 non
726 2454 877 2508 malivolentia,

92 2544 135 2574 non
151 2544 184 2574 res
199 2525 242 2574 ulla
258 2525 308 2574 mali
322 2525 389 2575 animi
399 2526 517 2575 commovit
526 2525 649 2585 Virgilium,
660 2526 699 2590 sed
708 2540 778 2575 metus
788 2527 878 2585 quidam

91 2598 188 2648 adduxit.
204 2598 335 2647 Pertimebat
346 2597 513 2662 enim‘lurorem
524 2598 596 2648 Clodii
608 2619 648 2648 nec
659 2600 686 2648 ab
697 2620 723 2647 eo
735 2600 757 2647 in
769 2599 878 2648 concioni-

92 2671 134 2719 bus
149 2691 196 2720 raro
211 2672 254 2720 iarn
269 2690 307 2730 per
323 2671 478 2720 contumeliam
494 2685 582 2720 vexatus
599 2686 651 2721 erat.

88 2811 104 2847 6.
117 2812 153 2850 Cic.
166 2815 202 2851 Aa.
215 2813 243 2850 ΙΙΙ.
257 2815 274 2852 4.
330 2868 332 2872 y

55 2889 196 2898 --—-—.—..-.

95 2932 109 2976 l.
123 2940 137 2978 i.
152 2953 177 2978 ιη.
191 2933 215 2977 al'
229 2934 355 2986 scriptorum.
413 2934 442 2979 l7.
457 2934 588 2988 obscura(retl
604 2940 617 2978 i.
632 2953 654 2984 r.;
670 2943 712 2977 erat
728 2945 818 2978 mutaret.
