2093 3253
254 185 385 223 scarrronun
399 192 527 225 ratusrnrun
541 204 553 211 -
568 194 627 225 risen
641 194 674 225 xr.
834 178 874 224 419

91 304 182 353 debatur
194 305 282 363 utrique
295 303 347 358 lore,
361 305 421 363 quod
434 306 455 353 is
464 305 587 354 certaminis
600 307 668 354 victor
681 319 736 354 esset
749 307 787 365 qui
800 305 873 364 fugato

81 376 158 436 ‘altero
172 378 298 425 remaneret.
313 375 406 425 Proinde
420 377 497 426 studiis
505 378 613 442 ‘omnibus
627 378 744 434 clientelae,
758 380 874 435 amiciciae,

91 448 175 499 favores
185 449 288 509 utrinque
299 449 379 506 dies'ac
390 463 464 499 noctes
474 451 612 510 parabantur.
624 451 719 504 Foedere
729 452 819 511 quidem
829 452 875 500 An-

91 523 164 573 tonius
181 543 205 572 se
222 522 349 573 Dolobellae
365 524 483 574 coniunxit.
499 524 565 574 Necis
581 544 632 574 vero
649 525 746 591 Caesaris
762 525 873 574 conscium

65 597 78 645 5
93 595 159 644 luisse
177 596 306 645 Ciceronem
323 591 391 653 apud
401 596 478 644 milites
497 609 615 652 veteranos,
635 610 659 645 ut
669 615 728 645 eum
746 597 875 651 occiderent,

92 668 218 729 criminatus
227 682 272 718 est.

121 741 238 790 'Octavius
252 737 316 797 vero,
325 754 349 790 ut
365 742 424 789 venit
440 740 539 796 Romam,
555 763 578 790 se
593 743 621 791 ael
637 743 670 792 M.
685 743 807 799 Antonium
822 763 874 791 con-

91 813 141 860 tulit
153 814 192 861 sed
203 827 288 871 spretus
299 815 327 861 ab
339 814 376 861 illo
388 815 455 862 haesit
467 812 574 869 Ciceroni,
586 815 646 872 quod
657 814 740 864 videret
751 814 818 863 aliurn
829 834 876 863 esse

47 930 49 935 ,
92 886 202 936 neminem
216 886 254 945 qui
269 906 320 939 eum
333 884 361 933 ab
375 884 453 933 iniuria
466 885 522 933 tueri
537 896 616 943 posset.
631 885 787 934 Blandimentis
800 897 873 934 autern

54 963 79 1011 10
94 960 195 1011 seductus
211 957 325 1018 vexternplo·
338 956 463 1018 adolescens
481 957 571 1007 dimisso
588 957 693 1008 Cicerone
710 958 738 1008 ad
754 957 877 1008 Antonium

92 1032 162 1083 rediit.
183 1031 231 1082 Nec
244 1031 289 1080 dies
302 1045 375 1080 tamen
394 1031 474 1080 multos
492 1051 565 1080 secum
578 1032 601 1080 in
614 1031 657 1080 fide
671 1032 749 1079 mansit
766 1030 874 1079 Antonius

50 1160 52 1163 Α
89 1104 220 1163 ‘dedignatus
233 1122 326 1162 puerum
338 1104 465 1162 argentario,
478 1116 503 1152 ut
515 1103 607 1170 dicebat,
620 1124 660 1152 avo
673 1117 748 1152 natum
760 1104 874 1161 adaequari

92 1178 141 1231 sibi,
157 1178 194 1236 qui
203 1176 338 1225 nobilitatem
346 1177 429 1234 generis
440 1176 487 1233 ipso
497 1176 525 1223 ab
536 1176 630 1224 Hercule
641 1175 735 1231 duceret,
747 1176 784 1234 qui
796 1175 874 1234 magis·

92 1264 160 1299 tratus
175 1251 275 1309 gessisset
289 1247 443 1307 amplissimos„
457 1248 494 1307 qui
510 1261 566 1298 esset
580 1247 656 1298 consul
670 1242 693 1297 let
707 1269 746 1297 sua
766 1267 833 1308 prope
853 1248 875 1295 in

54 1326 79 1374 15
95 1345 160 1372 manu
169 1323 286 1381 imperium
293 1335 315 1371 et
323 1322 382 1371 urbis
390 1333 412 1370 et
421 1321 480 1370 orbis
488 1321 582 1370 haberet.
593 1322 625 1371 lta
633 1334 771 1380 contemptus
778 1320 877 1370 delusus-

93 1416 136 1455 que
150 1393 254 1443 Octavius
269 1392 389 1441 iterumad
404 1412 470 1451 quem
490 1393 606 1447 dimiserat,
627 1394 761 1448 Ciceronem,
780 1411 877 1441 reversus

93 1482 132 1518 est.
150 1468 225 1527 lpsum
241 1479 314 1516 autern
331 1466 452 1525 optimates,
470 1466 551 1525 quibus
568 1466 712 1517 restituendae
729 1467 759 1515 rei
776 1465 876 1526 publicae

26 1530 27 1534 Ἰ
92 1552 153 1591 amor
167 1553 188 1588 et
203 1559 253 1588 cura
268 1551 330 1592 esset,
346 1536 514 1596 haudquaquam
528 1539 677 1597 recipiendum
691 1560 738 1588 esse
751 1539 875 1603 censebant,

93 1611 153 1670 quod
166 1610 193 1658 de
206 1611 253 1668 ipso
266 1610 426 1669 suspicarentur
439 1611 494 1659 male
507 1627 546 1659 nec
559 1610 692 1659 credendum
705 1611 746 1660 sibi
755 1611 877 1669 quicquam

51 1685 80 1733 20
94 1704 140 1733 esse
154 1675 262 1742 putarent,
275 1695 323 1732 tum
336 1696 424 1742 propter
436 1695 528 1732 aetatem
537 1684 664 1739 iuvenilem,
678 1704 734 1742 quae
751 1683 812 1732 ferox
829 1703 877 1732 esse

93 1777 117 1806 ac
128 1756 228 1806 volubilis
239 1757 354 1811 videretur,
366 1757 426 1815 quod
436 1778 494 1805 nunc
505 1756 612 1811 Ciceroni,
623 1779 681 1806 nunc
691 1757 787 1806 Antonio
797 1756 876 1807 adhae-

94 1843 156 1884 reret,
170 1843 218 1891 tum
232 1843 320 1888 propter
333 1850 421 1884 nomen,
435 1831 495 1888 quod
508 1831 622 1889 adoptatus
636 1852 648 1878 a
662 1830 753 1889 Caesare
766 1825 823 1879 lilius
837 1830 874 1879 he·

93 1921 171 1961 resque
184 1904 207 1951 in
221 1914 350 1951 testamento
364 1903 457 1961 scriptus
471 1918 551 1951 nornen
565 1902 662 1951 Caesaris
677 1903 784 1951 retineret.
800 1902 876 1960 Ipsum

93 1996 181 2035 quoque
191 1975 377 2034 suspectissimum
387 1973 478 2024 faciebat
489 1987 513 2024 ut
522 1975 621 2025 animum
629 1993 701 2034 gerere
709 1974 878 2035 haudquaquam

51 2039 80 2096 25
94 2043 220 2096 bonum'ad
234 2048 389 2096 restituendam
403 2047 524 2114 libertatern
538 2049 577 2097 sed
590 2049 618 2097 ad
637 2048 789 2097 vindicandam
803 2069 879 2097 necem
896 2095 900 2101 ,

93 2118 193 2168 avunculi
212 2132 233 2167 et
251 2120 429 2178 supprimendam
447 2120 621 2179 rempublicam
638 2120 754 2175 videretur,
778 2120 838 2179 quod
855 2141 879 2168 se

92 2192 189 2240 Antonio
202 2192 272 2240 libens
285 2193 333 2249 ipso
347 2192 409 2241 initio
422 2193 604 2251 atque‘continuo
617 2194 635 2241 si
646 2207 718 2252 posset
729 2192 815 2242 loedere
824 2213 878 2241 con-

93 2265 204 2318 iunxisset,
216 2284 256 2313 nec
267 2263 296 2313 ad
307 2277 377 2322 patres
394 2277 472 2323 sponte
483 2264 522 2313 sed
534 2263 608 2324 pulsus
620 2266 648 2315 ab
659 2265 756 2314 Antonio
767 2266 801 2313 bis
816 2285 878 2314 coac—

93 2350 173 2395 tusque
187 2338 287 2387 venisset.
664 2353 666 2355 ’
725 2358 726 2361 ’
818 2402 820 2404 ‚

53 2409 81 2457 30
138 2409 260 2470 Optimates
270 2423 342 2460 tamen
352 2431 379 2460 eo
388 2424 439 2460 sunt
449 2411 560 2461 Ciceronis
570 2414 708 2472 persuasione
718 2414 777 2462 ducti
787 2426 812 2461 ut
822 2414 880 2462 bona

94 2482 193 2533 omnium
207 2504 258 2533 curn
272 2484 334 2533 venia
349 2483 426 2533 Cicero
440 2485 519 2544 ipsum·
528 2487 551 2534 in
570 2486 690 2536 amiciciam
711 2486 878 2545 societatemque

94 2555 206 2613 reciperet.
223 2556 249 2604 ld
260 2569 334 2605 autem
346 2557 475 2605 Ciceronem
487 2570 511 2605 ut
522 2559 542 2605 ei
552 2558 632 2606 faveret
642 2560 740 2613 adduxit,
748 2559 878 2617 'quodexis-
934 2605 936 2607 .

95 2629 180 2677 timaret
189 2628 311 2688 Antonium
320 2627 385 2679 lucile'
393 2643 415 2679 et
424 2629 507 2680 viribus
517 2630 610 2681 diminui
620 2644 642 2680 et
652 2630 706 2681 urbe
717 2630 795 2691 depelli
806 2650 879 2690 posse,

94 2702 112 2749 si
127 2720 160 2750 res
176 2701 262 2759 publica
277 2703 377 2752 iuvenem
392 2703 450 2752 hunc
464 2703 548 2752 socium
562 2717 584 2752 et
597 2705 692 2753 amicum
702 2704 802 2765 haberet,
816 2705 878 2763 quod

54 2820 198 2833 *n—-n

97 2889 127 2934 l6.
146 2889 241 2935 Octavius
261 2896 273 2933 ι’.
292 2908 308 2934 r.
362 2888 395 2935 31.
414 2892 568 2946 societatemque
586 2893 681 2945 reciperet
699 2898 712 2936 ι’.
732 2911 754 2943 r.;
774 2902 817 2937 erat
835 2892 876 2937 loe·

53 2951 132 3008 duaque
146 2957 247 3010 reciperet.
