2093 3253
83 185 86 191 '
118 181 162 229 200·
419 196 512 228 sicconis
526 198 643 230 roaaurour

161 332 212 360 nem
226 311 302 361 habuit
315 325 340 362 ut
353 311 482 361 laudaretur
487 313 537 372 ipso
551 314 616 363 etiam
629 334 641 362 a
656 314 767 370 Cicerone,
782 315 819 374 qui
834 316 873 364 bac
887 316 909 366 in
923 338 946 368 re

160 387 277 433 acerrimus
295 385 427 433 existimator
445 386 627 445 gravissimusque
644 407 669 434 ac
686 388 782 445 optimus
800 388 866 436 iudex
883 404 946 440 esset.

162 457 268 506 Laudavit
279 450 368 516 quidem
380 458 452 515 ipsum
464 456 541 506 Cicero
552 478 622 518 saepe,
634 479 739 518 suamque
750 459 778 508 ad
789 459 876 508 laudem
887 473 908 509 et
918 463 947 511 ad

161 530 297 586 Cornellium
310 530 422 590 Nepotem
435 545 457 580 et
469 531 498 580 ad
510 532 604 582 Brutum
614 534 669 582 hanc
679 534 702 582 in
713 534 842 583 sententiam
853 535 945 594 scripsit:

134 605 147 652 5
164 604 279 653 Caesarem
294 605 393 653 omnium
409 603 454 652 lere
470 625 525 662 quos
536 606 632 655 audisset
643 606 720 655 Latine
728 604 824 655 dicentes
832 607 893 665 loqui
904 607 946 656 ele»

161 677 292 734 gantissime,
309 696 349 726 nec
364 676 388 725 id
403 676 475 725 solum
490 677 609 726 domestica
624 679 782 727 consuetudine
797 679 836 727 sed
850 692 876 728 ut
891 695 945 729 esset

161 747 279 807 perfectam
294 748 353 798 illam
367 748 422 798 bene
436 749 522 798 dicendi
537 750 624 800 laudem
638 752 711 801 multis
725 752 801 800 litteris
816 764 837 800 et
851 751 884 800 his
898 754 947 813 qui-

161 823 211 871 dem
223 823 339 872 reconditis
351 843 376 872 ac
387 823 499 882 exquisitis
511 844 642 885 summoque
653 824 726 874 studio
736 845 763 877 ac
773 824 884 884 diligentia
895 846 946 875 cona

161 909 255 946 secutus.
273 896 298 963 ld
307 916 396 956 quoque
408 896 530 954 augendam
542 897 570 944 ad
583 897 670 946 laudem
677 898 771 946 addebat
779 897 863 951 Cicero,
872 918 895 946 se
903 919 947 947 non

122 969 148 1017 10
162 968 235 1018 videre
246 969 281 1018 cui
293 969 371 1018 Caesar
381 969 423 1017 isto
434 969 457 1017 in
467 975 545 1027 genere
555 968 624 1019 laudis
636 970 724 1020 deberet
735 971 818 1027 cedere,
829 972 890 1031 quod
900 990 947 1021 ora·

161 1056 235 1091 torum
249 1043 315 1091 etiam
329 1042 367 1103 qui
381 1042 442 1091 aliud
456 1042 510 1092 nihil
525 1057 612 1102 agerent
627 1043 699 1093 nullus
715 1058 770 1093 esset
785 1045 897 1103 sententiis
911 1059 947 1094 aut
1000 1089 1002 1094 ,
1027 1035 1033 1090 i

161 1117 244 1165 acutior·
259 1129 296 1165 aut
311 1116 415 1170 acerbior,
432 1115 504 1164 nullus
514 1116 592 1171 ,verbis
607 1130 645 1165 aut
661 1118 756 1166 ornatior
771 1130 809 1166 aut
824 1117 948 1176 elegantior.
1026 1118 1030 1125 ³

163 1188 264 1237 Ciceroni
277 1201 350 1237 autem
363 1188 449 1236 dicendi
463 1188 549 1247 copiam
561 1189 693 1238 attribuebat
706 1189 792 1238 Caesar.
806 1188 877 1238 Tanta
890 1190 947 1239 enim

162 1276 183 1311 et
191 1264 214 1311 in
223 1264 328 1313 Cicerone
336 1277 357 1312 et
365 1265 388 1313 in
396 1264 487 1313 Caesare
495 1263 537 1313 luit
545 1265 636 1322 gravitas
644 1278 709 1323 atque
717 1265 823 1313 modestia
830 1265 898 1323 quod,
906 1285 950 1323 qua

124 1336 148 1385 15
164 1337 187 1385 in
202 1337 312 1395 provincia
322 1336 395 1398 plures
406 1337 508 1387 excellere
519 1359 563 1387 non
573 1338 620 1387 sine
628 1337 709 1387 invidia
717 1331 806 1394 soleant,
814 1338 912 1397 ipsorum
920 1338 947 1386 ita

162 1409 247 1458 cederet
256 1410 317 1458 alteri
325 1409 379 1458 alter
387 1423 453 1468 atque
462 1410 549 1458 laudem
558 1411 588 1457 ita
597 1410 702 1458 divideret
711 1411 772 1469 quod
780 1411 881 1468 princeps
890 1424 948 1458 uter*

163 1502 205 1540 que
220 1502 260 1531 suo
274 1484 297 1531 in
310 1500 387 1541 genere
401 1502 507 1531 consensu
521 1494 599 1531 mutuo
613 1483 659 1530 sine
673 1483 750 1531 iniuria
763 1483 879 1531 videretur.
894 1483 947 1531 Cae-

162 1574 231 1604 sarem
246 1555 336 1614 quidem
351 1555 428 1606 Cicero
445 1576 555 1606 summam
572 1555 600 1605 ob
618 1554 753 1614 elegantiam,
765 1555 949 1606 Ciceronemvero

163 1649 271 1678 summam
282 1630 310 1678 ob
321 1629 407 1678 dicendi
418 1630 504 1688 copiam
515 1628 629 1678 extollebat
641 1629 726 1678 Caesar.
738 1630 849 1678 Sententia
860 1651 947 1688 quoque

121 1702 150 1750 20
164 1702 191 1750 Α.
208 1701 273 1757 Geli,
284 1703 353 1751 ornati
364 1722 388 1751 ac
399 1702 457 1751 docti
468 1703 586 1762 scriptoris,
597 1715 655 1751 extat
665 1703 709 1751 suis
720 1704 743 1751 in
753 1702 862 1751 Noctibus
872 1703 950 1752 Atticis

163 1775 249 1834 scripta,
265 1774 291 1825 C.
307 1776 422 1825 Caesarem
429 1776 495 1825 istum
502 1775 574 1825 virum
581 1775 662 1834 ingenii
670 1774 792 1825 excellentis
800 1777 947 1837 sermonisque

163 1861 235 1906 preter
249 1848 301 1897 alios
312 1848 345 1897 sui
356 1849 460 1906 temporis
471 1848 547 1896 doctos
557 1848 615 1896 viros
625 1848 783 1906 castigatissimi
793 1847 868 1897 luisse.
879 1848 949 1905 Quin-

163 1918 250 1967 tilianus
266 1919 325 1974 item,
340 1919 373 1967 vir
388 1919 464 1967 doctus
479 1931 501 1966 et
515 1918 592 1977 gravis,
608 1919 631 1967 in
641 1918 740 1967 Oratoria
753 1919 890 1968 Institutione
901 1917 949 1967 illos

165 2009 286 2039 memorans
301 2003 394 2040 oratores
412 1991 450 2050 qui
468 1991 550 2039 Romae
567 1991 669 2050 precipue
686 1990 814 2040 floruissent
826 1991 859 2040 his
876 1991 946 2041 verbis

123 2065 150 2114 25
166 2077 265 2113 nostrum
279 2064 306 2113 ad
321 2063 457 2124 propositum
472 2084 525 2113 usus
542 2077 580 2112 est:
598 2063 641 2112 «C.
659 2064 744 2119 Caesar,
762 2064 779 2112 si
796 2063 844 2113 loro
865 2077 951 2113 tantum

164 2151 266 2192 vacasset,
284 2159 328 2186 non
345 2138 399 2186 alius
417 2158 443 2186 ex
460 2139 538 2186 nostris
556 2151 630 2186 contra
648 2138 776 2190 Ciceronem
794 2138 948 2191 nominaretur;

164 2223 224 2259 tanta
234 2210 257 2259 in
272 2230 297 2259 eo
307 2210 340 2275 vis
351 2222 390 2266 est,
400 2230 492 2264 acumen
503 2223 524 2259 et
534 2229 648 2260 causarum
657 2211 756 2260 tractatio
766 2223 790 2260 ut
801 2209 863 2260 illum
873 2210 951 2260 eodem

164 2284 238 2334 animo
252 2283 330 2333 dixisse
344 2305 388 2343 quo
402 2282 488 2334 bellavit
501 2297 610 2343 appareat
624 2297 712 2333 exornat
725 2297 797 2333 tamen
806 2285 863 2334 'haec
878 2283 950 2333 omnia

166 2357 219 2404 mira
228 2358 340 2411 sermonis,
349 2358 411 2405 cuius
419 2357 506 2415 proprie
514 2356 624 2405 studiosus
632 2355 680 2410 luit,
690 2356 801 2414 elegantia
811 2373 820 2396 1>
834 2358 949 2414 ipsumque

123 2430 152 2478 30
167 2441 216 2478 ante
233 2429 378 2488 quaestoriam
394 2441 486 2478 aetatem
503 2427 627 2486 gravissima
644 2427 724 2477 iudicia
741 2428 860 2487 suscepisse
878 2426 951 2477 referta

166 2502 268 2561 Denique
279 2502 335 2551 inter
346 2501 414 2550 multa
425 2501 589 2550 florentissimae
600 2501 685 2550 virtutis
697 2521 748 2550 suae
758 2502 891 2561 amplissima
902 2522 951 2549 mu·
966 2528 968 2531 >
1033 2553 1036 2561 λ

166 2593 216 2623 nera
230 2574 309 2623 Caesar
321 2573 422 2623 eximiam
435 2574 545 2632 quandam
557 2592 583 2621 ac
596 2573 727 2631 singularem
739 2574 886 2633 eloquentiam
898 2592 949 2623 cum

166 2647 262 2695 bonitate
277 2659 365 2696 naturae
379 2658 427 2695 tum
442 2646 567 2695 assiduitate
582 2645 649 2694 studii
664 2660 793 2696 consecutus
808 2660 840 2695 est
854 2659 951 2695 tantum·

160 2790 176 2826 4,
190 2788 236 2827 Suet.
251 2790 282 2829 Iul.
296 2789 330 2831 5³2
345 2787 380 2825 Cic.
389 2789 436 2827 ara.
452 2788 494 2826 252.
543 2788 571 2826 20.
585 2788 628 2827 Get.
642 2788 689 2827 XIX.
702 2788 719 2826 8.
733 2789 749 2827 3.
799 2790 827 2828 22.
840 2787 898 2832 Quint.
911 2787 951 2827 tna.

123 2848 145 2885 X.
161 2849 175 2886 1.
191 2849 229 2887 tta.
890 2882 892 2884 ,

124 2930 267 2938 ——-.-

167 2972 197 3016 18.
212 2971 282 3015 Cicero
296 2976 309 3016 ι’.
323 2988 348 3015 m.
363 2969 409 3014 cdd.
