2093 3253
142 479 249 527 Siccorus
265 469 396 526 Potuuroui
413 478 482 526 Lrasn
498 478 646 527 Semnum
663 467 801 541 lenusrnrun

172 551 273 602 Larinas
283 551 388 612 Lrucuau
402 551 435 600 XI
452 551 559 606 Exenicrr
574 568 601 601 ur
617 553 705 600 Iucrerr
720 550 765 600 Xll

163 688 165 691 ι
211 692 213 694 ‚
256 640 285 673 nn
301 625 445 673 Ponroonuu
461 615 546 673 Fnrun
563 625 679 674 Faucrrsn

142 855 245 903 Ianuariis
261 853 380 908 Kallendis,
396 854 456 920 quod
482 855 499 902 is
526 855 684 912 magistratibus
711 854 811 906 ineundis
829 868 884 903 esset

97 926 200 975 sollennis
221 927 266 980 dies
281 947 294 973 a
310 927 427 973 maioribus
443 928 581 981 constitutus,
597 946 648 975 cum
664 927 769 984 designati
785 927 886 976 consules

98 1000 156 1054 novi,
173 999 199 1048 L.
216 998 310 1054 Murena
324 1010 346 1047 et
361 998 391 1048 D.
407 997 514 1058 Syllanus‚
531 999 680 1057 magistratum
695 999 791 1055 inissent,
808 999 885 1049 Cicero

97 1073 150 1121 abiit
165 1072 285 1120 consulatu.
297 1072 416 1129 Imperium
432 1085 506 1119 autem
523 1071 616 1130 collegae
625 1071 651 1119 C.
661 1072 757 1120 Antonio
766 1072 794 1119 ad
803 1071 885 1120 bellum

72 1146 84 1194 5
102 1145 222 1202 gerendum
236 1144 259 1200 in
274 1142 390 1192 Catilinam
404 1157 544 1201 prorogatum
555 1156 594 1193 est.
605 1144 719 1200 Decedens
730 1144 796 1202 igitur
807 1146 885 1202 magis-

98 1230 155 1265 tratu
166 1216 244 1265 Cicero
254 1216 376 1265 concionari
386 1217 415 1267 ad
425 1216 532 1275 populum
542 1236 566 1265 ac
577 1216 656 1266 relerre
666 1203 722 1284 quale
737 1227 830 1275 gesserat
845 1237 885 1265 suo

98 1291 121 1337 in
136 1289 372 1351 consulatu-maiorum
386 1308 446 1337 more
461 1289 634 1344 constituits‘ed
647 1289 716 1337 vetuit
730 1288 889 1346 Q.2Metellus,·

98 1363 136 1421 qui
145 1376 190 1410 erat
198 1375 247 1424 tum
255 1362 311 1410 forte
319 1362 421 1423 tribunus
430 1361 499 1420 plebis
509 1375 530 1409 et
539 1362 616 1409 honori
634 1363 680 1409 eius
689 1356 821 1419 permaxime
830 1362 886 1409 invi-

100 1433 171 1481 debat.
187 1433 306 1480 Permissus
321 1445 395 1480 tamen
409 1433 437 1481 ab
452 1453 485 1485 eo,
502 1453 543 1483 nec
558 1433 604 1480 sine
619 1432 745 1480 difficultate
760 1433 891 1490 permissus,¹

60 1508 86 1555 10
101 1506 179 1555 iuravit
192 1506 214 1553 in
228 1505 332 1564 concione
346 1504 424 1553 urbem
437 1525 461 1553 ac
475 1523 522 1553 rem
535 1504 646 1564 publicam
656 1505 702 1554 eius
712 1505 777 1554 unius
788 1504 886 1560 consilio,

99 1578 216 1637 diligentia,
231 1578 274 1631 fide
288 1578 378 1627 liberam
392 1591 413 1627 et
427 1578 511 1635 saluam¹
520 1599 574 1628 esse.
591 1578 616 1627 ld
629 1598 680 1627 vero
693 1579 748 1627 adeo
763 1592 886 1628 constanter

99 1652 198 1709 adeoque
208 1653 290 1700 sincere
299 1671 324 1699 ac
333 1651 456 1699 indubitate
465 1651 543 1714 iuravit
553 1663 578 1699 ut
587 1652 653 1699 etiam
663 1650 756 1709 populus
767 1651 885 1705 Romanus,

99 1724 137 1784 qui
152 1737 200 1773 tum
214 1724 401 1783 frequentissimus
415 1736 467 1778 erat,
482 1724 505 1773 id
518 1730 594 1773 uerum
608 1743 654 1772 esse
667 1722 772 1782 applausu
791 1724 886 1782 quodam

100 1796 182 1855 ingenti
198 1809 219 1844 et
234 1817 311 1855 magna
326 1817 379 1845 voce
394 1796 526 1855 significarit.
543 1796 615 1853 Quam
629 1796 705 1855 populi
727 1796 886 1846 confessionem

61 1871 85 1919 15
101 1891 125 1919 ac
140 1870 220 1918 bonam
233 1889 282 1929 erga
295 1891 319 1918 se
332 1883 427 1918 mentem
440 1882 461 1918 et
474 1869 575 1928 plausum
588 1868 666 1918 Cicero
679 1869 729 1918 fecit
742 1870 796 1918 tanti
809 1883 834 1918 ut
846 1871 886 1918 ista

100 1943 122 1990 in
138 1944 242 2001 concione
254 1962 277 1989 se
289 1961 301 1988 a
314 1942 396 2000 populo
409 1942 508 1989 Romano
522 1941 691 2000 haudquaquam
703 1941 746 1990 diei
758 1941 823 1995 unius
835 1962 887 1990 con·
958 1943 959 1948 ¹

101 2014 250 2076 gratulatione,
261 2015 349 2070 honore,
360 2015 438 2073 plausu
448 2015 487 2063 sed
497 2015 592 2073 quadam
602 2014 732 2073 sempiterna
742 2027 762 2063 et
772 2014 887 2080 immortali

99 2088 169 2143 laude,
190 2088 254 2142 lama,
274 2087 341 2146 gloria
355 2088 461 2137 donatum
475 2108 522 2135 esse
536 2101 639 2137 censeret.

143 2161 230 2209 Deinde
244 2173 317 2209 autem
325 2160 482 2218 amplissimam
491 2161 520 2208 ob
529 2160 654 2208 consulatus
664 2160 792 2218 dignitatem
799 2173 821 2207 et
829 2180 889 2208 sum-

59 2232 87 2281 20
102 2253 161 2281 mam
174 2251 247 2281 rerum
262 2245 370 2290 gestarum
384 2231 472 2281 laudem
481 2253 526 2280 non
536 2233 666 2290 contempsit
676 2226 766 2286 minora,
782 2252 821 2281 nec
831 2233 888 2281 desi-

101 2304 161 2353 derio
175 2304 262 2353 vivendi
274 2306 368 2363 quietius
381 2326 410 2359 se,
422 2305 455 2354 uti
467 2305 545 2353 licebat
557 2318 578 2353 et
589 2302 659 2353 lacere
670 2304 733 2354 multi
750 2306 853 2360 solebant,
866 2307 888 2353 in

100 2397 177 2435 agrum
192 2390 213 2425 et
227 2378 300 2425 ocium
314 2377 413 2431 contulit,
434 2378 473 2425 sed
493 2378 603 2425 bonorum
623 2379 703 2426 civium
730 2377 836 2435 exemplo,
856 2379 889 2426 uti

101 2460 241 2498 consueverat
255 2449 322 2507 prius,
331 2462 352 2497 et
360 2449 383 2497 in
391 2450 451 2497 curia
459 2468 499 2506 pro
508 2467 531 2497 re
542 2448 630 2515 publica
640 2462 661 2497 et
672 2450 695 2509 in
705 2448 753 2497 loro
764 2459 804 2507 pr'o
814 2450 889 2497 amicis

101 2521 194 2580 benigne
215 2542 240 2570 ac
256 2519 388 2570 familiariter
402 2535 498 2570 versatus
510 2535 549 2570 est.
561 2521 651 2570 Curavit
665 2522 724 2570 enim
738 2542 781 2581 qua
794 2535 840 2570 erat
854 2542 888 2570 as-

59 2593 87 2642 25
103 2605 177 2649 suetus
191 2594 274 2654 ratione
288 2615 313 2642 ac
323 2593 428 2644 modestia
438 2593 509 2647 vivere
518 2607 587 2653 atque
594 2588 668 2642 deesse
678 2593 731 2643 nulli
741 2595 776 2643 'cui
787 2595 889 2653 prodesse

100 2686 163 2723 posse
178 2666 268 2714 honeste
282 2686 307 2714 ac
322 2666 389 2714 libere
404 2686 427 2714 se
441 2678 533 2724 putaret.

61 2762 203 2771 ·--.-.—

113 2815 129 2849 7.
142 2813 178 2850 Cic.
190 2814 236 2852 Fam.
248 2813 269 2849 V.
283 2813 299 2850 2.
314 2814 329 2850 7.
383 2813 407 2850 10.
422 2812 470 2856 Ibida
482 2813 525 2850 Plut.
538 2813 573 2851 Cic.
587 2812 615 2850 23.

61 2895 203 2908 -..,.......,

116 2948 132 2991 1.
148 2941 271 2992 Kallendis...
287 2955 337 2990 esset
353 2951 365 2991 i.
380 2964 396 2991 r.

99 3102 118 3138 21
