2093 3253
463 183 555 214 srccoNrs
569 182 684 214 POLENTONI

201 312 248 349 rent
263 313 299 350 aut
314 301 362 362 ipso
376 320 388 347 a
402 299 506 359 Scipione
521 313 542 348 et
556 299 593 349 tali
608 320 659 349 cum
673 299 768 349 exercitu
783 312 819 348 aut
834 297 894 347 nullo
908 319 920 348 a
934 301 987 354 duce

200 372 304 433 nulloque
312 372 356 423 alio
365 393 416 420 cum
426 373 524 421 exercitu
534 371 631 421 Africam
645 373 702 421 vinci
709 432 711 435 Α
718 392 788 430 posse,
805 371 902 430 Scipioni
916 387 986 425 autem
1045 422 1046 425 ,

201 445 300 494 iuberent
310 457 335 494 ut
346 459 415 503 quam
423 446 522 504 primum
530 464 542 492 e
550 463 573 493 re
582 444 669 504 publica
680 444 727 494 lore
738 456 823 503 putaret
835 443 876 493 diis
887 445 986 503 propiciis

158 535 159 538 ’
201 537 226 565 ac
236 517 292 566 bene
301 517 460 582 iuvantibusin
469 515 567 565 Africam
578 518 694 575 navigaret;
704 517 831 574 Scipionem
844 534 896 564 vero
910 521 987 574 paratis

175 592 188 641 5
204 590 272 649 copiis
285 591 315 640 ita
328 590 464 640 distribuisse
477 590 568 639 classem
580 603 605 640 ut
619 591 665 649 ipse
678 610 703 639 ac
717 589 749 640 L.¹
757 590 838 650 Scipio,
852 588 918 639 irater
931 610 988 649 suus,
1040 628 1047 649 5

202 663 237 710 cui
248 663 428 721 posteallsiatico
434 682 560 721 cognomen
565 663 623 711 -Asia
634 663 690 727 victa
701 662 768 717 dedit,
779 683 831 712 cum
841 662 884 711 XX
894 667 988 713 rostratis
1046 722 1047 725 Ἴ

203 729 332 784 navibusab
342 733 430 783 dextero
440 752 517 790 cornu,
528 735 650 795 praefectus
660 753 711 784 vero
721 734 804 791 classis,
812 734 839 785 C.
850 734 930 792 Lelius,
941 757 989 786 cum
1043 747 1045 750 ’

204 809 237 858 Μ.
255 809 332 866 Porcio
349 808 439 865 Catone,
458 809 497 868 qui
515 824 572 859 esset
590 823 698 869 quaestor,
716 809 744 858 ab
761 809 809 859 levo
827 830 878 859 cum
895 814 988 861 rostratis
1045 809 1046 812 ¹

202 877 295 930 totidem
308 882 440 939 navigarent.
457 882 533 940 ltaque
547 883 565 930 si
579 882 608 931 T.
623 882 686 931 Livio
699 882 835 937 assentimus,
851 881 906 930 Cato
919 898 990 933 noster
1045 883 1046 886 ¹

165 954 190 1003 111
205 974 276 1014 neque
290 955 313 1003 in
327 952 400 1003 Sicilia
414 953 529 1014 dereliquit
543 976 583 1004 nec
597 954 679 1003 Romae
692 955 800 1004 accusavit
814 954 946 1014 Scipionem,
960 959 990 1007 uti
1043 948 1047 972 ³

204 1027 316 1076 Plutarcus
328 1026 400 1082 relert,
412 1029 451 1076 sed
463 1026 552 1076 illocum
564 1030 587 1076 in
597 1027 694 1076 Africam
704 1028 818 1086 navigavit.
835 1028 890 1075 Rem
905 1049 991 1089 quoquc
1043 1034 1045 1036 ’

206 1100 261 1148 banc
278 1099 400 1149 Cornellius
417 1100 492 1159 Nepos
510 1101 539 1149 ita
555 1113 710 1149 commemorat
726 1112 751 1148 ut
768 1099 823 1149 Cato
839 1100 965 1149 dissensisse
979 1123 991 1150 a

206 1172 308 1230 Scipione
329 1172 368 1220 sed
389 1172 482 1220 Romam
501 1173 582 1221 redisse
601 1173 648 1231 ipsa
667 1194 693 1220 ex
711 1171 791 1227 Africa,
812 1193 856 1221 non
875 1193 902 1220 ex
920 1172 991 1222 Sicilia
1042 1176 1047 1224 1]

206 1244 311 1294 videatur.

167 1318 191 1367 15
250 1318 346 1367 Functus
360 1331 434 1366 autem
448 1332 564 1377 quaestura
577 1318 709 1367 aedilitatem
723 1319 814 1377 adeptus
830 1332 869 1367 est.
883 1319 991 1374 Aedilitati
1043 1312 1047 1331 *³

207 1402 306 1447 praetura
321 1390 464 1449 quadriennio
479 1403 528 1449 post
543 1391 653 1439 successit.
669 1391 723 1439 Pace
738 1390 828 1450 quidem
842 1392 923 1439 interea
941 1390 991 1440 Car·
1015 1407 1016 1410 ’

206 1464 370 1522 thaginensibus
387 1464 436 1513 data
453 1463 555 1522 belloque
573 1464 717 1513 Macedonico
735 1485 785 1513 mox
802 1478 850 1514 orto
868 1465 928 1524 (nam
945 1464 991 1514 linis

208 1536 264 1585 illius
280 1537 412 1595 principium
427 1538 492 1586 huius
507 1537 558 1598 tuit)
574 1539 697 1595 designatus
713 1550 798 1596 praetor
813 1538 869 1586 Cato
883 1539 906 1585 in
921 1538 992 1586 Sardi·
1045 1541 1047 1567 ἶ

208 1609 273 1663 niam,
291 1628 346 1668 quae
362 1609 473 1667 provincia
489 1610 530 1656 sibi
548 1610 664 1658 obvenerat
680 1621 744 1663 sorte,
760 1610 843 1657 traiecit
860 1610 992 1668 eandemque

166 1684 194 1731 20
209 1683 238 1730 ita
256 1683 383 1741 gubernavit
401 1684 462 1742 quod
480 1705 551 1742 neque
569 1683 632 1732 bonis
651 1684 750 1742 beneque
767 1684 840 1732 vivere
857 1684 993 1742 cupientibus

208 1754 292 1804 dulcior
305 1776 345 1804 nec
359 1755 420 1803 malis
434 1776 459 1804 ac
472 1757 592 1814 perniciose
606 1756 728 1805 viventibus
743 1775 789 1804 esse
802 1775 866 1815 posse
879 1757 993 1815 quisquam
1042 1768 1046 1778 ²

209 1829 306 1877 acerbior
320 1828 436 1878 videretur.·
452 1829 563 1886 Benignus
578 1829 668 1888 quidem
683 1848 732 1887 erga
750 1829 826 1883 bonos,
846 1829 927 1886 rigidus
945 1847 993 1877 vero

209 1913 274 1959 atque
299 1900 440 1959 implacabilis
465 1920 515 1960 erga
539 1901 653 1952 sceleratos
674 1915 726 1951 crat.
743 1901 897 1951 foeneratores
922 1901 993 1951 oderat
1041 1896 1046 1928 J

210 1974 309 2024 maxime.
326 1974 386 2032 Ipsos
401 1974 466 2028 enim,
481 1976 519 2034 qui
533 1988 615 2024 essent·
627 1975 689 2024 multi
703 1989 724 2024 et
738 1976 872 2033 prouinciam
893 1975 994 2024 obsorbe·
1043 2000 1044 2013 2

168 2048 196 2096 25
211 2058 266 2101 rent,
285 2046 367 2105 expulit
384 2047 461 2096 insula.
479 2047 583 2096 Civitates
601 2065 659 2102 vero,
678 2067 728 2096 cum
751 2047 844 2096 insulam
866 2048 994 2100 circumiret,
1045 2102 1047 2104 v

211 2139 255 2167 non
271 2118 363 2168 aliorum
380 2137 440 2167 more
456 2117 533 2177 plenus
549 2139 630 2178 pompa
646 2132 667 2168 et
684 2139 762 2177 magno
778 2119 943 2178 cum'equitatu
958 2118 995 2167 sed

162 2208 164 2212 ’
211 2192 315 2241 comitatu
326 2209 393 2252 parvo
404 2193 527 2248 contentus,
539 2206 563 2241 ut
575 2191 629 2242 nulli
641 2206 697 2242 esset
708 2193 785 2252 gravis,
797 2193 871 2242 adivit.

253 2264 302 2312 Hoc
315 2278 414 2322 tempore
428 2285 479 2313 cum
493 2279 549 2313 esset
559 2267 603 2324 iam
613 2278 682 2314 aetate
693 2265 780 2323 grandis
793 2286 819 2314 ac
838 2261 906 2324 prope
925 2285 995 2316 senex,

212 2336 292 2386 litteras
308 2337 404 2397 primum
419 2337 550 2398 easdemque
567 2338 654 2387 Latinas
670 2338 754 2387 didicit.
770 2337 882 2399 Quicquid
897 2350 942 2388 erat
957 2335 996 2386 ocii

170 2412 198 2461 30
213 2411 289 2461 litteris
301 2410 449 2471 perdiscendis
462 2412 534 2461 dabat.
547 2412 594 2461 Hac
606 2412 629 2460 in
641 2430 664 2461 re
676 2412 804 2471 magistrum
816 2412 891 2461 babuit
903 2411 997 2461 Ennium

212 2488 306 2543 poetam.
325 2485 400 2544 Ipsum
416 2486 475 2534 enim
491 2484 581 2534 Tarenti
597 2505 648 2534 cum
664 2506 690 2534 ex
705 2484 779 2535 Africa
795 2486 874 2535 rediret
890 2498 995 2545 quaestor,
1042 2491 1047 2530 ἶ

164 2589 167 2593 «
213 2557 360 2606 uti-memorat
369 2556 492 2606 Cornellius
502 2558 585 2618 Nepos,
593 2558 678 2614 invenit
687 2558 826 2617 eundemque
834 2577 910 2606 secum
918 2559 997 2607 ducens
1045 2583 1047 2585 v

212 2705 237 2740 12.
250 2705 294 2749 Nep.
306 2705 343 2743 Cat.
357 2705 369 2741 l.
383 2704 420 2742 3-4,
470 2705 498 2742 32.
511 2705 556 2748 Nep.
568 2705 606 2743 Car.
619 2704 632 2742 l.
647 2706 664 2743 4.

218 2824 247 2869 ll.
262 2831 275 2868 ι’.
294 2843 310 2869 a.
329 2842 376 2869 cum
394 2823 435 2869 illo.
493 2824 523 2870 16.
537 2808 587 2870 Pace
606 2824 689 2880 quidem
706 2826 780 2870 interea
794 2808 998 2881 Carthaginensibus)

174 2897 188 2938 i.
203 2909 226 2943 r.;
242 2910 264 2938 ex
279 2889 376 2937 Consules
385 2901 434 2937 tunc
449 2890 554 2949 (carthan
570 2897 637 2938 statim
651 2910 699 2938 carr.
758 2890 787 2939 19.
802 2891 894 2950 (tra)iecit
903 2897 917 2939 i.
927 2910 950 2945 c:
959 2894 1000 2937 aral

170 2959 266 3013 traijecit?
327 2958 358 3004 22.
373 2974 418 3013 erga
431 2976 455 3006 ex
470 2970 511 3004 erat
525 2978 574 3005 corr.
615 2987 618 2989 ·
