2093 3253
252 157 385 191 scanaonuu
400 158 523 190 uuusnuuu
536 170 550 175 -
564 157 622 190 tissa
636 157 688 188 uun.
837 143 877 189 379

95 295 145 326 vero
160 276 253 334 gerenda
268 274 325 323 bello
341 293 374 322 res
390 274 479 322 omnino
494 287 556 329 esset,
573 286 675 322 neutrum
690 273 751 331 sequi
766 273 878 321 constituit

95 349 133 398 sed
147 349 179 396 uti
195 348 279 396 medius
294 360 315 395 et
329 347 411 395 amicus
434 347 547 406 utriusque
559 359 692 413 ¹¹¹reservatus.
711 345 740 393 ad
762 365 838 403 pacem
860 345 877 391 si

94 432 167 480 posset
181 419 260 467 alicubi
275 419 381 466 demorari
392 437 490 466 seorsum
499 438 512 466 a
522 418 579 466 bello
589 439 614 466 ac
624 419 734 476 quiescere
744 418 831 465 interim
841 434 877 464 co-

28 523 31 524 ν
95 492 176 552 gitavit.
191 491 231 540 Sin
244 491 359 540 adhaerere
372 510 460 550 prorsus
474 491 534 538 alteri
547 492 664 549 oporteret,
676 502 725 539 tum
738 488 799 548 sequi
814 489 878 537 Pom-

69 567 80 617 5
98 566 172 625 peium
183 564 272 613 omnino
282 564 401 618 constituit,
413 563 473 622 quod
483 563 553 611 sibiet
564 563 669 612 beneficio
679 563 785 611 astrictior
796 575 817 611 et
828 561 878 610 belli

95 658 158 688 causa
172 637 248 686 iustior
263 649 284 685 et
298 637 413 685 coniuncta
432 656 483 685 cum
498 654 520 684 re
535 635 621 694 publica
640 636 756 685 videretur.
772 635 807 684 De
826 655 879 694 pace

94 713 160 771 igitur
172 711 252 759 litteras
265 710 293 759 ad
304 722 422 768 utrumque
434 722 458 758 ut
470 708 558 757 animos
566 729 641 758 eorum
652 722 744 759 tentaret
757 709 824 770 misit*¹
836 708 878 759 Eos
935 768 937 770 ι

95 785 185 843 quidem
199 777 331 830 reconciliari
348 801 412 839 posse
428 781 468 829 hac
484 781 611 829 condicione
628 782 720 839 putavit:
736 782 753 828 si
771 782 850 830 Caesar
866 804 878 831 e

95 855 166 906 Gallia
180 854 272 910 cederet,
287 854 405 904 exercitum
418 866 514 913 poneret,
528 853 588 912 apud
603 852 692 912 llliryos,
707 853 779 913 quoad
793 873 831 913 per
844 874 877 902 se-

56 934 81 983 10
96 943 171 979 natum
186 929 213 977 de
227 928 340 977 consulatu
352 927 508 981 decerneretur,
520 927 597 974 tacitus
608 940 736 985 expectaret,
748 928 801 976 duas
813 929 879 978 modo

94 1002 181 1051 interim
195 1000 289 1058 legiones
304 999 399 1048 haberet.

137 1074 184 1122 Hac
199 1075 272 1132 itaque
281 1092 320 1131 spe
329 1093 354 1121 ac
363 1072 492 1130 cogitatione
502 1072 579 1130 plenus
589 1072 666 1121 Cicero
676 1073 745 1121 ventis
755 1073 815 1122 dedit
825 1068 879 1122 vella

96 1162 116 1198 et
131 1148 281 1197 Brundusium
297 1166 308 1195 e
325 1145 416 1195 Graecia
432 1145 546 1204 navigavit.
565 1145 618 1194 Inde
635 1164 726 1204 pergens
742 1146 878 1205 Pompeium,

95 1222 222 1282 priusquam
232 1219 314 1269 veniret
323 1220 351 1268 ad
361 1219 444 1273 urbem,
455 1218 516 1277 quod
524 1232 572 1268 tum
582 1217 638 1268 lorte
647 1218 670 1268 in
680 1217 799 1283 Campania
808 1239 879 1269 versa-

56 1297 80 1346 l5
96 1308 161 1348 retur,
170 1293 237 1341 adivit
245 1294 361 1350 ipsumque
368 1292 433 1350 longo
441 1310 540 1340 sermone
547 1311 572 1339 ac
580 1291 694 1349 multiplici
702 1293 784 1340 ratione
791 1293 820 1340 ad
827 1313 879 1347 con-

37 1414 39 1420 ,
95 1365 191 1415 cordiam
206 1378 227 1414 et
242 1385 318 1424 pacem
338 1365 452 1414 exhortans
472 1364 535 1412 horas
555 1383 620 1423 supra
640 1364 693 1412 duas
713 1364 819 1413 allocutus
839 1377 879 1414 est.

96 1439 197 1487 Tandem
213 1459 264 1486 cum
278 1438 340 1487 illum
354 1438 552 1496 betlo‘perturbare
568 1438 641 1486 omnia
657 1458 723 1496 quam
739 1439 783 1496 pati
801 1439 878 1487 Caesa-

96 1529 143 1558 rem
158 1511 224 1558 creari
239 1510 351 1558 consulem
365 1522 440 1557 contra
464 1510 521 1567 leges
547 1510 610 1557 malle
635 1510 761 1567 perciperet,
787 1511 879 1560 Romam

96 1583 189 1633 nudatus
205 1604 244 1642 spe
259 1583 318 1632 omni
333 1583 391 1641 pacis
407 1582 518 1632 habendae
532 1581 598 1632 venit.
764 1587 766 1590 ’

54 1659 82 1707 20
139 1658 224 1707 Urbem
237 1670 311 1707 autem
326 1657 408 1706 Cicero
419 1657 452 1706 Ill
468 1657 544 1706 Nonas
561 1655 675 1711 lanuarias,
691 1655 729 1716 qui
744 1671 788 1706 erat
803 1658 879 1708 natalis

95 1730 129 1779 sui
145 1730 198 1784 dies,
215 1731 324 1788 ingressus
340 1743 422 1779 tantam
438 1730 518 1778 civium
534 1729 642 1778 bonorum
658 1742 679 1777 et
695 1729 770 1789 populi
787 1730 879 1780 Romani

96 1804 183 1853 obviam
198 1803 361 1867 multitudinem
378 1802 453 1851 habuit
469 1815 574 1862 tantoque
590 1802 672 1850 honore
688 1815 790 1862 exceptus
806 1817 838 1853 est
855 1818 879 1853 ut

75 1906 77 1909 ·
96 1875 149 1926 nihil
164 1896 211 1925 esse
225 1875 305 1925 civitati
320 1874 489 1931 desiderabilius,
505 1875 558 1924 nihil
572 1875 660 1933 gratius,
675 1874 729 1923 nihil
742 1878 879 1927 commodius

97 1949 138 2011 hoc
152 1949 175 1998 in
190 1968 264 1998 rerum
279 1962 340 1998 motu
352 1949 380 1997 ad
391 1949 496 1998 sedandas
508 1948 626 1997 discordias
638 1947 753 1997 videretur.
767 1950 792 1998 ln
804 1964 878 2001 senatu

56 2022 82 2070 25
98 2042 149 2071 vero
164 2042 232 2081 aeque
247 2022 288 2070 sibi
306 2042 331 2070 ac
349 2021 481 2075 consulibus,
500 2022 641 2079 praetoribus,
660 2033 681 2069 et
700 2022 792 2071 tribunis
810 2023 879 2082 plebis

96 2093 172 2143 datum
186 2093 302 2152 negocium
316 2105 341 2142 ut
355 2106 454 2142 curarent
472 2093 570 2153 nequid
592 2093 717 2142 detrimenti
738 2112 771 2143 res
792 2096 879 2153 publica
946 2157 948 2160 .

95 2178 211 2224 pateretur.
222 2165 345 2215 Verborum
354 2166 406 2215 haec
416 2165 509 2215 lormula
518 2179 604 2216 senatus
614 2167 707 2217 consulti
717 2180 768 2222 erat,
778 2187 830 2217 cum
839 2190 879 2228 po-

95 2250 196 2287 testatem
210 2260 319 2288 summam
332 2239 434 2299 cuiquam
447 2239 547 2287 extremis
561 2239 584 2287 in
597 2239 697 2298 periculis
711 2252 782 2298 patres
796 2241 878 2292 darent.

97 2311 183 2362 Mentio
193 2334 281 2372 quoque
291 2313 314 2361 in
324 2325 400 2361 senatu
410 2313 437 2361 de
446 2312 558 2372 triumpho
568 2312 704 2362 decernendo
715 2312 814 2363 Ciceroni
825 2328 878 2371 orta,

53 2383 82 2432 30
96 2385 157 2443 quod
165 2386 271 2434 maiorum
281 2404 340 2434 more
350 2385 385 2434 hic
395 2385 463 2434 honos
473 2385 514 2434 sibi
523 2385 552 2434 ob
562 2404 595 2434 res
605 2404 707 2445 prospere
715 2399 784 2444 gestas
794 2388 816 2436 in
826 2389 880 2437 Cili·

95 2457 128 2506 cia
143 2457 265 2507 deberetur.
279 2458 415 2507 Audiebatur
428 2458 518 2517 quidem
531 2471 612 2507 attente
626 2459 708 2518 petitio,
722 2459 768 2515 sed,
782 2461 880 2519 quierat

96 2531 179 2585 consul,
195 2530 301 2580 Lentulus
310 2530 410 2590 quietiori
418 2531 511 2589 tempori
521 2532 681 2586 reservandum,
690 2552 748 2580 nunc
757 2551 807 2581 vero
816 2535 879 2583 saluti

96 2603 188 2652 civitatis
203 2604 361 2652 consulendum
376 2604 437 2652 dixit.
456 2604 488 2651 lta
504 2623 537 2652 res
554 2604 665 2653 Ciceronis
683 2605 762 2653 bonam
775 2604 801 2652 in
814 2625 880 2663 spem

96 2687 149 2723 tunc
164 2674 237 2724 dillata
250 2676 339 2725 tandem
353 2676 443 2725 adverso
458 2676 508 2724 belli
523 2689 602 2725 eventu
617 2697 642 2724 ac
657 2677 719 2725 ruina
734 2677 764 2725 rei
780 2677 879 2735 publicae

56 2747 83 2797 35
99 2749 176 2798 obruta
191 2762 230 2798 est.

112 2865 141 2911 l3.
156 2864 227 2921 Coepit
241 2866 348 2918 Pompeius
361 2864 442 2911 scrihere
459 2866 493 2911 sed
505 2873 572 2911 statim
587 2885 636 2912 corr.
649 2867 675 2916 Ο,
691 2867 724 2913 sed
737 2873 767 2912 ita
786 2868 836 2913 male
857 2879 879 2914 ut

57 2947 107 2976 nunc
117 2932 197 2985 facilius
211 2931 317 2985 Pompeius
331 2931 413 2984 tegatur,
427 2932 533 2986 Pompeius
547 2933 565 2978 V
579 2932 697 2986 Pompeium
710 2934 743 2980 W.
