2093 3253
158 204 197 252 290
464 218 556 249 sicconis
570 217 686 248 rorantem

207 333 258 383 Erat
268 334 358 394 quidem
369 354 433 382 nemo
445 333 482 391 qui
493 332 578 381 lacilius
589 333 686 381 iudicum
697 346 780 381 mentes
791 345 812 380 et
822 352 835 380 a
845 332 957 381 severitate
967 337 993 384 acl

208 401 337 456 hilaritatem
351 419 373 455 et
387 427 400 455 a
414 409 459 455 risu
474 407 502 455 ad
517 407 644 464 gravitatem
658 407 782 460 adduceret;
798 426 863 454 nemo
877 406 916 463 qui
931 406 992 457 citius

207 480 279 529 veleb
290 481 321 529 ira
331 479 359 528 ad
370 480 580 528 commiserationem
591 493 612 528 et
623 479 721 528 lacrimas
739 479 772 528 vel
784 499 796 527 a
807 479 952 528 benivolentia
967 483 992 530 ad

208 554 265 601 iram·
273 565 294 601 et
306 552 382 600 odium
394 552 500 606 incitares
514 572 579 600 nemo
591 552 629 611 qui
641 552 778 600 artificiosius
801 564 917 610 peroraret;
930 571 992 602 nemo

181 628 193 675 5
209 627 247 686 qui
262 625 350 686 politius
360 625 492 686 loqueretur.
503 625 567 675 Adde
577 626 638 686 quod
647 643 710 675 reum
720 625 839 675 defendens
849 625 931 674 crimen
940 624 993 676 late·

207 713 266 748 retur
280 698 391 749 interdum
403 699 471 758 idque
484 697 577 748 mirabili
590 699 685 757 quadam
697 711 743 747 arte
756 719 806 747 mox
818 699 847 746 ita
860 700 882 746 in
894 698 991 748 adversa-

208 772 250 819 rios
266 763 399 830 retorqueret
410 784 439 836 ut
446 771 484 829 qui
495 790 518 819 se
529 770 621 819 'victores
632 789 669 819 reo
680 772 762 819 crimen
773 771 890 819 confitente
895 783 993 830 putarent

208 846 302 894 deiectos
315 866 328 894 e
340 858 388 893 toto
400 866 478 908 causae
490 858 548 894 statu
560 845 673 904 victosque
691 844 796 894 viderent.
810 843 882 893 Tanta
900 846 992 894 enimin

174 935 176 938 ’
208 939 234 965 eo
249 917 338 976 florebat
353 917 477 975 eloquentia
492 930 596 975 tantaque
610 917 643 965 vis
659 917 745 965 dicendi
761 929 805 965 erat
820 929 844 965 ut
859 916 992 965 audientium

163 992 196 1040 lll
211 983 294 1038 mentes
307 1009 439 1049 quocunque
452 989 649 1047 vellet'impelleret
662 1009 687 1036 ac
700 1007 788 1046 regnare
801 991 823 1037 in
836 988 884 1037 loro
897 988 994 1039 omnium

163 1091 165 1104 2
209 1059 314 1111 sententia
328 1061 445 1110 videretur.

252 1134 339 1183 Praetor
352 1147 426 1182 autem
436 1133 506 1182 lactus
518 1135 562 1192 egit
573 1135 601 1182 ad
612 1134 719 1193 populum
729 1155 754 1182 ac
765 1135 870 1194 persuasit
881 1147 902 1182 et
914 1133 993 1183 bellum

168 1239 169 1242 ¹
209 1228 255 1258 esse
262 1208 384 1258 Mithridati
394 1207 533 1258 inferendum
543 1222 564 1258 et
572 1208 629 1257 bello
639 1210 791 1267 imperatorem
796 1208 925 1267 Pompeium
934 1228 993 1266 prae·

209 1282 334 1331 liciendum.
346 1281 465 1330 Actionum
476 1283 522 1331 eius
534 1303 589 1340 quae
600 1282 629 1330 ad
639 1302 686 1330 rem
696 1282 806 1340 publicam
817 1282 932 1330 attinerent
944 1282 994 1330 haec

171 1355 196 1404 15
208 1354 281 1414 'prima
290 1352 338 1403 tuit.
348 1353 409 1402 Nihil
418 1354 476 1402 enim
484 1354 512 1403 ad
520 1354 633 1413 populum,
644 1354 697 1402 nihil
705 1354 734 1404 ad
742 1366 841 1403 senatum
849 1366 920 1413 egerat
928 1354 993 1413 prius.

210 1427 292 1477 Causas
305 1427 371 1476 modo
383 1426 446 1475 illum
459 1428 481 1475 in
494 1427 553 1476 diem
565 1428 588 1475 in
600 1427 648 1475 loro
660 1428 688 1475 ad
701 1428 783 1477 iudices
796 1428 885 1476 dixerat.
897 1427 993 1476 Actionis

211 1501 275 1550 liuius
292 1512 348 1550 extat
365 1501 440 1555 oratio,
458 1522 525 1559 quam
542 1502 600 1549 docti
617 1502 644 1549 de
662 1500 720 1559 Lege
736 1500 833 1555 Manilia,
851 1501 940 1559 quidam
957 1521 994 1559 pro

211 1573 314 1631 Pompeio
334 1584 418 1620 vocant.
437 1573 543 1620 Praetoris
562 1591 614 1621 vero
633 1593 715 1640 munus¹
731 1593 755 1620 ea
774 1593 824 1620 cum
843 1571 953 1630 diligentia
971 1593 994 1620 ac

199 1645 283 1703 legum
298 1646 432 1694 observantia
447 1646 518 1694 tenuit
529 1659 553 1694 ut
564 1664 587 1693 re
598 1646 656 1694 nulla
667 1659 741 1694 contra
757 1646 852 1694 officium
868 1646 994 1693 flecteretur.

169 1720 204 1767 20·
254 1718 385 1767 Consulatus
400 1731 473 1767 autern
483 1719 572 1776 petendi
582 1732 632 1776 post
642 1732 764 1777 praeturam
774 1732 795 1766 et
806 1719 890 1766 animus
906 1731 927 1766 et
942 1731 995 1765 temu

211 1791 332 1848 pus'venit,
348 1787 425 1848 ltaque
442 1803 467 1839 ut
484 1810 531 1838 mos
549 1792 631 1849 patrius
649 1792 747 1849 exigebat
764 1810 804 1838 nec
821 1809 859 1849 per
876 1791 933 1848 leges
950 1790 994 1837 fieri

210 1862 328 1917 vetabatur,
340 1862 378 1920 qui
389 1862 408 1909 ei
419 1861 589 1921 suffragarentur
599 1863 639 1910 hac
649 1863 672 1910 in
682 1862 787 1921 petitione
797 1880 921 1921 comparare
934 1861 995 1919 longe

211 1948 328 1995 antequam
342 1948 425 1992 peteret
440 1935 512 1984 studia
526 1936 646 1984 amicorum
660 1936 739 1995 coepit.
755 1936 841 1985 Horum
851 1948 924 1984 autem
934 1956 946 1983 e
956 1956 994 1983 nu·

212 2026 273 2057 mero
284 2007 406 2062 Catilinam,
423 2028 490 2067 quem
504 2010 575 2057 civem
590 2010 674 2057 bonum
690 2030 737 2058 esse
753 2022 838 2067 putaret
855 2008 996 2072 futurumque

170 2081 197 2130 25
213 2080 378 2140 competitorem
390 2100 437 2129 esse
449 2094 594 2141 cognosceret,
607 2082 663 2130 utel
676 2079 757 2132 faveret
770 2081 883 2132 devincere
893 2080 996 2131 beneficio

197 2172 199 2177 ⁴
211 2154 285 2213 aliquo
299 2154 380 2203 statuit.
395 2153 557 2203 Coniurationis
572 2155 672 2204 nondum
686 2156 775 2210 mentio,
790 2154 889 2203 nondum
902 2153 995 2213 suspicio

212 2226 255 2275 ulla
267 2239 320 2275 orta.
332 2225 398 2275 Hunc
408 2227 481 2286 igitur,
494 2240 518 2276 ut
529 2228 625 2276 amicum
636 2227 803 2287 propiciumque
814 2227 909 2282 haberet,
921 2226 995 2277 Cicero

212 2299 269 2347 ultro
282 2297 398 2347 defendere
412 2299 520 2357 cogitavit.
534 2300 622 2348 Praetor
635 2320 721 2358 nanque
734 2301 757 2348 in
769 2299 843 2349 Africa
856 2299 925 2348 fuerat
939 2298 995 2358 Cati7

212 2371 255 2419 lina
269 2384 290 2419 et
305 2388 401 2419 reversus
417 2371 443 2420 L.
459 2370 524 2419 Cotta
538 2385 559 2420 et
574 2370 728 2431 L.=T0rquat0
742 2371 868 2420 consulibus
886 2362 996 2420 accusatus

170 2445 203 2494 30‘
214 2456 265 2493 erat.
283 2443 358 2503 Ipsum
378 2444 703 2504 repetundarum-accusaverat
719 2444 742 2494 P.
760 2444 851 2495 Clodius
866 2444 997 2495 adolescens.

211 2519 302 2567 Annum
313 2519 353 2567 hoc
363 2530 480 2576 antequam
491 2517 568 2566 Cicero
578 2531 661 2576 peteret
671 2518 808 2566 consulatum
818 2518 867 2566 luit.
878 2516 997 2567 Defensum

213 2589 275 2638 illum
285 2609 332 2639 esse
342 2609 355 2637 a
366 2588 471 2638 Cicerone
482 2589 727 2655 indubitateFenestela
738 2589 820 2640 scribit
830 2589 938 2639 Asconius
949 2606 998 2638 vero

155 2676 161 2693 ²
213 2664 326 2718 Pedianus,
339 2662 436 2721 egregius
448 2663 579 2722 scriptorum
591 2655 702 2712 Ciceronis
712 2657 826 2723 interpres,
839 2663 878 2712 liae
890 2663 912 2712 in
924 2679 947 2712 re
958 2661 997 2710 du·

207 2834 235 2870 32.
248 2832 298 2877 Apud
310 2834 369 2870 Arcen.
385 2833 423 2876 Tog.
437 2832 509 2878 Cand(
521 2833 561 2870 [85
575 2834 617 2880 Or.)¹
668 2834 696 2870 32.
710 2834 746 2871 lbid
779 2841 780 2844 ’

216 2990 244 3035 13.
259 2990 290 3037 Ex
305 2989 403 3037 Mitridati
418 3008 466 3035 corr.
482 2991 549 3044 (etiam
563 2997 582 3034 in
598 2992 675 3045 indice).
