2093 3253
206 186 207 189 ’
252 170 523 220 sourrronun'niu'srmuu
536 200 550 205 -
563 188 621 220 arnan
634 188 687 219 inu.
836 174 876 220 399

94 302 134 351 sibi
150 321 213 362 posse
228 300 311 351 restitui
322 301 404 351 viribus
415 301 487 351 fractis
499 323 546 351 earn
557 321 604 351 rem
614 301 725 361 publicam
735 322 802 361 quam
813 297 876 351 Pom}

93 376 155 436 peius
170 377 275 425 sustinere
289 397 316 426 ne
330 376 437 425 laberetur
451 377 539 436 integris
553 371 621 437 copiis
635 376 774 435 nequivisset.
789 376 879 425 Circum

27 509 30 511 ‚
94 450 158 498 etiam
173 469 224 498 cum
234 449 318 498 Catone
327 449 454 498 insistebant
462 450 526 498 simul
535 451 573 509 qui
581 451 700 509 primatum
708 470 720 497 e
728 469 800 508 pugna
808 449 878 508 dilap-

92 522 111 570 si
126 522 154 569 ad
169 522 276 570 Catonem
290 535 311 571 et
326 541 391 569 naves
403 521 551 581 confugerant.
564 522 680 581 Pompeius
692 520 788 581 quoque,
801 522 878 580 Magni

68 595 81 645 5
97 594 194 654 Pompeii
206 595 273 650 lilius,
290 597 371 647 aderat.
388 596 516 645 Ciceronem
531 597 621 655 quidem
637 596 734 644 certatim
750 595 878 653 rogitabant,

94 668 263 723 obtestabantur,
281 669 422 719 obsecrabant
439 670 515 717 omnes
532 669 556 717 iit
574 669 612 728 qui
630 681 685 717 esset
696 668 735 717 >vir
752 668 876 723 consularis,

94 741 132 799 qui
146 740 313 799 appellationem
327 743 462 802 imperatoris
477 755 498 790 et
513 740 581 790 fasces
597 741 691 799 haberet,
707 742 725 789 is
736 761 791 801 quae
802 761 877 799 super·
935 745 937 747 ’

94 825 154 862 erant
168 812 243 872 populi
258 813 349 864 Romani
362 835 387 865 ac
403 815 511 864 sociorum
527 813 628 873 reliquias
644 812 752 873 colligeret
768 814 877 862 sustinen-

86 886 188 945 damque
200 906 246 935 rem
257 886 367 946 publicam
378 887 564 947 quemadmodum
575 886 649 935 contra
661 886 777 935 Catilinam
788 887 877 935 inermis

55 961 80 1009 l0
96 958 148 1007 olim
162 959 192 1007 ita
206 980 264 1008 nunc
279 974 353 1009 contra
365 962 479 1010 Caesarem
489 973 583 1008 armatus
595 961 651 1007 bona
662 980 713 1007 curn
721 958 762 1018 ‘spe
773 972 794 1007 et
804 960 879 1008 animo

94 1029 144 1078 lorti
159 1032 278 1090 susciperet
292 1034 332 1081 nec
347 1032 468 1081 libertatem
484 1052 629 1086 communem,
646 1032 697 1080 curn
713 1031 774 1080 malis
791 1031 878 1080 obviam

94 1104 125 1151 ire
139 1124 164 1151 ac
178 1105 276 1153 resistere
291 1126 329 1154 sua
344 1126 384 1164 pro
400 1106 504 1164 sapientia
519 1118 541 1153 et
556 1105 636 1153 virtute
651 1118 730 1163 posset,
747 1102 841 1163 opprimi
856 1105 878 1154 vi

94 1195 119 1223 ac
134 1176 199 1224 everti
211 1196 299 1234 prorsus
311 1197 349 1235 per
361 1191 444 1226 metum
455 1190 476 1226 et
487 1178 594 1235 ignaviam
605 1190 721 1242 pateretur.
733 1177 813 1234 Copias
824 1197 877 1225 nan-

95 1268 138 1306 que
153 1249 192 1296 bac
206 1270 278 1307 pugna
295 1249 353 1300 lusas
371 1251 444 1305 modo,
462 1272 506 1300 non
524 1250 604 1299 deletas
614 1270 661 1298 esse
671 1243 780 1300 dicebant.
795 1249 878 1299 Adesse
944 1265 946 1268 ’

57 1320 81 1370 15
97 1321 187 1371 classem
201 1323 312 1381 integram,
322 1324 429 1374 dicebant.
444 1323 526 1373 Adesse
541 1323 579 1383 qui
595 1344 618 1372 se
632 1323 777 1384 undequaque
793 1320 879 1383 collige·¹

95 1407 143 1443 rent
157 1395 256 1444 tribunos
272 1395 353 1446 milites
371 1409 524 1455 equestresac
541 1397 651 1455 pedestres
670 1396 777 1445 dicebant.
789 1396 882 1446 Adesse.

95 1467 192 1515 ani'murn
206 1487 231 1515 ac
245 1474 308 1527 spem
317 1469 350 1516 ad
360 1467 446 1517 bellum
466 1470 631 1521 restituendum,
652 1469 681 1516 ad
701 1488 747 1516 rem
768 1468 877 1526 publicam

96 1540 272 1595 conservandam,
288 1540 305 1588 si
321 1541 387 1590 modo
400 1540 444 1590 dux
456 1541 503 1599 ipse
515 1540 632 1599 imperium
644 1539 695 1589 belli
708 1540 796 1599 gerendi
809 1541 877 1597 susci<

96 1612 147 1671 piat,
163 1612 270 1663 dicebant.
285 1613 367 1663 Adesse
382 1614 470 1673 gerendi
485 1612 535 1663 belli
551 1614 664 1663 honestam
678 1633 765 1662 causam
771 1612 878 1670 dicebant.

55 1685 83 1735 20
98 1685 180 1742 Adesse
194 1686 246 1735 deos
261 1686 341 1735 ultores
355 1686 462 1735 dicebant.
478 1687 553 1744 lpsum
566 1686 660 1745 denique
673 1686 825 1744 imperatorem
838 1685 879 1734 hoc

96 1758 125 1804 ad
138 1757 221 1805 bellum
235 1771 309 1806 contra
329 1758 444 1807 Caesarem
464 1759 583 1815 gerendum
603 1758 725 1816 deligebant
746 1778 828 1806 omnes.
849 1757 878 1806 Se

96 1830 187 1887 imperio
199 1831 244 1878 eius
256 1830 398 1879 subiiciebant
410 1850 492 1879 omnes.
505 1830 572 1888 Spem
583 1831 606 1878 in
617 1850 643 1878 eo
654 1830 735 1879 bonam
746 1830 879 1888 reponebant

96 1922 179 1958 omnes,
194 1902 255 1963 quod
267 1903 398 1952 existimaret
411 1903 504 1963 quisque
517 1901 563 1951 lore
576 1916 601 1952 ut
611 1902 682 1962 colligi
693 1904 805 1958 exercitus,
816 1922 880 1951 reno-

96 1975 244 2031 miribellum,
259 1977 316 2025 vinci
331 1975 416 2031 Caesar,
432 1976 515 2026 restitui
529 1996 563 2025 res
577 1975 664 2036 publica
679 1977 790 2026 Ciceronis
804 1977 880 2032 ductu,

56 2048 84 2096 25
99 2049 209 2107 sapientia,
225 2050 304 2098 virtute
315 2062 395 2108 posset.
422 2091 424 2093 .
711 2053 712 2056 ¹

140 2121 199 2172 Haec
214 2140 264 2172 vero
279 2134 300 2172 et
314 2121 364 2173 talia
379 2121 446 2172 multa
460 2122 623 2182 exagerantibus
638 2121 679 2172 illis
693 2135 759 2183 atque
773 2134 797 2172 ut
811 2122 879 2171 susci·

98 2208 158 2252 peret
172 2214 247 2244 curam
261 2208 282 2244 et
296 2194 413 2254 imperium
432 2193 483 2243 belli
503 2195 567 2244 huius
586 2195 748 2245 exhortantibus
768 2195 879 2255 respondit

98 2267 175 2316 Cicero
183 2268 238 2316 adeo
247 2287 270 2316 se
278 2288 330 2316 cum
339 2268 399 2316 senio
407 2280 456 2316 tum
465 2267 526 2316 malis
535 2282 664 2326 oppressum
673 2268 733 2327 quod
742 2269 816 2327 neque
821 2286 881 2317 arma

97 2353 187 2391 tractare
202 2340 263 2391 miles
278 2336 317 2391 nec
331 2340 386 2391 bella
400 2361 473 2401 gerere
487 2341 603 2400 imperator
617 2354 696 2401 posset,
710 2354 776 2402 atque
789 2340 819 2390 ob
832 2339 881 2390 eani

57 2412 86 2462 30
100 2433 147 2463 rem
161 2415 260 2464 statuisse
273 2414 297 2462 in
313 2413 397 2463 ltaliam
410 2414 479 2464 redire
493 2415 583 2463 omnino
596 2427 617 2463 et
631 2414 691 2474 quod
704 2415 760 2463 vitae
773 2414 882 2473 reliquum
941 2457 942 2460 ,

98 2488 225 2546 largirentur
239 2488 276 2543 dii,
297 2488 320 2536 id
333 2489 378 2536 suis
392 2489 415 2536 in
429 2488 522 2547 praediis
536 2489 607 2537 vivere
621 2488 741 2547 litterisque
754 2507 779 2536 ac
798 2488 845 2536 ocio
859 2500 881 2536 et

98 2560 165 2619 quieti
181 2559 238 2608 dare.
649 2578 651 2580 ’

140 2633 201 2691 Quae
216 2652 249 2682 res
263 2633 318 2682 adeo
338 2633 448 2692 displicuit
466 2654 491 2683 ac
510 2633 571 2684 laesit
589 2633 725 2684 audientium
743 2651 805 2683 aures
820 2632 881 2693 quod

98 2707 192 2753 accensis
206 2706 284 2754 animis
303 2707 397 2755 universi
418 2727 468 2755 mox
487 2727 499 2754 a
519 2708 620 2764 precibus
639 2720 661 2756 et
680 2706 833 2755 blandimentis
851 2706 880 2755 ad

111 2825 129 2870 6.
144 2826 293 2872 obtestabantur
306 2832 320 2872 i.
334 2843 350 2870 r.
389 2823 437 2872 ‘l‘0.
452 2824 500 2870 olim
513 2831 527 2870 ι’.
542 2844 565 2876 r.;
579 2844 603 2872 ex
617 2825 643 2871 ita
657 2824 724 2872 statim
744 2844 793 2871 corr.
848 2824 881 2871 23.

56 2893 172 2939 renovarit.
187 2909 210 2945 r.;
224 2903 266 2939 erat
280 2892 363 2938 restitui.
418 2891 451 2938 27.
465 2892 650 2949 (ex)bo(rtantibus)
665 2900 678 2939 i.
697 2911 720 2945 r.;
739 2912 762 2940 ex
781 2893 882 2948 exorbea-

57 2958 133 3015 tibusl)
147 2965 214 3006 statim
227 2977 277 3005 corr.
331 2957 364 3005 27.
379 2958 498 3015 (respondlit
512 2957 583 3004 Cicero
597 2967 610 3006 i.
625 2978 641 3005 r.
