2093 3253
375 260 376 263 ’
438 254 536 308 ‘sicconis'
550 254 671 306 roraurorli

183 390 287 440 seruanda
299 390 364 438 modo
375 389 414 437 sed
423 389 521 447 augenda
532 390 597 438 etiam
608 388 745 438 affirmarent.
757 388 819 446 Quae
828 398 905 437 autem
911 388 967 439 'Caea

183 463 236 511 saris
258 472 319 511 erant
334 461 416 524 litterae
441 461 496 509 hanc
518 461 648 511 sententiam
670 461 818 510 continebant:
838 460 890 509 boni
912 477 968 512 esset

183 535 257 591 animiss
273 533 357 594 placere
370 533 411 582 sibi
426 533 486 593 quod
499 533 635 592 imperatoris
648 531 815 593 appellationem
828 532 969 600 etfflaureatos

184 609 284 658 retineret
299 606 367 656 lasces
380 620 479 666 essetque
491 606 550 655 idem
563 607 645 655 honore
657 628 682 655 ac
694 606 798 664 dignitate
810 606 848 665 qui
860 620 910 656 ante
922 606 969 656 bel·

158 681 171 731 5
187 683 233 730 lum
247 680 309 731 civile
324 680 407 729 luisset.
880 687 881 690 ’

227 753 259 804 Εο
274 753 368 813 denique
383 772 416 801 res
432 752 543 802 Ciceronis
561 751 620 802 haud
639 752 718 803 multos
736 751 764 801 ad
782 773 866 803 menses
884 766 970 812 postea-

171 830 251 887 *quam
266 826 355 877 redisset
368 826 517 876 Brundusium
529 847 555 874 ex
566 825 644 874 litteris
655 826 775 875 amicorum
786 826 883 875 ascendit
895 839 919 876 ut
931 828 969 886 qui

184 901 249 958 paulo
263 912 314 948 ante
327 920 366 948 sua
381 900 408 947 de
419 899 488 947 salute
498 898 619 957 plurimum
630 899 745 954 dubitaret,
757 901 775 946 is
786 911 870 947 metum
880 913 971 957 poneret

188 976 227 1023 nec
238 985 321 1023 metum
332 968 426 1032 poneret
434 971 500 1021 modo
512 972 551 1020 sed
563 973 626 1031 spem
636 973 659 1020 in
670 971 761 1021 Caesare
771 993 796 1021 ac
806 992 868 1031 spem
879 971 971 1021 multam

148 1048 173 1096 10
189 1060 210 1094 et
224 1040 305 1095 bonam
319 1045 414 1094 haberet.
430 1045 476 1093 Sibi
491 1057 564 1092 autem
577 1043 701 1093 timendum
715 1065 741 1093 ex
755 1040 788 1093 his
803 1045 840 1103 qui
855 1041 972 1094 retinerent
1041 1039 1046 1097 f

187 1118 327 1177 Pompeianas
339 1130 417 1176 partes,
430 1119 448 1166 si
459 1117 540 1166 afflaret
551 1119 582 1166 eis
593 1117 710 1176 aliquando
721 1116 815 1172 fortuna,
827 1118 888 1176 quod
899 1117 972 1166 deser-

186 1205 220 1240 tos
235 1212 258 1241 se
272 1190 300 1239 ab
314 1212 340 1239 eo
355 1204 497 1250 quererentur
510 1191 655 1246 vehementer,
671 1211 717 1240 esse
731 1192 828 1250 putabat.
843 1191 973 1251 Pompeium
1043 1223 1047 1258 5

186 1285 237 1315 vero
252 1264 372 1315 Pharsalica
386 1285 398 1313 e
413 1285 485 1323 pugna
500 1263 622 1324 fugientem
637 1265 675 1325 qui
691 1261 791 1324 Paphum
801 1263 893 1323 (insulae
904 1263 971 1324 Cypri
1044 1299 1047 1303 «

187 1339 265 1387 nobilis
280 1338 354 1386 civitas
366 1337 420 1396 erat)
429 1339 537 1397 prosecuti
548 1350 599 1387 sunt
607 1338 673 1386 verba
684 1337 714 1386 de
720 1337 832 1393 Cicerone,
842 1359 894 1388 curn
902 1338 973 1387 exori*
1045 1392 1047 1394 r

150 1414 175 1461 15
184 1423 249 1460 'retur
259 1410 330 1459 sermo
342 1412 368 1458 de
379 1411 433 1468 ipso,
443 1411 484 1470 nisi
495 1411 613 1460 honorifica
621 1429 706 1479 semper
713 1411 738 1459 ac
748 1410 812 1469 plena
820 1412 908 1460 maximi
916 1411 974 1460 desi-
1044 1403 1047 1440 3

171 1499 173 1502 ’
188 1484 242 1533 derii
257 1482 358 1532 babuisse
373 1483 495 1543 narrabant.
510 1483 569 1532 Nam
583 1483 623 1531 etsi
633 1481 730 1540 consilio,
742 1485 851 1544 opinione,
862 1485 975 1535 voluntate
1044 1488 1047 1535 f

188 1557 292 1605 dissidere
308 1556 350 1603 boc
361 1556 388 1604 de
399 1555 456 1603 bello
467 1576 534 1614 quarn
545 1555 638 1603 maxime
648 1556 773 1605 viderentur
783 1577 808 1605 ac
818 1576 975 1622 saepenumero
1045 1576 1047 1595 1

190 1629 325 1683 dissiderent,
340 1627 400 1688 quod
412 1627 473 1676 alteri
487 1627 575 1684 bellurn,
589 1627 650 1677 alteri
664 1648 706 1687 pax
718 1627 819 1687 placeret,
833 1629 889 1688 quae
902 1641 975 1678 tamen

190 1702 260 1752 luerat
273 1701 383 1751 amiciciae
398 1701 539 1755 consuetudo,
553 1700 629 1750 eadem
641 1720 726 1760 semper
738 1702 794 1750 inter
806 1723 843 1749 eos
856 1702 928 1751 animo
941 1702 976 1749 in..

150 1777 183 1824 20'
192 1770 257 1834 tegra
267 1786 289 1822 et
303 1774 347 1822 fide
361 1773 463 1832 singulari
478 1774 564 1842 mansit.

185 1857 187 1860 ’
233 1848 294 1898 Dum
308 1860 382 1896 autem
396 1846 512 1897 Brondusii
537 1860 656 1896 moraretur
680 1847 757 1897 Cicero
779 1843 851 1906 litque,
875 1860 900 1897 ut
924 1847 974 1901 dixi,

191 1923 286 1972 reditum
301 1921 397 1989 Caesaris
413 1933 540 1979 expectaret,
555 1921 640 1968 mittere
653 1919 723 1968 lilium
737 1921 839 1969 Marcum
852 1933 873 1968 et
886 1941 938 1968 cum
951 1941 978 1968 eo

191 1995 319 2044 lamiliarem
333 1990 401 2043 suum
412 1989 539 2043 Sallustium
553 1993 640 2042 obviarn
653 1992 740 2041 Caesari
751 1993 860 2052 cogitavit.
871 1992 917 2043 Sed
926 2015 977 2041 cum

192 2069 249 2117 illius
264 2068 291 2116 de
306 2067 377 2115 reditu
392 2066 446 2114 nihil
464 2066 579 2114 haberetur
597 2066 656 2119 certi,
675 2065 858 2121 filiumAthenas
877 2066 935 2114 misit
952 2073 977 2113 ut

150 2145 178 2193 25
194 2163 218 2191 ea
232 2143 255 2191 in
270 2141 330 2195 urbe,
347 2159 402 2198 quae
417 2139 536 2188 litterarum
551 2150 607 2187 esset
622 2151 643 2187 et
658 2157 735 2196 parens
750 2148 777 2187 et'
787 2139 866 2194 nutrix,
882 2136 978 2196 philoso-
1021 2175 1023 2179 -

191 2216 266 2276 phiam
280 2215 322 2264 sub
334 2213 447 2272 Cratippo,
459 2211 589 2273 philosopho
601 2213 723 2273 eodemque
734 2214 833 2262 omniurn
845 2212 883 2273 qui
895 2232 978 2262 memo-

193 2290 223 2337 ria
238 2308 276 2338 sua
291 2286 328 2334 illo
342 2287 365 2334 in
379 2305 458 2344 genere
471 2299 607 2336 versarentur
621 2285 746 2352 doctissimo
760 2299 782 2335 et
795 2285 858 2335 facile
872 2286 978 2344 principe,

192 2361 284 2410 audiret.
301 2359 443 2418 {paeantem
462 2359 494 2408 uti
512 2359 653 2418 proposuerat
670 2359 750 2413 animo,
769 2358 864 2407 reditum
881 2358 978 2407 Caesaris

194 2435 292 2493 operiens
307 2431 423 2481 Brondusii
439 2430 488 2490 (nec
504 2451 583 2489 paucos
600 2432 690 2490 quidem
706 2431 825 2491 expectavit
842 2429 937 2489 menses)
952 2430 982 2478 ad.

152 2509 181 2557 30
196 2528 244 2556 eam
258 2506 354 2564 inopiam
366 2505 425 2554 brevi
438 2505 524 2554 devenit
536 2517 561 2553 ut
572 2505 608 2554 vix
619 2505 711 2554 retinere
723 2517 778 2563 quos
790 2504 883 2553 babebat
895 2503 980 2553 lictores

143 2575 144 2579 Ἰ
194 2601 257 2640 posse
272 2579 355 2628 diutius
373 2579 663 2637 videretur'cogereturque'
679 2599 745 2627 suum
764 2580 792 2627 ad
811 2578 939 2626 familiarem
959 2589 980 2625 et

193 2652 281 2701 affinem
296 2650 442 2708 Pomponium
452 2650 550 2698 Atticum
560 2650 653 2699 scribere
664 2663 748 2698 curaret
758 2663 783 2716 ut
803 2651 845 2697 sibi
856 2662 911 2715 esset
922 2650 982 2717 unde

195 2723 325 2772 necessarios
337 2723 444 2771 advitam
456 2735 556 2780 sumptus
568 2722 663 2772 haberet.
676 2722 788 2782 Quicquid
800 2723 859 2770 enim
870 2734 982 2786 comeatus

154 2823 299 2831 ..—.--

204 2865 218 2901 1.
230 2864 266 2903 Cic.
279 2864 314 2905 Aa.
327 2864 357 2904 XI.
371 2862 387 2901 6.
401 2863 416 2904 3.

208 2983 227 3023 7.
241 2983 277 3043 Er¹
286 2980 422 3024 Brondusium
435 2997 484 3025 corr.
542 2979 571 3023 l2.
580 2981 611 3031 Ex
625 2991 767 3034 quaererentur
779 2998 828 3024 corr.
883 2980 915 3023 21.
926 2980 983 3023 Dum

153 3058 222 3092 autem
234 3050 252 3092 ἱ(
263 3063 285 3097 ra
300 3046 342 3091 erat
359 3045 440 3090 Interea.
496 3045 528 3090 26.
543 3045 657 3101 (Cratippo
670 3052 684 3091 ι’.
698 3064 722 3096 τ.;
736 3056 777 3092 erat
792 3045 888 3099 Cratipot
