2093 3253
225 194 354 226 scaurorum
369 195 493 227 ueusrnruvr
506 207 520 212 -
534 196 592 226 uam
606 196 659 226 vuu.
815 180 858 225 257-

110 307 196 359 Genere
211 308 297 359 dicendi
312 309 483 370 haudquaquam
497 308 534 358 illo
549 309 617 369 polito
631 330 676 369 quo
690 322 765 368 postea
779 308 857 357 Cicero

68 383 166 442 sedquo
182 383 284 432 utebatur
298 395 357 433 aetas
372 402 411 431 sua
426 383 499 443 prisco
515 403 555 431 nec
570 383 622 432 satis
638 382 740 436 delimato
756 402 808 430 usus
824 394 857 430 est

69 454 131 503 Cato.
146 453 283 504 Oratioeius
297 454 356 504 haud
371 453 465 504 multum
479 453 537 504 culta
552 468 584 504 est
598 455 677 510 verbis,
692 455 731 504 sed
745 473 819 512 graves
834 454 857 502 in

69 548 92 576 ea
103 540 154 576 sunt
165 548 190 576 ac
201 526 279 586 dignae
289 528 400 577 notatione
411 529 536 578 sententiae.
545 528 634 587 Quippe
641 528 758 577 sententias
766 527 794 576 ad
802 548 858 586 quae

44 605 56 654 5
72 601 152 650 diceret
163 617 238 658 graves
248 614 270 650 et
280 601 407 650 commodas
418 601 501 651 babuit.
512 600 622 651 Vitiorum
632 614 705 651 autem
716 601 858 659 reprehensor

70 673 161 723 acerbus
171 686 193 721 et
204 673 274 722 durus
284 672 334 723 luit.
346 673 424 722 Facete
434 693 524 732 quoque
535 674 638 722 lacessere
649 673 760 722 interdum
770 672 858 721 auditus

72 759 103 796 est
117 766 157 795 nec
171 746 247 806 ipsum·
257 744 334 808 populi
348 746 441 796 Romani
455 748 574 797 reverentia
587 747 664 797 tenuit.
679 745 741 806 Quos
754 744 813 796 enim
827 744 858 796 le-

73 833 132 880 gatos
153 821 175 868 in
196 819 321 878 Bytbiniam
342 820 437 869 mitteret
457 819 551 880 populus
573 821 683 870 Romanus
703 838 775 869 carere
794 819 857 879 pede,

73 892 150 951 capite,
168 892 234 939 corde
251 892 312 946 dixit,
331 892 392 950 quod
409 912 467 941 unus
485 892 556 950 capite
573 893 653 947 saucio,
681 892 735 940 alter
751 891 858 945 vecordia,

36 969 60 1018 ll]
74 964 150 1015 tertius
167 964 262 1024 podagra
278 983 434 1024 saepenumero
450 977 570 1015 vexaretur.
586 963 677 1015 Albium
693 984 787 1024 quoque,
805 984 859 1024 epu-

72 1038 145 1087 lonem
159 1037 276 1097 quendam,
290 1036 410 1089 celebrasse
423 1037 554 1096 proterviam
576 1037 637 1088 dixit.
652 1037 787 1087 Sacrificium
800 1037 860 1086 enim

73 1109 195 1159 celebrabat
206 1108 320 1167 gentilitas,
332 1109 393 1169 quod
403 1108 468 1167 vulgo
479 1109 610 1168 proterviam
620 1108 764 1169 appellabant
775 1130 860 1159 summa

74 1195 119 1234 erat
137 1184 160 1232 in
178 1204 204 1232 eo
222 1181 297 1241 religio
315 1203 382 1243 quam
400 1183 494 1232 maxime
511 1182 593 1243 epulari
612 1196 677 1243 atque
695 1176 860 1243 netsuperesset

76 1258 193 1316 quicquam
203 1268 302 1305 accurate
312 1276 388 1305 omnes
399 1255 500 1316 reliquias
511 1268 532 1305 et
543 1254 663 1314 lragmenta
673 1254 774 1323 colligere
781 1277 806 1305 ac
817 1257 861 1316 igni

39 1331 62 1380 l5
78 1329 213 1378 comburere.
227 1330 253 1378 ln
263 1328 354 1378 Albium
365 1347 417 1378 vero
429 1329 453 1378 id
465 1342 498 1378 est
510 1349 522 1377 a
535 1329 618 1377 Catone
631 1329 714 1377 dictum
726 1330 787 1389 quod
797 1329 862 1388 epulo

77 1401 112 1450 ille
124 1422 178 1461 quas
194 1402 304 1451 habuisset
322 1422 374 1462 opes
385 1401 509 1452 devorasset
520 1422 603 1457 omnes;
614 1401 706 1451 domum
715 1414 795 1457 autem,
807 1397 862 1462 quae

77 1474 214 1523 fortunarum
236 1495 279 1527 una
301 1487 418 1535 supererat,
441 1474 497 1533 ignis
518 1474 647 1534 absumpsit.
669 1474 785 1524 Caeterum
807 1475 862 1524 Cato

79 1560 152 1594 noster
172 1547 236 1594 desiit
256 1566 370 1605 nunquam
390 1546 548 1605 reprehendere
568 1547 619 1594 vitia
640 1547 705 1605 atque
725 1567 862 1606 summopere

78 1618 161 1667 studuit
178 1618 251 1676 quoad
268 1618 339 1676 potuit
356 1634 442 1676 semper
458 1616 552 1671 utilitati,
571 1617 654 1672 honori,
666 1617 814 1667 commoditati
832 1620 861 1666 rei

40 1694 66 1741 20
79 1690 180 1750 publicae
195 1703 215 1740 et
230 1691 283 1740 loris
298 1704 319 1739 et
334 1691 394 1739 domi
409 1690 546 1740 consulere·-

120 1764 166 1814 Ubi
179 1783 230 1815 vero
243 1765 334 1824 longum
347 1764 376 1813 ob
389 1764 475 1813 senium
488 1765 584 1822 corporis
598 1778 630 1814 est
643 1764 726 1814 viribus
739 1764 863 1819 destitutus,

79 1858 106 1886 ne
118 1849 214 1897 torperet
227 1838 323 1896 pigricia,
338 1838 392 1897 quid
405 1850 476 1896 ageret
491 1837 574 1895 negocii
588 1838 635 1897 ipso
649 1838 672 1886 in
685 1837 732 1886 ocio
745 1838 864 1887 adinvenit.

80 1912 168 1971 Vesperi
182 1912 272 1972 quidem
285 1913 395 1970 repetebat
407 1911 481 1970 animo
494 1931 568 1960 secum
580 1911 635 1969 quid
647 1930 692 1970 quo
705 1912 746 1965 die,
760 1932 804 1970 quo
817 1912 865 1960 loco

79 1980 281 2039 lecissetjvidisset,
294 1984 390 2033 audisset
403 1983 543 2032 memorabile
556 1984 681 2043 quicquam.
694 1984 742 2032 Hac
754 1984 813 2032 enim
825 1986 865 2034 ista

42 2056 67 2105 25
82 2056 246 2105 benefactorum
253 2057 407 2112 recordatione,
418 2056 479 2116 quasi
487 2055 549 2105 lactis
560 2056 644 2105 adesset
654 2075 749 2114 presens,
758 2056 866 2106 recreabat

80 2130 185 2184 animum,
195 2130 314 2178 exercebat
330 2130 458 2196 memoriam
472 2129 607 2189 Pythagoreo
623 2148 689 2185 more,
705 2143 865 2188 gravescentem

81 2202 103 2250 in
116 2203 174 2255 diem
187 2215 320 2252 senectutem
333 2224 360 2252 ne
373 2204 484 2262 langueret
495 2203 542 2252 ocio
551 2202 612 2263 quasi
620 2202 700 2262 pabulo
713 2203 809 2263 quodam
816 2224 865 2252 sua-

80 2277 170 2324 vissimo
189 2277 302 2324 educabat.
323 2275 382 2324 Vixit
402 2277 457 2324 Cato
478 2277 621 2324 centesimum
641 2276 709 2324 lerme
728 2276 757 2324 ad
776 2296 865 2324 annum.

123 2349 210 2406 Quanta
224 2368 275 2398 vero
289 2350 317 2397 sit
331 2367 371 2409 per
385 2369 473 2397 omnem
488 2349 554 2397 vitam
569 2347 690 2407 frugalitate
704 2368 756 2398 usus
772 2348 866 2407 intellegi

43 2423 69 2472 30
83 2424 157 2482 paucis
168 2424 247 2482 potest.
259 2423 309 2472 Cibi
321 2443 408 2483 nanque
418 2436 440 2472 et
450 2434 515 2482 potus
526 2422 568 2472 luit
576 2423 779 2478 abstinentissimus,
790 2423 867 2472 vinum

82 2515 170 2554 perraro
184 2497 284 2554 gustavit.
299 2496 363 2556 Aqua
377 2496 463 2555 saepius
478 2513 539 2554 pura,
554 2497 665 2543 interdum
678 2496 730 2544 vino
744 2515 784 2547 nec
799 2496 867 2545 multo

81 2569 177 2617 admixto
194 2587 247 2617 usus
264 2581 304 2616 est.
321 2567 394 2623 Sirim,
412 2569 430 2615 si
447 2568 535 2628 quando
550 2580 606 2617 esset
622 2567 739 2623 molestior,
754 2579 816 2617 aceto
831 2588 868 2617 ex-

82 2643 201 2701 tinguebat.
215 2642 334 2691 Delicatius
347 2642 388 2690 sibi
401 2643 469 2700 magis
482 2662 548 2700 quam
560 2642 626 2691 servis
639 2642 692 2690 nihil
705 2654 756 2691 erat:
763 2662 807 2702 quo
813 2662 870 2701 pane

45 2741 186 2749 w

78 2763 285 2821 amoma

45 2861 185 2871 Ἣ

64 2938 66 2941 -
85 2903 114 2950 ll.
128 2906 214 2960 (omne)s
236 2902 345 2960 reliqui(as)
365 2909 379 2948 ι’.
394 2923 417 2954 r.;
438 2922 462 2948 ex
485 2903 553 2946 omnia
574 2900 715 2957 fragmantat)
736 2910 803 2949 statim
821 2922 871 2948 corr.

45 2967 75 3014 26.
90 2969 247 3027 (Pythalgolreo)
262 2977 275 3016 ι’.
291 2990 306 3015 r.

86 3125 106 3161 17
