<?xml version="1.0" encoding="UTF-8"?>
<!DOCTYPE html PUBLIC "-//W3C//DTD XHTML 1.0 Transitional//EN"
    "http://www.w3.org/TR/xhtml1/DTD/xhtml1-transitional.dtd">
<html xmlns="http://www.w3.org/1999/xhtml" xml:lang="en" lang="en">
 <head>
  <title>
</title>
<meta http-equiv="Content-Type" content="text/html;charset=utf-8" />
  <meta name='ocr-system' content='tesseract 3.04.00' />
  <meta name='ocr-capabilities' content='ocr_page ocr_carea ocr_par ocr_line ocrx_word'/>
</head>
<body>
  <div class='ocr_page' id='page_1' title='image "MN40033ucmf_2_0433.png"; bbox 0 0 2093 3253; ppageno 0'>
   <div class='ocr_carea' id='block_1_1' title="bbox 243 228 875 276">
    <p class='ocr_par' dir='ltr' id='par_1_1' title="bbox 243 228 875 276">
     <span class='ocr_line' id='line_1_1' title="bbox 243 228 875 276; baseline 0.006 -4"><span class='ocrx_word' id='word_1_1' title='bbox 243 241 373 273; x_wconf 79' lang='lat' dir='ltr'>scnrmonun</span> <span class='ocrx_word' id='word_1_2' title='bbox 387 242 512 275; x_wconf 77' lang='lat' dir='ltr'>utusrmum</span> <span class='ocrx_word' id='word_1_3' title='bbox 525 254 539 261; x_wconf 92' lang='lat'><em>—</em></span> <span class='ocrx_word' id='word_1_4' title='bbox 553 243 611 274; x_wconf 81' lang='lat' dir='ltr'>naen</span> <span class='ocrx_word' id='word_1_5' title='bbox 625 242 669 274; x_wconf 87' lang='lat' dir='ltr'>xm.</span> <span class='ocrx_word' id='word_1_6' title='bbox 798 249 799 253; x_wconf 45' lang='lat'>¹</span> <span class='ocrx_word' id='word_1_7' title='bbox 826 228 875 276; x_wconf 47' lang='lat'>359&gt;</span> 
     </span>
    </p>
   </div>
   <div class='ocr_carea' id='block_1_2' title="bbox 23 356 876 2814">
    <p class='ocr_par' dir='ltr' id='par_1_2' title="bbox 23 356 868 562">
     <span class='ocr_line' id='line_1_2' title="bbox 85 356 867 417; baseline 0.003 -12"><span class='ocrx_word' id='word_1_8' title='bbox 85 370 184 415; x_wconf 79' lang='lat' dir='ltr'><strong>essetque</strong></span> <span class='ocrx_word' id='word_1_9' title='bbox 203 374 276 405; x_wconf 89' lang='lat' dir='ltr'>rerum</span> <span class='ocrx_word' id='word_1_10' title='bbox 294 356 355 405; x_wconf 89' lang='lat' dir='ltr'>bello·</span> <span class='ocrx_word' id='word_1_11' title='bbox 371 370 480 416; x_wconf 80' lang='lat' dir='ltr'>gestarum</span> <span class='ocrx_word' id='word_1_12' title='bbox 498 358 605 413; x_wconf 69' lang='lat' dir='ltr'>felicitate,</span> <span class='ocrx_word' id='word_1_13' title='bbox 625 360 711 412; x_wconf 87' lang='lat' dir='ltr'>virtute,</span> <span class='ocrx_word' id='word_1_14' title='bbox 731 358 797 417; x_wconf 82' lang='lat' dir='ltr'>gloria</span> <span class='ocrx_word' id='word_1_15' title='bbox 816 359 867 407; x_wconf 82' lang='lat' dir='ltr'>civi-</span> 
     </span>
     <span class='ocr_line' id='line_1_3' title="bbox 58 428 868 488; baseline 0 -11"><span class='ocrx_word' id='word_1_16' title='bbox 58 453 59 456; x_wconf 45' lang='lat'><em>*</em></span> <span class='ocrx_word' id='word_1_17' title='bbox 86 428 135 477; x_wconf 84' lang='lat' dir='ltr'>tatis</span> <span class='ocrx_word' id='word_1_18' title='bbox 157 428 265 487; x_wconf 86' lang='lat' dir='ltr'>princeps,</span> <span class='ocrx_word' id='word_1_19' title='bbox 289 448 340 477; x_wconf 90' lang='lat' dir='ltr'>mox</span> <span class='ocrx_word' id='word_1_20' title='bbox 362 428 504 478; x_wconf 88' lang='lat' dir='ltr'>reconciliatis</span> <span class='ocrx_word' id='word_1_21' title='bbox 526 430 603 478; x_wconf 86' lang='lat' dir='ltr'>animis</span> <span class='ocrx_word' id='word_1_22' title='bbox 626 431 648 478; x_wconf 89' lang='lat' dir='ltr'>in</span> <span class='ocrx_word' id='word_1_23' title='bbox 671 442 756 478; x_wconf 88' lang='lat' dir='ltr'>senatus</span> <span class='ocrx_word' id='word_1_24' title='bbox 779 431 868 488; x_wconf 80' lang='lat' dir='ltr'>gratiam</span> 
     </span>
     <span class='ocr_line' id='line_1_4' title="bbox 23 501 868 562; baseline 0.001 -11"><span class='ocrx_word' id='word_1_25' title='bbox 23 502 44 543; x_wconf 61' lang='lat' dir='ltr'>s</span> <span class='ocrx_word' id='word_1_26' title='bbox 86 522 124 551; x_wconf 88' lang='lat' dir='ltr'>sua</span> <span class='ocrx_word' id='word_1_27' title='bbox 143 501 306 561; x_wconf 84' lang='lat' dir='ltr'>interpositione</span> <span class='ocrx_word' id='word_1_28' title='bbox 324 501 472 562; x_wconf 76' lang='lat' dir='ltr'>sapientiaque</span> <span class='ocrx_word' id='word_1_29' title='bbox 491 503 575 552; x_wconf 88' lang='lat' dir='ltr'>reduxit</span> <span class='ocrx_word' id='word_1_30' title='bbox 593 503 731 562; x_wconf 88' lang='lat' dir='ltr'>eundemque</span> <span class='ocrx_word' id='word_1_31' title='bbox 750 502 791 552; x_wconf 86' lang='lat' dir='ltr'>sibi</span> <span class='ocrx_word' id='word_1_32' title='bbox 809 515 868 552; x_wconf 86' lang='lat' dir='ltr'>tanta</span> 
     </span>
    </p>

    <p class='ocr_par' dir='ltr' id='par_1_3' title="bbox 60 574 868 706">
     <span class='ocr_line' id='line_1_5' title="bbox 85 574 868 635; baseline -0.001 -12"><span class='ocrx_word' id='word_1_33' title='bbox 85 574 181 623; x_wconf 81' lang='lat' dir='ltr'>amicicia</span> <span class='ocrx_word' id='word_1_34' title='bbox 202 586 223 622; x_wconf 90' lang='lat' dir='ltr'>et</span> <span class='ocrx_word' id='word_1_35' title='bbox 244 574 387 624; x_wconf 71' lang='lat' dir='ltr'>familiaritate</span> <span class='ocrx_word' id='word_1_36' title='bbox 408 576 522 624; x_wconf 84' lang='lat' dir='ltr'>obstrinxit</span> <span class='ocrx_word' id='word_1_37' title='bbox 542 588 567 623; x_wconf 92' lang='lat' dir='ltr'>ut</span> <span class='ocrx_word' id='word_1_38' title='bbox 588 577 689 635; x_wconf 84' lang='lat' dir='ltr'>deinceps</span> <span class='ocrx_word' id='word_1_39' title='bbox 710 596 774 635; x_wconf 89' lang='lat' dir='ltr'>posse</span> <span class='ocrx_word' id='word_1_40' title='bbox 794 576 822 623; x_wconf 88' lang='lat' dir='ltr'>ab</span> <span class='ocrx_word' id='word_1_41' title='bbox 842 596 868 623; x_wconf 91' lang='lat' dir='ltr'>eo</span> 
     </span>
     <span class='ocr_line' id='line_1_6' title="bbox 60 648 625 706; baseline -0.002 -7"><span class='ocrx_word' id='word_1_42' title='bbox 60 651 72 699; x_wconf 78' lang='grc'><strong><em>5</em></strong></span> <span class='ocrx_word' id='word_1_43' title='bbox 87 648 181 706; x_wconf 83' lang='lat' dir='ltr'>disiungi</span> <span class='ocrx_word' id='word_1_44' title='bbox 196 648 254 696; x_wconf 86' lang='lat' dir='ltr'>nulla</span> <span class='ocrx_word' id='word_1_45' title='bbox 269 648 407 698; x_wconf 89' lang='lat' dir='ltr'>inimicorum</span> <span class='ocrx_word' id='word_1_46' title='bbox 421 649 497 697; x_wconf 79' lang='lat' dir='ltr'>fraude</span> <span class='ocrx_word' id='word_1_47' title='bbox 511 650 625 698; x_wconf 83' lang='lat' dir='ltr'>videretur.</span> 
     </span>
    </p>

    <p class='ocr_par' dir='ltr' id='par_1_4' title="bbox 86 720 868 997">
     <span class='ocr_line' id='line_1_7' title="bbox 128 720 868 779; baseline 0.003 -12"><span class='ocrx_word' id='word_1_48' title='bbox 128 721 187 767; x_wconf 90' lang='lat' dir='ltr'>Haec</span> <span class='ocrx_word' id='word_1_49' title='bbox 205 734 279 768; x_wconf 89' lang='lat' dir='ltr'>autem</span> <span class='ocrx_word' id='word_1_50' title='bbox 297 734 356 769; x_wconf 87' lang='lat' dir='ltr'>tanta</span> <span class='ocrx_word' id='word_1_51' title='bbox 375 721 487 769; x_wconf 87' lang='lat' dir='ltr'>Ciceronis</span> <span class='ocrx_word' id='word_1_52' title='bbox 505 723 635 779; x_wconf 87' lang='lat' dir='ltr'>prosperitas</span> <span class='ocrx_word' id='word_1_53' title='bbox 654 743 679 770; x_wconf 92' lang='lat' dir='ltr'>ac</span> <span class='ocrx_word' id='word_1_54' title='bbox 697 723 788 770; x_wconf 86' lang='lat' dir='ltr'>civitatis</span> <span class='ocrx_word' id='word_1_55' title='bbox 807 720 868 771; x_wconf 83' lang='lat' dir='ltr'>lavor</span> 
     </span>
     <span class='ocr_line' id='line_1_8' title="bbox 87 790 868 853; baseline 0 -12"><span class='ocrx_word' id='word_1_56' title='bbox 87 790 255 852; x_wconf 80' lang='lat' dir='ltr'>haudquaquam</span> <span class='ocrx_word' id='word_1_57' title='bbox 270 793 363 842; x_wconf 87' lang='lat' dir='ltr'>deteruit</span> <span class='ocrx_word' id='word_1_58' title='bbox 378 792 481 843; x_wconf 88' lang='lat' dir='ltr'>Clodium</span> <span class='ocrx_word' id='word_1_59' title='bbox 496 794 534 843; x_wconf 88' lang='lat' dir='ltr'>sed</span> <span class='ocrx_word' id='word_1_60' title='bbox 548 795 646 843; x_wconf 89' lang='lat' dir='ltr'>animum</span> <span class='ocrx_word' id='word_1_61' title='bbox 660 795 706 851; x_wconf 85' lang='lat' dir='ltr'>eius</span> <span class='ocrx_word' id='word_1_62' title='bbox 721 794 789 852; x_wconf 81' lang='lat' dir='ltr'>magis</span> <span class='ocrx_word' id='word_1_63' title='bbox 802 807 868 853; x_wconf 89' lang='lat' dir='ltr'>atque</span> 
     </span>
     <span class='ocr_line' id='line_1_9' title="bbox 87 867 867 926; baseline 0.001 -12"><span class='ocrx_word' id='word_1_64' title='bbox 87 867 154 925; x_wconf 80' lang='lat' dir='ltr'>magis</span> <span class='ocrx_word' id='word_1_65' title='bbox 169 867 274 916; x_wconf 88' lang='lat' dir='ltr'>accendit.</span> <span class='ocrx_word' id='word_1_66' title='bbox 293 867 368 926; x_wconf 81' lang='lat' dir='ltr'>Ipsum</span> <span class='ocrx_word' id='word_1_67' title='bbox 383 888 470 926; x_wconf 91' lang='lat' dir='ltr'>nanque</span> <span class='ocrx_word' id='word_1_68' title='bbox 485 867 539 916; x_wconf 89' lang='lat' dir='ltr'>adeo</span> <span class='ocrx_word' id='word_1_69' title='bbox 554 867 669 917; x_wconf 86' lang='lat' dir='ltr'>concitavit</span> <span class='ocrx_word' id='word_1_70' title='bbox 684 881 708 917; x_wconf 90' lang='lat' dir='ltr'>ut</span> <span class='ocrx_word' id='word_1_71' title='bbox 723 868 813 926; x_wconf 84' lang='lat' dir='ltr'>impetu,</span> <span class='ocrx_word' id='word_1_72' title='bbox 829 868 867 920; x_wconf 87' lang='lat' dir='ltr'>ira,</span> 
     </span>
     <span class='ocr_line' id='line_1_10' title="bbox 86 938 867 997; baseline 0 -11"><span class='ocrx_word' id='word_1_73' title='bbox 86 939 159 986; x_wconf 79' lang='lat' dir='ltr'>lurore</span> <span class='ocrx_word' id='word_1_74' title='bbox 181 939 258 986; x_wconf 88' lang='lat' dir='ltr'>ductus</span> <span class='ocrx_word' id='word_1_75' title='bbox 280 938 401 987; x_wconf 89' lang='lat' dir='ltr'>disturbare</span> <span class='ocrx_word' id='word_1_76' title='bbox 421 939 513 988; x_wconf 91' lang='lat' dir='ltr'>civitatis</span> <span class='ocrx_word' id='word_1_77' title='bbox 534 938 588 988; x_wconf 86' lang='lat' dir='ltr'>lesta</span> <span class='ocrx_word' id='word_1_78' title='bbox 609 954 630 988; x_wconf 86' lang='lat' dir='ltr'>et</span> <span class='ocrx_word' id='word_1_79' title='bbox 651 939 728 997; x_wconf 84' lang='lat' dir='ltr'>gaudia</span> <span class='ocrx_word' id='word_1_80' title='bbox 748 952 867 988; x_wconf 90' lang='lat' dir='ltr'>conaretur.</span> 
     </span>
    </p>

    <p class='ocr_par' dir='ltr' id='par_1_5' title="bbox 48 1010 869 1361">
     <span class='ocr_line' id='line_1_11' title="bbox 48 1010 868 1074; baseline 0 -13"><span class='ocrx_word' id='word_1_81' title='bbox 48 1013 73 1062; x_wconf 80' lang='lat' dir='ltr'>lll</span> <span class='ocrx_word' id='word_1_82' title='bbox 88 1010 212 1060; x_wconf 85' lang='lat' dir='ltr'>Satelitibus</span> <span class='ocrx_word' id='word_1_83' title='bbox 234 1011 292 1061; x_wconf 89' lang='lat' dir='ltr'>enirn</span> <span class='ocrx_word' id='word_1_84' title='bbox 314 1013 404 1071; x_wconf 85' lang='lat' dir='ltr'>stipatus</span> <span class='ocrx_word' id='word_1_85' title='bbox 426 1012 512 1061; x_wconf 85' lang='lat' dir='ltr'>armatis</span> <span class='ocrx_word' id='word_1_86' title='bbox 533 1011 638 1074; x_wconf 89' lang='lat' dir='ltr'>vultuque</span> <span class='ocrx_word' id='word_1_87' title='bbox 659 1032 683 1061; x_wconf 91' lang='lat' dir='ltr'>ac</span> <span class='ocrx_word' id='word_1_88' title='bbox 704 1011 775 1061; x_wconf 88' lang='lat' dir='ltr'>verbis</span> <span class='ocrx_word' id='word_1_89' title='bbox 796 1012 868 1061; x_wconf 88' lang='lat' dir='ltr'>minax</span> 
     </span>
     <span class='ocr_line' id='line_1_12' title="bbox 87 1083 868 1143; baseline 0 -11"><span class='ocrx_word' id='word_1_90' title='bbox 87 1105 130 1143; x_wconf 89' lang='lat' dir='ltr'>qua</span> <span class='ocrx_word' id='word_1_91' title='bbox 145 1083 227 1132; x_wconf 82' lang='lat' dir='ltr'>solebat</span> <span class='ocrx_word' id='word_1_92' title='bbox 240 1105 291 1133; x_wconf 89' lang='lat' dir='ltr'>cum</span> <span class='ocrx_word' id='word_1_93' title='bbox 306 1085 407 1133; x_wconf 90' lang='lat' dir='ltr'>tribunus</span> <span class='ocrx_word' id='word_1_94' title='bbox 423 1098 479 1133; x_wconf 84' lang='lat' dir='ltr'>esset</span> <span class='ocrx_word' id='word_1_95' title='bbox 493 1085 559 1134; x_wconf 85' lang='lat' dir='ltr'>animi</span> <span class='ocrx_word' id='word_1_96' title='bbox 576 1084 692 1140; x_wconf 73' lang='lat' dir='ltr'>ferocitate,</span> <span class='ocrx_word' id='word_1_97' title='bbox 704 1085 799 1143; x_wconf 88' lang='lat' dir='ltr'>audacia,</span> <span class='ocrx_word' id='word_1_98' title='bbox 810 1084 868 1133; x_wconf 86' lang='lat' dir='ltr'>rabie</span> 
     </span>
     <span class='ocr_line' id='line_1_13' title="bbox 88 1150 868 1223; baseline 0 -18"><span class='ocrx_word' id='word_1_99' title='bbox 88 1157 222 1221; x_wconf 81' lang='lat' dir='ltr'>Ciceronem,</span> <span class='ocrx_word' id='word_1_100' title='bbox 246 1169 270 1204; x_wconf 91' lang='lat' dir='ltr'>ut</span> <span class='ocrx_word' id='word_1_101' title='bbox 293 1157 407 1212; x_wconf 90' lang='lat' dir='ltr'>occideret,</span> <span class='ocrx_word' id='word_1_102' title='bbox 431 1158 575 1217; x_wconf 88' lang='lat' dir='ltr'>perquirebat,</span> <span class='ocrx_word' id='word_1_103' title='bbox 599 1150 714 1223; x_wconf 81' lang='lat' dir='ltr'>vulgoque,</span> <span class='ocrx_word' id='word_1_104' title='bbox 730 1170 754 1218; x_wconf 86' lang='lat' dir='ltr'>ut</span> <span class='ocrx_word' id='word_1_105' title='bbox 775 1156 868 1215; x_wconf 88' lang='lat' dir='ltr'>plebem,</span> 
     </span>
     <span class='ocr_line' id='line_1_14' title="bbox 87 1226 869 1289; baseline 0.001 -12"><span class='ocrx_word' id='word_1_106' title='bbox 87 1230 110 1277; x_wconf 92' lang='lat' dir='ltr'>in</span> <span class='ocrx_word' id='word_1_107' title='bbox 124 1249 175 1278; x_wconf 91' lang='lat' dir='ltr'>eum</span> <span class='ocrx_word' id='word_1_108' title='bbox 188 1230 321 1284; x_wconf 90' lang='lat' dir='ltr'>accenderet,</span> <span class='ocrx_word' id='word_1_109' title='bbox 336 1230 489 1279; x_wconf 89' lang='lat' dir='ltr'>disseminabat</span> <span class='ocrx_word' id='word_1_110' title='bbox 503 1230 564 1289; x_wconf 92' lang='lat' dir='ltr'>quod</span> <span class='ocrx_word' id='word_1_111' title='bbox 577 1226 750 1289; x_wconf 69' lang='lat' dir='ltr'>trumenti‘quae</span> <span class='ocrx_word' id='word_1_112' title='bbox 763 1242 811 1279; x_wconf 90' lang='lat' dir='ltr'>tum</span> <span class='ocrx_word' id='word_1_113' title='bbox 825 1242 869 1278; x_wconf 89' lang='lat' dir='ltr'>erat</span> 
     </span>
     <span class='ocr_line' id='line_1_15' title="bbox 88 1302 869 1361; baseline 0.003 -13"><span class='ocrx_word' id='word_1_114' title='bbox 88 1302 167 1360; x_wconf 83' lang='lat' dir='ltr'>inopia,</span> <span class='ocrx_word' id='word_1_115' title='bbox 183 1322 207 1350; x_wconf 92' lang='lat' dir='ltr'>ea</span> <span class='ocrx_word' id='word_1_116' title='bbox 223 1302 334 1351; x_wconf 86' lang='lat' dir='ltr'>Ciceronis</span> <span class='ocrx_word' id='word_1_117' title='bbox 350 1315 451 1360; x_wconf 85' lang='lat' dir='ltr'>operaet</span> <span class='ocrx_word' id='word_1_118' title='bbox 466 1303 530 1361; x_wconf 91' lang='lat' dir='ltr'>culpa</span> <span class='ocrx_word' id='word_1_119' title='bbox 545 1303 645 1352; x_wconf 85' lang='lat' dir='ltr'>venisset.</span> <span class='ocrx_word' id='word_1_120' title='bbox 662 1302 765 1361; x_wconf 78' lang='lat' dir='ltr'>Magnam</span> <span class='ocrx_word' id='word_1_121' title='bbox 780 1302 869 1361; x_wconf 86' lang='lat' dir='ltr'>quidem</span> 
     </span>
    </p>

    <p class='ocr_par' dir='ltr' id='par_1_6' title="bbox 50 1374 870 1724">
     <span class='ocr_line' id='line_1_16' title="bbox 50 1374 869 1434; baseline -0.001 -11"><span class='ocrx_word' id='word_1_122' title='bbox 50 1375 74 1423; x_wconf 84' lang='grc'>15</span> <span class='ocrx_word' id='word_1_123' title='bbox 90 1375 129 1422; x_wconf 87' lang='lat' dir='ltr'>bos</span> <span class='ocrx_word' id='word_1_124' title='bbox 149 1383 187 1432; x_wconf 86' lang='lat' dir='ltr'>per</span> <span class='ocrx_word' id='word_1_125' title='bbox 208 1374 253 1423; x_wconf 90' lang='lat' dir='ltr'>dies</span> <span class='ocrx_word' id='word_1_126' title='bbox 273 1396 358 1424; x_wconf 89' lang='lat' dir='ltr'>annone</span> <span class='ocrx_word' id='word_1_127' title='bbox 378 1375 488 1424; x_wconf 89' lang='lat' dir='ltr'>caritatem</span> <span class='ocrx_word' id='word_1_128' title='bbox 507 1388 556 1424; x_wconf 91' lang='lat' dir='ltr'>tum</span> <span class='ocrx_word' id='word_1_129' title='bbox 575 1374 631 1424; x_wconf 87' lang='lat' dir='ltr'>lorte</span> <span class='ocrx_word' id='word_1_130' title='bbox 650 1379 751 1434; x_wconf 78' lang='lat' dir='ltr'>agrorum</span> <span class='ocrx_word' id='word_1_131' title='bbox 771 1374 869 1424; x_wconf 88' lang='lat' dir='ltr'>sterilitas</span> 
     </span>
     <span class='ocr_line' id='line_1_17' title="bbox 88 1445 869 1507; baseline 0.001 -14"><span class='ocrx_word' id='word_1_132' title='bbox 88 1445 166 1495; x_wconf 84' lang='lat' dir='ltr'>lecerat</span> <span class='ocrx_word' id='word_1_133' title='bbox 179 1445 295 1505; x_wconf 85' lang='lat' dir='ltr'>luturaque</span> <span class='ocrx_word' id='word_1_134' title='bbox 307 1467 365 1495; x_wconf 89' lang='lat' dir='ltr'>anno</span> <span class='ocrx_word' id='word_1_135' title='bbox 378 1446 421 1502; x_wconf 88' lang='lat' dir='ltr'>illo,</span> <span class='ocrx_word' id='word_1_136' title='bbox 433 1448 455 1495; x_wconf 94' lang='lat' dir='ltr'>ni</span> <span class='ocrx_word' id='word_1_137' title='bbox 468 1448 617 1507; x_wconf 83' lang='lat' dir='ltr'>provideretur</span> <span class='ocrx_word' id='word_1_138' title='bbox 630 1460 709 1506; x_wconf 90' lang='lat' dir='ltr'>presto,</span> <span class='ocrx_word' id='word_1_139' title='bbox 720 1446 788 1495; x_wconf 85' lang='lat' dir='ltr'>lames</span> <span class='ocrx_word' id='word_1_140' title='bbox 800 1447 869 1496; x_wconf 80' lang='lat' dir='ltr'>valida</span> 
     </span>
     <span class='ocr_line' id='line_1_18' title="bbox 88 1518 870 1577; baseline 0 -11"><span class='ocrx_word' id='word_1_141' title='bbox 88 1519 211 1567; x_wconf 82' lang='lat' dir='ltr'>timebatur.</span> <span class='ocrx_word' id='word_1_142' title='bbox 241 1519 287 1567; x_wconf 84' lang='lat' dir='ltr'>lam</span> <span class='ocrx_word' id='word_1_143' title='bbox 313 1518 441 1569; x_wconf 83' lang='lat' dir='ltr'>reclamabat</span> <span class='ocrx_word' id='word_1_144' title='bbox 468 1518 586 1568; x_wconf 87' lang='lat' dir='ltr'>multitudo</span> <span class='ocrx_word' id='word_1_145' title='bbox 613 1519 746 1577; x_wconf 77' lang='lat' dir='ltr'>cogebatque</span> <span class='ocrx_word' id='word_1_146' title='bbox 762 1519 870 1569; x_wconf 83' lang='lat' dir='ltr'>consules</span> 
     </span>
     <span class='ocr_line' id='line_1_19' title="bbox 88 1591 870 1652; baseline -0.001 -12"><span class='ocrx_word' id='word_1_147' title='bbox 88 1604 112 1640; x_wconf 92' lang='lat' dir='ltr'>ut</span> <span class='ocrx_word' id='word_1_148' title='bbox 126 1611 151 1640; x_wconf 87' lang='lat' dir='ltr'>ea</span> <span class='ocrx_word' id='word_1_149' title='bbox 165 1591 192 1641; x_wconf 91' lang='lat' dir='ltr'>de</span> <span class='ocrx_word' id='word_1_150' title='bbox 206 1611 229 1639; x_wconf 91' lang='lat' dir='ltr'>re</span> <span class='ocrx_word' id='word_1_151' title='bbox 242 1591 270 1640; x_wconf 94' lang='lat' dir='ltr'>ad</span> <span class='ocrx_word' id='word_1_152' title='bbox 283 1605 383 1641; x_wconf 85' lang='lat' dir='ltr'>senatum</span> <span class='ocrx_word' id='word_1_153' title='bbox 396 1592 507 1642; x_wconf 75' lang='lat' dir='ltr'>referrent.</span> <span class='ocrx_word' id='word_1_154' title='bbox 522 1592 603 1642; x_wconf 91' lang='lat' dir='ltr'>Vocato</span> <span class='ocrx_word' id='word_1_155' title='bbox 618 1593 683 1652; x_wconf 83' lang='lat' dir='ltr'>igitur</span> <span class='ocrx_word' id='word_1_156' title='bbox 696 1613 708 1640; x_wconf 94' lang='lat' dir='ltr'>e</span> <span class='ocrx_word' id='word_1_157' title='bbox 722 1610 782 1641; x_wconf 90' lang='lat' dir='ltr'>more</span> <span class='ocrx_word' id='word_1_158' title='bbox 795 1603 870 1639; x_wconf 87' lang='lat' dir='ltr'>senatu</span> 
     </span>
     <span class='ocr_line' id='line_1_20' title="bbox 90 1665 870 1724; baseline -0.003 -12"><span class='ocrx_word' id='word_1_159' title='bbox 90 1665 222 1724; x_wconf 83' lang='lat' dir='ltr'>Capitolium</span> <span class='ocrx_word' id='word_1_160' title='bbox 245 1665 335 1714; x_wconf 86' lang='lat' dir='ltr'>Clodius</span> <span class='ocrx_word' id='word_1_161' title='bbox 358 1666 471 1714; x_wconf 88' lang='lat' dir='ltr'>occidendi</span> <span class='ocrx_word' id='word_1_162' title='bbox 494 1666 605 1714; x_wconf 88' lang='lat' dir='ltr'>Ciceronis</span> <span class='ocrx_word' id='word_1_163' title='bbox 628 1686 691 1714; x_wconf 87' lang='lat' dir='ltr'>causa</span> <span class='ocrx_word' id='word_1_164' title='bbox 712 1686 763 1714; x_wconf 91' lang='lat' dir='ltr'>cum</span> <span class='ocrx_word' id='word_1_165' title='bbox 784 1666 870 1713; x_wconf 88' lang='lat' dir='ltr'>armatis</span> 
     </span>
    </p>

    <p class='ocr_par' dir='ltr' id='par_1_7' title="bbox 49 1737 872 2087">
     <span class='ocr_line' id='line_1_21' title="bbox 49 1737 871 1804; baseline 0.001 -20"><span class='ocrx_word' id='word_1_166' title='bbox 49 1739 77 1785; x_wconf 83' lang='lat'>20</span> <span class='ocrx_word' id='word_1_167' title='bbox 91 1738 194 1804; x_wconf 81' lang='lat' dir='ltr'>ascendit.</span> <span class='ocrx_word' id='word_1_168' title='bbox 216 1737 293 1787; x_wconf 90' lang='lat' dir='ltr'>Cicero</span> <span class='ocrx_word' id='word_1_169' title='bbox 314 1752 387 1787; x_wconf 90' lang='lat' dir='ltr'>autem</span> <span class='ocrx_word' id='word_1_170' title='bbox 407 1739 498 1787; x_wconf 87' lang='lat' dir='ltr'>consilio</span> <span class='ocrx_word' id='word_1_171' title='bbox 519 1740 639 1788; x_wconf 89' lang='lat' dir='ltr'>amicorum</span> <span class='ocrx_word' id='word_1_172' title='bbox 658 1759 711 1787; x_wconf 90' lang='lat' dir='ltr'>usus</span> <span class='ocrx_word' id='word_1_173' title='bbox 731 1739 755 1787; x_wconf 92' lang='lat' dir='ltr'>in</span> <span class='ocrx_word' id='word_1_174' title='bbox 772 1750 871 1787; x_wconf 86' lang='lat' dir='ltr'>senatum</span> 
     </span>
     <span class='ocr_line' id='line_1_22' title="bbox 89 1809 870 1870; baseline 0.001 -14"><span class='ocrx_word' id='word_1_175' title='bbox 89 1830 133 1857; x_wconf 91' lang='lat' dir='ltr'>non</span> <span class='ocrx_word' id='word_1_176' title='bbox 147 1812 212 1858; x_wconf 88' lang='lat' dir='ltr'>venit.</span> <span class='ocrx_word' id='word_1_177' title='bbox 227 1812 294 1859; x_wconf 90' lang='lat' dir='ltr'>Domi</span> <span class='ocrx_word' id='word_1_178' title='bbox 308 1812 404 1869; x_wconf 90' lang='lat' dir='ltr'>quidem,</span> <span class='ocrx_word' id='word_1_179' title='bbox 418 1833 453 1866; x_wconf 88' lang='lat' dir='ltr'>ne,</span> <span class='ocrx_word' id='word_1_180' title='bbox 464 1812 524 1870; x_wconf 89' lang='lat' dir='ltr'>quod</span> <span class='ocrx_word' id='word_1_181' title='bbox 535 1809 649 1860; x_wconf 84' lang='lat' dir='ltr'>evitaverat</span> <span class='ocrx_word' id='word_1_182' title='bbox 660 1812 705 1866; x_wconf 86' lang='lat' dir='ltr'>diu,</span> <span class='ocrx_word' id='word_1_183' title='bbox 716 1810 780 1860; x_wconf 88' lang='lat' dir='ltr'>armis</span> <span class='ocrx_word' id='word_1_184' title='bbox 791 1823 870 1858; x_wconf 84' lang='lat' dir='ltr'>certare</span> 
     </span>
     <span class='ocr_line' id='line_1_23' title="bbox 89 1882 871 1948; baseline 0 -19"><span class='ocrx_word' id='word_1_185' title='bbox 89 1882 226 1939; x_wconf 87' lang='lat' dir='ltr'>impresentia</span> <span class='ocrx_word' id='word_1_186' title='bbox 251 1896 369 1942; x_wconf 84' lang='lat' dir='ltr'>cogeretur,</span> <span class='ocrx_word' id='word_1_187' title='bbox 394 1904 417 1932; x_wconf 90' lang='lat' dir='ltr'>se</span> <span class='ocrx_word' id='word_1_188' title='bbox 441 1884 521 1932; x_wconf 87' lang='lat' dir='ltr'>interea</span> <span class='ocrx_word' id='word_1_189' title='bbox 545 1884 676 1933; x_wconf 88' lang='lat' dir='ltr'>continebat.</span> <span class='ocrx_word' id='word_1_190' title='bbox 701 1882 793 1948; x_wconf 82' lang='lat' dir='ltr'>Senatus</span> <span class='ocrx_word' id='word_1_191' title='bbox 821 1900 871 1931; x_wconf 87' lang='lat' dir='ltr'>vero</span> 
     </span>
     <span class='ocr_line' id='line_1_24' title="bbox 90 1954 871 2015; baseline 0.001 -14"><span class='ocrx_word' id='word_1_192' title='bbox 90 1955 127 2001; x_wconf 91' lang='lat' dir='ltr'>ubi</span> <span class='ocrx_word' id='word_1_193' title='bbox 140 1956 192 2003; x_wconf 88' lang='lat' dir='ltr'>haec</span> <span class='ocrx_word' id='word_1_194' title='bbox 199 1957 312 2014; x_wconf 87' lang='lat' dir='ltr'>perspexit</span> <span class='ocrx_word' id='word_1_195' title='bbox 324 1957 397 2005; x_wconf 89' lang='lat' dir='ltr'>subito</span> <span class='ocrx_word' id='word_1_196' title='bbox 409 1957 518 2005; x_wconf 88' lang='lat' dir='ltr'>ministros</span> <span class='ocrx_word' id='word_1_197' title='bbox 527 1956 599 2015; x_wconf 90' lang='lat' dir='ltr'>Clodii</span> <span class='ocrx_word' id='word_1_198' title='bbox 607 1955 685 2015; x_wconf 89' lang='lat' dir='ltr'>depelli</span> <span class='ocrx_word' id='word_1_199' title='bbox 697 1977 722 2005; x_wconf 92' lang='lat' dir='ltr'>ac</span> <span class='ocrx_word' id='word_1_200' title='bbox 729 1956 800 2004; x_wconf 92' lang='lat' dir='ltr'>vocari</span> <span class='ocrx_word' id='word_1_201' title='bbox 809 1954 871 2004; x_wconf 81' lang='lat' dir='ltr'>Cice-</span> 
     </span>
     <span class='ocr_line' id='line_1_25' title="bbox 90 2028 872 2087; baseline 0.001 -13"><span class='ocrx_word' id='word_1_202' title='bbox 90 2046 165 2075; x_wconf 85' lang='lat' dir='ltr'>ronem</span> <span class='ocrx_word' id='word_1_203' title='bbox 181 2028 250 2077; x_wconf 84' lang='lat' dir='ltr'>iussit.</span> <span class='ocrx_word' id='word_1_204' title='bbox 270 2028 301 2077; x_wconf 87' lang='lat' dir='ltr'>Ita</span> <span class='ocrx_word' id='word_1_205' title='bbox 318 2028 385 2087; x_wconf 88' lang='lat' dir='ltr'>pulsis</span> <span class='ocrx_word' id='word_1_206' title='bbox 402 2028 444 2076; x_wconf 88' lang='lat' dir='ltr'>illis</span> <span class='ocrx_word' id='word_1_207' title='bbox 461 2028 538 2077; x_wconf 90' lang='lat' dir='ltr'>Cicero</span> <span class='ocrx_word' id='word_1_208' title='bbox 554 2042 579 2077; x_wconf 88' lang='lat' dir='ltr'>ut</span> <span class='ocrx_word' id='word_1_209' title='bbox 595 2029 677 2077; x_wconf 84' lang='lat' dir='ltr'>veniret</span> <span class='ocrx_word' id='word_1_210' title='bbox 693 2029 832 2086; x_wconf 89' lang='lat' dir='ltr'>insenatum</span> <span class='ocrx_word' id='word_1_211' title='bbox 847 2047 872 2075; x_wconf 87' lang='lat' dir='ltr'>ac</span> 
     </span>
    </p>

    <p class='ocr_par' dir='ltr' id='par_1_8' title="bbox 50 2098 870 2232">
     <span class='ocr_line' id='line_1_26' title="bbox 50 2098 870 2161; baseline 0.001 -15"><span class='ocrx_word' id='word_1_212' title='bbox 50 2098 76 2146; x_wconf 77' lang='lat'>25</span> <span class='ocrx_word' id='word_1_213' title='bbox 92 2099 172 2148; x_wconf 87' lang='lat' dir='ltr'>civitati</span> <span class='ocrx_word' id='word_1_214' title='bbox 189 2100 309 2149; x_wconf 90' lang='lat' dir='ltr'>consuleret</span> <span class='ocrx_word' id='word_1_215' title='bbox 326 2113 415 2150; x_wconf 87' lang='lat' dir='ltr'>vocatus</span> <span class='ocrx_word' id='word_1_216' title='bbox 431 2113 471 2150; x_wconf 88' lang='lat' dir='ltr'>est.</span> <span class='ocrx_word' id='word_1_217' title='bbox 489 2099 548 2150; x_wconf 91' lang='lat' dir='ltr'>Tum</span> <span class='ocrx_word' id='word_1_218' title='bbox 566 2100 655 2161; x_wconf 87' lang='lat' dir='ltr'>quidem</span> <span class='ocrx_word' id='word_1_219' title='bbox 671 2101 717 2150; x_wconf 87' lang='lat' dir='ltr'>sine</span> <span class='ocrx_word' id='word_1_220' title='bbox 734 2099 783 2150; x_wconf 89' lang='lat' dir='ltr'>ullis</span> <span class='ocrx_word' id='word_1_221' title='bbox 800 2099 870 2154; x_wconf 84' lang='lat' dir='ltr'>armis,</span> 
     </span>
     <span class='ocr_line' id='line_1_27' title="bbox 90 2173 730 2232; baseline 0.003 -13"><span class='ocrx_word' id='word_1_222' title='bbox 90 2173 164 2220; x_wconf 91' lang='lat' dir='ltr'>amicis</span> <span class='ocrx_word' id='word_1_223' title='bbox 185 2173 250 2221; x_wconf 93' lang='lat' dir='ltr'>modo</span> <span class='ocrx_word' id='word_1_224' title='bbox 270 2173 396 2232; x_wconf 88' lang='lat' dir='ltr'>eisdemque</span> <span class='ocrx_word' id='word_1_225' title='bbox 416 2174 489 2231; x_wconf 89' lang='lat' dir='ltr'>paucis</span> <span class='ocrx_word' id='word_1_226' title='bbox 509 2174 646 2222; x_wconf 88' lang='lat' dir='ltr'>commitatus</span> <span class='ocrx_word' id='word_1_227' title='bbox 666 2173 730 2222; x_wconf 86' lang='lat' dir='ltr'>venit.</span> 
     </span>
    </p>

    <p class='ocr_par' dir='ltr' id='par_1_9' title="bbox 91 2238 873 2450">
     <span class='ocr_line' id='line_1_28' title="bbox 118 2238 873 2309; baseline -0.003 -15"><span class='ocrx_word' id='word_1_228' title='bbox 118 2238 119 2241; x_wconf 11' lang='grc' dir='ltr'><strong>Ἴ</strong></span> <span class='ocrx_word' id='word_1_229' title='bbox 135 2246 180 2294; x_wconf 92' lang='lat' dir='ltr'>lam</span> <span class='ocrx_word' id='word_1_230' title='bbox 198 2244 338 2309; x_wconf 83' lang='lat' dir='ltr'>lrumentaria</span> <span class='ocrx_word' id='word_1_231' title='bbox 356 2246 383 2295; x_wconf 90' lang='lat' dir='ltr'>de</span> <span class='ocrx_word' id='word_1_232' title='bbox 401 2265 423 2294; x_wconf 91' lang='lat' dir='ltr'>re</span> <span class='ocrx_word' id='word_1_233' title='bbox 442 2240 637 2305; x_wconf 32' lang='lat' dir='ltr'>etagiffcoeptum</span> <span class='ocrx_word' id='word_1_234' title='bbox 655 2259 699 2294; x_wconf 88' lang='lat' dir='ltr'>erat</span> <span class='ocrx_word' id='word_1_235' title='bbox 717 2246 873 2294; x_wconf 85' lang='lat' dir='ltr'>etsententiae</span> 
     </span>
     <span class='ocr_line' id='line_1_29' title="bbox 91 2313 873 2376; baseline 0.003 -13"><span class='ocrx_word' id='word_1_236' title='bbox 91 2317 213 2376; x_wconf 89' lang='lat' dir='ltr'>complures</span> <span class='ocrx_word' id='word_1_237' title='bbox 232 2317 308 2366; x_wconf 88' lang='lat' dir='ltr'>dictae.</span> <span class='ocrx_word' id='word_1_238' title='bbox 328 2318 423 2376; x_wconf 81' lang='lat' dir='ltr'>Rogatus</span> <span class='ocrx_word' id='word_1_239' title='bbox 442 2338 493 2367; x_wconf 88' lang='lat' dir='ltr'>vero</span> <span class='ocrx_word' id='word_1_240' title='bbox 512 2338 524 2366; x_wconf 86' lang='lat' dir='ltr'>a</span> <span class='ocrx_word' id='word_1_241' title='bbox 543 2318 632 2367; x_wconf 90' lang='lat' dir='ltr'>consule</span> <span class='ocrx_word' id='word_1_242' title='bbox 650 2313 727 2366; x_wconf 85' lang='lat' dir='ltr'>Cicero</span> <span class='ocrx_word' id='word_1_243' title='bbox 745 2318 873 2366; x_wconf 83' lang='lat' dir='ltr'>sententiam</span> 
     </span>
     <span class='ocr_line' id='line_1_30' title="bbox 92 2388 872 2450; baseline 0.003 -14"><span class='ocrx_word' id='word_1_244' title='bbox 92 2388 145 2438; x_wconf 83' lang='lat' dir='ltr'>dixit</span> <span class='ocrx_word' id='word_1_245' title='bbox 163 2410 261 2439; x_wconf 88' lang='lat' dir='ltr'>annonae</span> <span class='ocrx_word' id='word_1_246' title='bbox 279 2409 353 2440; x_wconf 89' lang='lat' dir='ltr'>curam</span> <span class='ocrx_word' id='word_1_247' title='bbox 372 2411 460 2440; x_wconf 90' lang='lat' dir='ltr'>omnem</span> <span class='ocrx_word' id='word_1_248' title='bbox 479 2391 582 2449; x_wconf 90' lang='lat' dir='ltr'>Pompeio</span> <span class='ocrx_word' id='word_1_249' title='bbox 601 2391 623 2439; x_wconf 91' lang='lat' dir='ltr'>in</span> <span class='ocrx_word' id='word_1_250' title='bbox 643 2390 801 2450; x_wconf 88' lang='lat' dir='ltr'>quinquenium</span> <span class='ocrx_word' id='word_1_251' title='bbox 819 2390 872 2439; x_wconf 84' lang='lat' dir='ltr'>dan·</span> 
     </span>
    </p>

    <p class='ocr_par' dir='ltr' id='par_1_10' title="bbox 50 2460 876 2814">
     <span class='ocr_line' id='line_1_31' title="bbox 50 2460 873 2523; baseline 0.005 -16"><span class='ocrx_word' id='word_1_252' title='bbox 50 2460 78 2508; x_wconf 78' lang='lat'>30</span> <span class='ocrx_word' id='word_1_253' title='bbox 93 2462 149 2519; x_wconf 88' lang='lat' dir='ltr'>dam,</span> <span class='ocrx_word' id='word_1_254' title='bbox 170 2463 230 2523; x_wconf 90' lang='lat' dir='ltr'>quod</span> <span class='ocrx_word' id='word_1_255' title='bbox 249 2484 305 2512; x_wconf 87' lang='lat' dir='ltr'>unus</span> <span class='ocrx_word' id='word_1_256' title='bbox 324 2476 380 2512; x_wconf 89' lang='lat' dir='ltr'>esset</span> <span class='ocrx_word' id='word_1_257' title='bbox 399 2463 434 2512; x_wconf 90' lang='lat' dir='ltr'>ille</span> <span class='ocrx_word' id='word_1_258' title='bbox 450 2465 487 2523; x_wconf 89' lang='lat' dir='ltr'>qui</span> <span class='ocrx_word' id='word_1_259' title='bbox 503 2484 540 2513; x_wconf 84' lang='lat' dir='ltr'>sua</span> <span class='ocrx_word' id='word_1_260' title='bbox 557 2464 678 2523; x_wconf 85' lang='lat' dir='ltr'>prudentia,</span> <span class='ocrx_word' id='word_1_261' title='bbox 698 2464 810 2518; x_wconf 86' lang='lat' dir='ltr'>celeritate,</span> <span class='ocrx_word' id='word_1_262' title='bbox 830 2462 873 2512; x_wconf 83' lang='lat' dir='ltr'>fide</span> 
     </span>
     <span class='ocr_line' id='line_1_32' title="bbox 92 2535 873 2595; baseline 0.003 -13"><span class='ocrx_word' id='word_1_263' title='bbox 92 2549 164 2591; x_wconf 89' lang='lat' dir='ltr'>posset</span> <span class='ocrx_word' id='word_1_264' title='bbox 182 2554 257 2585; x_wconf 86' lang='lat' dir='ltr'>curare</span> <span class='ocrx_word' id='word_1_265' title='bbox 276 2549 341 2594; x_wconf 87' lang='lat' dir='ltr'>atque</span> <span class='ocrx_word' id='word_1_266' title='bbox 359 2537 461 2595; x_wconf 86' lang='lat' dir='ltr'>perlicere</span> <span class='ocrx_word' id='word_1_267' title='bbox 481 2558 509 2584; x_wconf 90' lang='lat' dir='ltr'>ne</span> <span class='ocrx_word' id='word_1_268' title='bbox 528 2537 602 2585; x_wconf 86' lang='lat' dir='ltr'>civitas</span> <span class='ocrx_word' id='word_1_269' title='bbox 621 2537 687 2584; x_wconf 90' lang='lat' dir='ltr'>ullam</span> <span class='ocrx_word' id='word_1_270' title='bbox 706 2535 807 2584; x_wconf 71' lang='lat' dir='ltr'>frumenti</span> <span class='ocrx_word' id='word_1_271' title='bbox 826 2538 873 2584; x_wconf 83' lang='lat' dir='ltr'>ino-</span> 
     </span>
     <span class='ocr_line' id='line_1_33' title="bbox 92 2606 873 2668; baseline 0 -13"><span class='ocrx_word' id='word_1_272' title='bbox 92 2606 150 2665; x_wconf 90' lang='lat' dir='ltr'>piam</span> <span class='ocrx_word' id='word_1_273' title='bbox 167 2620 282 2668; x_wconf 86' lang='lat' dir='ltr'>pateretur.</span> <span class='ocrx_word' id='word_1_274' title='bbox 301 2607 403 2658; x_wconf 77' lang='lat' dir='ltr'>Huncin</span> <span class='ocrx_word' id='word_1_275' title='bbox 421 2608 557 2664; x_wconf 85' lang='lat' dir='ltr'>sententiam,</span> <span class='ocrx_word' id='word_1_276' title='bbox 576 2609 636 2668; x_wconf 91' lang='lat' dir='ltr'>quod</span> <span class='ocrx_word' id='word_1_277' title='bbox 653 2621 710 2668; x_wconf 85' lang='lat' dir='ltr'>grata</span> <span class='ocrx_word' id='word_1_278' title='bbox 728 2621 782 2657; x_wconf 87' lang='lat' dir='ltr'>esset</span> <span class='ocrx_word' id='word_1_279' title='bbox 800 2606 873 2658; x_wconf 89' lang='lat' dir='ltr'>multis</span> 
     </span>
     <span class='ocr_line' id='line_1_34' title="bbox 91 2681 873 2744; baseline 0.004 -16"><span class='ocrx_word' id='word_1_280' title='bbox 91 2692 112 2728; x_wconf 91' lang='lat' dir='ltr'>et</span> <span class='ocrx_word' id='word_1_281' title='bbox 126 2681 217 2744; x_wconf 87' lang='lat' dir='ltr'>salubris</span> <span class='ocrx_word' id='word_1_282' title='bbox 231 2683 332 2731; x_wconf 89' lang='lat' dir='ltr'>omnibus</span> <span class='ocrx_word' id='word_1_283' title='bbox 345 2683 460 2738; x_wconf 87' lang='lat' dir='ltr'>videretur,</span> <span class='ocrx_word' id='word_1_284' title='bbox 476 2682 568 2742; x_wconf 84' lang='lat' dir='ltr'>pedibus</span> <span class='ocrx_word' id='word_1_285' title='bbox 582 2682 657 2731; x_wconf 88' lang='lat' dir='ltr'>consul</span> <span class='ocrx_word' id='word_1_286' title='bbox 671 2696 762 2742; x_wconf 88' lang='lat' dir='ltr'>uterque</span> <span class='ocrx_word' id='word_1_287' title='bbox 774 2703 799 2731; x_wconf 87' lang='lat' dir='ltr'>ac</span> <span class='ocrx_word' id='word_1_288' title='bbox 813 2702 873 2731; x_wconf 86' lang='lat' dir='ltr'>sena-</span> 
     </span>
     <span class='ocr_line' id='line_1_35' title="bbox 92 2754 876 2814; baseline 0.004 -15"><span class='ocrx_word' id='word_1_289' title='bbox 92 2766 126 2800; x_wconf 89' lang='lat' dir='ltr'>tus</span> <span class='ocrx_word' id='word_1_290' title='bbox 140 2756 252 2803; x_wconf 86' lang='lat' dir='ltr'>universus</span> <span class='ocrx_word' id='word_1_291' title='bbox 266 2756 311 2803; x_wconf 83' lang='lat' dir='ltr'>ivit.</span> <span class='ocrx_word' id='word_1_292' title='bbox 324 2756 425 2813; x_wconf 86' lang='lat' dir='ltr'>Suscepit</span> <span class='ocrx_word' id='word_1_293' title='bbox 438 2776 528 2814; x_wconf 90' lang='lat' dir='ltr'>quoque</span> <span class='ocrx_word' id='word_1_294' title='bbox 541 2776 621 2804; x_wconf 90' lang='lat' dir='ltr'>munus</span> <span class='ocrx_word' id='word_1_295' title='bbox 635 2757 658 2803; x_wconf 90' lang='lat' dir='ltr'>id</span> <span class='ocrx_word' id='word_1_296' title='bbox 669 2756 785 2813; x_wconf 88' lang='lat' dir='ltr'>Pompeius</span> <span class='ocrx_word' id='word_1_297' title='bbox 797 2754 876 2809; x_wconf 64' lang='lat' dir='ltr'>libens..</span> 
     </span>
    </p>
   </div>
   <div class='ocr_carea' id='block_1_3' title="bbox 51 2940 875 3062">
    <p class='ocr_par' dir='ltr' id='par_1_11' title="bbox 51 2940 875 3062">
     <span class='ocr_line' id='line_1_36' title="bbox 93 2940 875 2998; baseline 0.003 -13"><span class='ocrx_word' id='word_1_298' title='bbox 93 2940 123 2986; x_wconf 88' lang='lat' dir='ltr'>ll.</span> <span class='ocrx_word' id='word_1_299' title='bbox 142 2960 189 2987; x_wconf 93' lang='lat' dir='ltr'>cum</span> <span class='ocrx_word' id='word_1_300' title='bbox 207 2961 251 2987; x_wconf 84' lang='lat' dir='ltr'>sscr.</span> <span class='ocrx_word' id='word_1_301' title='bbox 308 2940 339 2987; x_wconf 73' lang='lat'>19.</span> <span class='ocrx_word' id='word_1_302' title='bbox 357 2941 461 2987; x_wconf 87' lang='lat' dir='ltr'>occidendi</span> <span class='ocrx_word' id='word_1_303' title='bbox 483 2941 602 2998; x_wconf 72' lang='lat' dir='ltr'>Cicelronis)</span> <span class='ocrx_word' id='word_1_304' title='bbox 622 2949 672 2994; x_wconf 81' lang='lat' dir='ltr'>1&#39;.r.;</span> <span class='ocrx_word' id='word_1_305' title='bbox 691 2962 714 2988; x_wconf 82' lang='lat' dir='ltr'>ex</span> <span class='ocrx_word' id='word_1_306' title='bbox 733 2960 779 2988; x_wconf 91' lang='lat' dir='ltr'>cum</span> <span class='ocrx_word' id='word_1_307' title='bbox 796 2943 875 2988; x_wconf 86' lang='lat' dir='ltr'>armatis</span> 
     </span>
     <span class='ocr_line' id='line_1_37' title="bbox 51 3008 847 3062; baseline 0.008 -14"><span class='ocrx_word' id='word_1_308' title='bbox 51 3013 117 3053; x_wconf 76' lang='lat' dir='ltr'>statim</span> <span class='ocrx_word' id='word_1_309' title='bbox 130 3027 179 3053; x_wconf 83' lang='lat' dir='ltr'>corr.</span> <span class='ocrx_word' id='word_1_310' title='bbox 234 3009 266 3053; x_wconf 82' lang='lat'>27.</span> <span class='ocrx_word' id='word_1_311' title='bbox 281 3008 310 3053; x_wconf 83' lang='lat' dir='ltr'>Ex</span> <span class='ocrx_word' id='word_1_312' title='bbox 324 3020 405 3062; x_wconf 88' lang='lat' dir='ltr'>ceptum</span> <span class='ocrx_word' id='word_1_313' title='bbox 418 3029 466 3054; x_wconf 86' lang='lat' dir='ltr'>corr.</span> <span class='ocrx_word' id='word_1_314' title='bbox 846 3026 847 3029; x_wconf 75' lang='grc'>’</span> 
     </span>
    </p>
   </div>
   <div class='ocr_carea' id='block_1_4' title="bbox 0 0 1061 3253">
    <p class='ocr_par' dir='ltr' id='par_1_12' title="bbox 0 0 1061 3253">
     <span class='ocr_line' id='line_1_38' title="bbox 0 0 1061 3253; baseline 0 0"><span class='ocrx_word' id='word_1_315' title='bbox 0 0 1061 3253; x_wconf 95' lang='lat' dir='ltr'> </span> 
     </span>
    </p>
   </div>
  </div>
 </body>
</html>
