2093 3253
431 196 525 229 SICCONIS
540 197 662 230 POLENTONI

224 312 249 360 ld
264 312 322 360 enim
336 332 348 359 a
363 311 471 360 veteribus
482 312 606 361 institutum
617 326 668 368 erat,
680 312 740 372 quod
752 313 842 362 maiores
854 317 963 374 magistra·
1023 330 1039 374 L]

179 398 222 440 tus,
237 386 270 434 uti
288 398 348 435 erant
366 384 472 440 consules,
491 386 612 441 dictatores,
632 399 747 445 praetores,
765 386 852 442 aediles,
870 388 963 441 tribunal

180 471 202 506 et
217 459 325 507 currulem
339 458 414 506 sellam
422 477 462 516 pro
471 460 607 517 magistratus
616 458 697 508 honore
706 473 727 508 et
736 460 845 509 maiestate
854 461 965 515 sedebant.

180 532 209 580 At
224 532 262 591 qui
275 533 410 590 magistratus
421 531 524 589 gerebant
536 533 637 587 minores,
648 533 680 581 uti
692 544 753 581 erant
764 531 853 587 tribuni,
865 546 965 592 quaesto·

154 605 166 654 5
182 625 223 660 res,
238 604 352 660 triumviri,
367 605 457 659 iudices,
472 625 522 654 cunr
537 605 636 654 sederent
655 626 726 664 neque
739 606 842 654 tribunali
857 626 897 654 nec
915 608 964 659 sella

180 679 259 727 curruli
274 679 398 727 utebantur.
415 677 514 726 Subselia
530 678 621 737 quidem
637 677 674 727 ubi
691 679 791 727 sederent
808 679 924 730 habebant.
1028 683 1040 739 J

223 751 337 801 Sallustius
348 751 414 809 igitur
424 763 446 799 et
456 750 490 799 bis
501 763 613 800 accusatus
624 764 645 799 et
656 751 689 799 bis
701 751 813 801 absolutus
824 764 863 802 est.
874 752 904 802 At
914 775 964 806 vero
1026 747 1033 764 Ξ

180 828 209 875 ita
224 827 322 874 discessit
332 825 444 874 absolutus
455 826 516 883 quod
526 826 696 885 haudquaquam
706 826 810 874 innocens
821 826 867 885 ipse
878 827 917 876 sed
927 831 964 887 qui
1030 844 1041 879 ἢ

180 913 240 947 erant
255 900 337 947 iudices
351 900 448 954 corrupti
462 899 553 954 pecunia
568 899 700 945 viderentur.
714 898 777 945 Patre
791 911 864 946 autem
878 901 927 946 vivo
941 921 965 948 ac

142 972 167 1020 l0
182 991 233 1019 sene
248 970 345 1025 domum,
360 990 415 1029 quae
428 970 484 1019 avita
494 968 570 1025 luerat,
582 969 686 1029 vendidit.
698 969 847 1026 Quamobrem
859 970 965 1022 creditum
1027 973 1047 1025 l

180 1058 212 1092 est
226 1065 239 1092 a
253 1044 361 1109 plerisque
372 1056 463 1100 patrem,
475 1043 512 1101 qui
522 1062 617 1091 annosus
630 1056 686 1091 esset
695 1062 720 1090 ac
731 1045 764 1090 vir
773 1043 849 1092 luisset
859 1046 963 1103 egregius,
1037 1097 1042 1112 Ξ

180 1117 273 1166 nimium
285 1116 314 1165 ob
327 1115 424 1165 dolorem
436 1116 479 1164 vita
491 1114 620 1164 defunctum
632 1136 685 1164 esse.
700 1114 757 1164 lllud
768 1129 859 1170 constat,
872 1118 932 1175 quod
944 1132 965 1167 et

181 1190 272 1238 domum
286 1190 335 1238 vivo
350 1201 410 1246 patre
424 1188 522 1236 vendidit
536 1201 557 1236 et
572 1208 625 1246 quas
640 1209 692 1246 opes
707 1188 793 1247 reliquit
808 1202 869 1248 pater
883 1190 964 1240 artibus
1029 1196 1046 1245 ζ

181 1265 214 1311 his
230 1264 372 1321 consumpsit.

142 1339 166 1387 15
225 1337 365 1395 Magistratus
375 1356 426 1384 vero
436 1337 500 1394 gessit
510 1335 639 1394 complures.
650 1335 756 1392 Quaestor
766 1357 852 1394 nanque
862 1338 964 1395 primum,
1030 1324 1045 1388 ,3

181 1410 260 1457 deinde
270 1409 370 1457 tribunus
382 1408 459 1465 plebis,
471 1427 521 1455 mox
532 1420 618 1464 praetor
628 1407 713 1455 Africae
724 1407 830 1455 ulterioris
842 1408 964 1466 designatus

181 1495 220 1529 est.
241 1480 394 1529 Proconsulem
411 1500 499 1538 quoque
521 1480 594 1538 ipsum
613 1479 680 1529 lulius
703 1479 781 1530 Caesar
803 1501 854 1529 curn
871 1481 964 1531 exercitu
1031 1477 1047 1536 Ξ

181 1554 284 1612 praefecit
296 1573 363 1613 regno
378 1553 451 1608 lubae,
465 1573 515 1601 cum
528 1553 551 1600 id
564 1553 627 1611 pulso
640 1566 757 1611 coactoque
770 1554 798 1602 ad
811 1568 904 1603 mortem
917 1574 965 1614 rege

181 1628 203 1673 in
218 1629 351 1682 provinciam
365 1625 508 1672 reformasset.

139 1699 167 1748 20
225 1698 299 1747 llllores
312 1710 386 1748 autem
399 1698 422 1746 in
436 1709 528 1746 aetatem
541 1717 638 1747 crescens
653 1697 744 1747 mutavit
757 1717 845 1756 prorsus
859 1712 924 1756 atque
936 1699 965 1747 ita

182 1773 272 1821 mutavit
282 1785 307 1821 ut
318 1771 356 1831 qui
364 1770 455 1819 lascivus
465 1791 490 1818 ac
501 1770 604 1829 prodigus
615 1770 692 1819 soleret
703 1791 757 1825 esse,
769 1771 787 1818 is
795 1790 872 1829 parcus
883 1792 929 1821 esse
940 1793 964 1820 ac
1033 1791 1046 1835 ’Ξ

182 1846 353 1893 modestissimus
364 1844 479 1892 videretur.
491 1842 569 1902 Neque
579 1855 630 1890 vero
641 1863 708 1902 quarn
718 1843 844 1892 vendiderat
854 1844 965 1901 paternam
1034 1839 1042 1886 il*

182 1918 247 1967 modo
258 1918 392 1976 recuperavit
403 1917 494 1965 domum
505 1916 543 1964 sed
554 1935 607 1974 quas
619 1917 683 1964 etiam
694 1928 857 1974 consumpserat
868 1937 920 1975 opes
931 1935 964 1964 re·
1038 1916 1040 1923 ‘

181 1991 283 2040 stauravit
298 2010 380 2039 omnes.
388 1989 455 2037 *Adde
468 1989 528 2047 quod
539 1989 587 2047 ipso
598 2010 611 2038 a
625 1987 679 2037 lulio
693 1987 790 2043 Caesare,
803 1989 841 2047 qui
853 1989 896 2037 iam
908 1990 965 2038 civili
1038 2041 1047 2049 ‚

140 2064 167 2112 25
184 2078 270 2122 peracto
280 2064 336 2112 bello
345 2083 401 2111 unus
411 2063 483 2111 omnia
492 2063 622 2110 ministraret
630 2082 655 2110 ac
664 2082 775 2110 summurn
784 2063 900 2119 imperium
909 2063 966 2111 obti-
1035 2051 1041 2129 Ξ

181 2151 248 2191 neret,
264 2150 285 2184 et
299 2137 336 2194 qui
351 2148 411 2183 erant
426 2134 577 2191 preciosissimi
592 2136 614 2181 in
628 2134 682 2181 urbe
696 2147 754 2181 ortos
769 2147 790 2181 et
804 2134 927 2192 Tyburtino
941 2135 964 2182 in

182 2230 232 2269 agro
248 2208 414 2270 pulcherrimam
427 2207 499 2257 villam
510 2208 569 2257 emit.
583 2206 659 2257 Mente
669 2221 742 2256 autem
753 2228 827 2256 secum
837 2210 883 2267 ipse
894 2209 965 2257 consi-

183 2284 259 2333 derans
268 2284 305 2343 qui
314 2283 412 2331 homines
420 2283 549 2330 in'senatum
558 2282 619 2335 irent,
629 2281 666 2339 qui
674 2281 773 2329 homines
781 2283 897 2330 sententias
905 2283 964 2330 dice·

181 2370 235 2411 rent,
252 2358 290 2414 qui
305 2356 403 2403 homines
419 2355 554 2411 magistratus
569 2354 679 2408 haberent,
695 2366 776 2412 quanto
791 2355 814 2402 in
829 2354 915 2402 turbine
930 2372 963 2401 res

139 2429 170 2478 30
183 2428 270 2488 publica
277 2443 382 2487 ageretur,
391 2427 431 2476 sibi
440 2428 548 2476 consuluit
556 2428 615 2475 omni
624 2447 646 2475 se
654 2427 854 2485 publicoamunere
860 2440 881 2476 et
887 2428 965 2486 magis·

180 2503 272 2560 tratibus
292 2503 406 2556 abstinere,
428 2503 483 2549 vitae
499 2514 573 2549 autem
589 2501 694 2559 quicquid
710 2513 838 2559 superesset,
854 2501 877 2548 id
893 2513 965 2549 totum

181 2577 228 2622 ocio
239 2596 278 2623 suo
289 2589 311 2622 et
320 2574 469 2632 tranquillitati
480 2574 538 2621 dare.
548 2573 688 2631 Quamquam
697 2575 756 2621 enim
766 2573 910 2621 Caesareanae
920 2573 965 2621 lac·

180 2649 245 2695 tionis
258 2655 304 2695 esse
317 2647 425 2695 videretur
437 2667 461 2693 ac
474 2659 537 2700 esset,
550 2667 605 2704 quae
617 2658 690 2701 tamen
702 2641 776 2694 contra
788 2665 835 2694 rem
847 2645 967 2705 publicam,

174 2822 190 2856 9.
203 2822 229 2856 Ps.
242 2821 277 2856 Cic.
291 2819 329 2855 Sall.
345 2819 370 2854 14.

182 2977 211 3024 10.
226 2975 333 3032 (veludidit
347 2982 360 3020 ι’.
375 2995 400 3028 r.;
416 2984 457 3019 eret
472 2976 540 3030 venijt.
