2093 3253
202 537 310 585 Srccorus
324 535 455 583 Poesnrour
472 534 594 583 Euruoua
609 550 634 583 ru
649 534 718 583 Vnus

187 623 336 669 Scnrrronuu
358 622 497 668 lmusrnruu
517 621 618 667 Lamum
638 621 742 667 Luscum

199 722 228 755 an
243 705 387 754 Potvoonuu
403 705 489 754 Fruuu
507 705 595 752 lucrmr
610 704 728 753 Feucuen

134 947 256 1001 profitetur,
273 947 303 994 mi
319 946 425 1005 Polydore
440 946 568 994 suavissime
583 944 621 1000 fili,
637 965 692 1003 opus
708 945 749 993 hoc
764 945 792 993 ad
807 958 828 994 te
843 946 877 993 in·

92 1021 204 1079 scriptum.
219 1020 274 1069 vitas
296 1020 428 1077 scriptorum
449 1019 567 1068 illustrium
590 1016 680 1079 Latinae
701 1019 794 1077 linguae.
817 1018 885 1072 Haec,
921 1018 923 1021 ’

92 1094 182 1153 quidem
195 1094 226 1143 rei
240 1113 325 1154 summa
339 1107 379 1143 est.
392 1094 422 1142 At
436 1094 453 1141 si
467 1081 726 1148 attendimuslordinem,
745 1092 878 1151 praecedunt

92 1168 241 1215 doctrinarum
255 1167 386 1221 inventores,
399 1167 478 1215 deinde
490 1178 573 1224 poetae,
585 1179 660 1232 postea
672 1165 768 1214 historici
780 1167 878 1215 veniunt.

64 1238 217 1287 5N0vissime
236 1251 310 1287 autem
329 1240 446 1288 commixta
465 1238 573 1298 quaedam
592 1251 703 1287 oratorum
722 1250 743 1286 et
763 1237 878 1286 moralium

93 1313 192 1372 sequitur
203 1313 268 1361 acies.
281 1311 376 1361 [avere
388 1312 429 1361 loci
443 1325 475 1361 est
488 1311 635 1375 habitaratio,
649 1311 710 1371 quod
721 1310 828 1360 librorum
840 1312 878 1371 qui
934 1361 936 1364 ,
992 1312 994 1315 ’

93 1398 125 1432 est
136 1385 227 1442 primus,
240 1385 258 1431 is
270 1384 390 1433 litterarum
402 1386 518 1443 omnisque
530 1385 641 1433 doctrinae
652 1405 677 1432 ac
688 1385 807 1442 sapientiae
818 1385 879 1442 prin-

93 1457 149 1514 cipia
168 1469 189 1503 et
209 1456 315 1513 originem
334 1470 447 1504 memorat.
468 1456 583 1504 Secundus
602 1455 676 1504 laudat
695 1456 780 1513 poesim
799 1468 821 1503 et
840 1457 879 1514 qui

93 1528 182 1577 luerunt
196 1542 272 1587 poetae
286 1529 359 1587 primi;
373 1531 475 1584 comicos,
489 1528 611 1587 tragoedos,
626 1528 716 1587 lascivos
730 1528 753 1577 in
767 1526 880 1578 Nasonem

54 1600 79 1649 10
93 1622 163 1660 usque
178 1614 200 1649 et
215 1601 340 1650 Martialem
356 1599 460 1660 Coquum
475 1600 548 1650 refert.
563 1600 652 1650 Tertius
668 1601 792 1656 Maronem,
808 1600 879 1651 Hora·

93 1674 150 1720 tium
167 1686 189 1720 et
207 1694 262 1731 quos
280 1673 355 1720 civitas
374 1674 444 1721 Roma
462 1674 599 1730 magistratus
618 1674 694 1721 hahuit
711 1673 785 1721 tradit.
803 1673 883 1722 Poetas.

94 1757 184 1803 quartus
208 1745 314 1800 Persium,
347 1741 469 1801 Lucanum,
494 1746 600 1794 Senecam
624 1746 760 1804 tragoedum,
785 1745 881 1817 Statium

53 1846 55 1853 ·
93 1817 237 1874 Tolosanum,
256 1818 381 1869 Iuvenalem
396 1820 530 1879 Aquinatem
546 1839 571 1867 ac
588 1818 668 1883 deinde
684 1817 797 1867 inferiores
809 1821 880 1870 tenet.

51 1937 53 1939 ,
94 1890 190 1947 Quintus
204 1904 276 1939 narrat
290 1890 386 1939 officium
400 1905 422 1940 et
435 1891 564 1950 dignitatem
578 1891 687 1946 historiae,
697 1891 781 1940 >deinde
794 1891 833 1950 qui
847 1911 880 1941 res

50 1960 79 2009 ’15
95 1976 216 2010 memorant
230 1975 329 2011 externas
343 1963 403 2012 dicit.
418 1963 497 2012 Sextus
511 1983 588 2021 regum
601 1964 626 2012 ac
640 1964 671 2012 rei
684 1962 785 2022 publicae
799 1962 882 2013 Romae

95 2031 210 2088 scriptores
227 2032 332 2079 nominat.
350 2032 467 2080 Caesareos
484 2045 584 2080 numerat
600 2033 714 2091 septimus.
731 2030 827 2080 Octavus
844 2031 882 2081 dat
927 2083 931 2088 ,-

96 2104 134 2161 qui
152 2103 257 2161 exempla,
276 2104 314 2162 qui
332 2122 405 2152 rerum
422 2117 528 2163 tempora,
547 2105 585 2163 qui
603 2105 702 2152 locorum
720 2105 774 2152 situs
787 2104 882 2162 ‚tradunt

95 2188 161 2234 atque
183 2175 278 2223 Plinium
300 2189 419 2235 utrumque
441 2190 605 2235 commemorat.
627 2176 706 2226 Nonus
734 2176 881 2226 Censorinum

97 2246 204 2294 Catonem
218 2260 247 2302 et,
263 2248 301 2305 qui
317 2248 466 2305 Romanorum
481 2249 523 2296 luit
539 2250 686 2303 doctissimus,
702 2250 736 2297 M.
751 2248 882 2297 Terentium

54 2319 82 2367 20
96 2319 216 2369 Varronem
226 2333 293 2370 tenet.
305 2320 384 2371 Libros
395 2316 479 2385 septem
489 2321 628 2384 amplectitur
639 2321 724 2372 Cicero.
737 2321 813 2381 Ipsum
823 2320 882 2371 enim

96 2406 118 2441 et
131 2394 169 2451 qui
183 2393 281 2441 decimus
294 2407 327 2441 est
340 2394 395 2442 liber
408 2406 429 2443 et
442 2396 481 2453 qui
494 2408 617 2458 sequuntur
629 2396 658 2443 ad
670 2408 756 2443 sextum
765 2394 882 2443 decimum

96 2464 212 2531 explicant.
225 2464 331 2513 Senecam
343 2466 447 2525 moralem
460 2467 525 2515 habet
537 2466 635 2523 decimus
647 2467 761 2525 septimus.
774 2465 818 2522 Qui
830 2486 882 2514 vero

96 2550 129 2586 est
141 2536 239 2606 decimus
251 2550 340 2586 octavus
353 2552 374 2586 et
386 2537 484 2594 ultimus,
495 2539 513 2586 is
524 2538 665 2600 Vittruvium,
679 2539 709 2587 rei
722 2538 883 2588 architectoriae
929 2551 931 2553 ’

97 2609 231 2667 magistrum,
245 2629 270 2657 ac
284 2609 379 2668 reliquos
394 2611 458 2659 huius
473 2611 532 2659 modi
551 2610 640 2669 colligit.
655 2611 700 2660 Sed
713 2610 797 2660 facilior
810 2623 835 2660 ut
842 2611 882 2686 »igr-
907 2620 910 2623 ⁴

56 2680 83 2728 25
98 2683 171 2731 ventio
183 2682 293 2736 habeatur,
306 2683 402 2741 singulos
414 2696 436 2732 et
447 2684 568 2732 litterarum
580 2703 606 2732 ex
623 2684 699 2733 ordine
716 2696 737 2733 et
749 2683 855 2733 librorum
872 2691 884 2733 'e

69 2781 72 2785 ⁴
98 2773 189 2803 numero
204 2756 350 2805 nominemus.
794 2768 798 2775 ’

99 2918 128 2964 10.
143 2920 257 2964 Martialem
271 2938 294 2965 ex
308 2921 431 2966 Mattianum
445 2941 494 2966 corr.
