2093 3253
230 210 363 242 SCRIWORUM
378 210 503 241 ILLUSTRIUM
516 222 530 227 -
543 210 603 241 LIBER
616 209 657 240 xvi.
814 194 854 240 439

71 328 145 385 ipsum
159 325 245 384 legeret,
266 345 319 373 non»
329 323 421 387 audiret.
440 323 557 373 Enimvero
577 337 683 382 quantum
702 323 731 372 sit
750 323 854 372 momenti

71 400 118 458 ipsa
132 397 155 447 in
169 418 229 451 voce,
244 396 292 456 ipso
301 396 324 444 in
333 394 403 451 vultu,
412 396 461 454 ipso
470 395 564 455 denique
573 396 596 444 in
605 395 701 454 corporis
711 407 773 453 gestu
782 393 856 443 docuit

72 471 198 521 Aeschines.
213 469 272 519 Cum
286 469 397 518 recitatam
411 469 439 518 ab
453 489 480 517 eo
494 488 561 529 quam
576 468 737 517 'Demosthenes
754 468 777 515 in
793 487 857 515 causa

73 540 237 601 Ethesiphontis
259 542 379 590 orationem
402 540 505 590 habuerat
526 541 606 590 Rhodii
629 561 715 590 summe
738 540 856 594 laudarent,

48 618 61 666 5
77 615 154 674 inquit:
169 614 247 672 «Quid
260 615 278 662 si
291 615 365 673 ipsum
377 614 522 662 audissetist»
536 613 617 663 Docuit
630 614 790 662 Demosthenes
804 614 857 672 ipse,

74 708 125 737 cum
140 687 213 741 semel,
228 687 270 742 bis,
284 699 318 735 ter
331 688 463 745 interogatus
477 688 532 747 quid
545 707 591 736 esse
606 687 724 749 maximum
738 688 760 735 in
775 698 859 735 oratore

75 773 171 810 censeret
190 773 351 820 perseveranter
376 781 421 810 uno
446 772 521 810 tenore
547 761 654 810 actionem
679 781 725 810 esse
740 758 859 820 respondit.

76 833 158 883 Docuit
172 832 250 886 Cicero
269 846 349 892 noster,
369 854 420 883 cum
439 834 498 893 apud
517 834 599 883 iudices
618 846 743 882 accusatum
761 832 859 882 veneficii

77 906 167 955 Callum
181 926 219 955 sua
234 906 330 954 oratione
345 904 450 954 defendit.
465 905 517 954 Erat
531 905 621 964 quidem
636 906 670 954 M.
685 904 782 966 Calidius
796 924 860 952 accu-

38 982 65 1030 10
79 992 150 1036 sator.¹
159 979 224 1027 Hunc
239 978 323 1034 Cicero,
339 979 399 1038 quod
413 978 475 1027 vultu
490 979 590 1033 demisso,
606 990 659 1026 voce
677 978 744 1032 tenui,
765 975 873 1028 orationev

78 1046 188 1100 incondita
203 1072 255 1100 usus
270 1051 413 1110 probaturum
428 1072 452 1098 se
467 1051 529 1099 illurn
545 1072 591 1098 esse
607 1070 668 1098 reum
683 1050 782 1104 testibus,
798 1048 861 1097 tabu-

78 1125 111 1178 lis,
127 1123 278 1182 questionibus
290 1123 412 1176 affirmaret,
426 1125 455 1170 ita
468 1124 569 1180 repressit
581 1137 606 1170 ut
619 1122 683 1191 simul
696 1136 718 1169 et
730 1122 787 1169 illius
800 1123 861 1179 inep-

79 1209 127 1244 tum
141 1207 227 1253 gestum
241 1193 408 1253 reprehenderet
422 1207 444 1243 et
459 1207 558 1243 ruentem
573 1194 631 1245 Galli
646 1194 733 1243 causam
747 1194 828 1242 bonam
840 1194 862 1242 in

80 1288 142 1328 spem
157 1289 181 1319 ac
196 1280 277 1318 certam
289 1267 312 1316 in
325 1266 417 1326 salutem
430 1266 505 1317 erexit.
519 1266 621 1325 Quodam
634 1266 693 1317 enirn
705 1278 756 1331 apto
768 1267 864 1326 corporis

42 1344 68 1393 15
83 1355 144 1391 motu
159 1342 249 1391 eludens
264 1341 333 1397 illum,
351 1359 360 1383 ‹<
369 1341 405 1391 Sic
423 1363 451 1390 ne
467 1344 549 1400 ageres,
559 1358 568 1381 >¹
586 1341 665 1400 inquit,
683 1359 692 1382 <t
701 1341 736 1392 M.
752 1341 831 1397 Calidi,
841 1342 864 1390 ni

81 1414 180 1473 fingeres.
190 1431 199 1454 »
214 1412 373 1463 Pronunciandi
385 1433 437 1463 vero
449 1414 510 1462 initia
522 1412 589 1462 luisse
601 1412 708 1468 Ciceroni,
721 1426 746 1462 ut
758 1408 865 1462 oratorem

83 1488 151 1541 decet,
162 1486 284 1549 verecunda
294 1498 359 1544 atque
370 1486 491 1543 pertimida‚
501 1486 581 1533 deinde
590 1487 663 1543 ipsum
671 1486 732 1543 quasi
740 1504 779 1543 per
787 1485 865 1542 gradus

83 1560 105 1607 in
120 1579 196 1608 vocem
210 1558 332 1606 ascendisse
347 1570 486 1629 caeterosque
501 1557 561 1605 omni
576 1558 598 1604 in
614 1570 676 1615 gestu
690 1559 786 1616 corporis
802 1577 866 1615 supe·
905 1582 907 1585 ⁴

84 1649 141 1679 rasse
157 1628 296 1679 manifestum
310 1643 350 1680 est.

43 1704 72 1751 20
118 1703 219 1754 ¹Facetiis
233 1715 306 1752 autem
321 1721 459 1762 summopere
477 1704 594 1752 delectatus
610 1723 635 1752 ac
650 1723 805 1763 saepenumero
819 1717 868 1756 tum

84 1776 112 1823 ad
126 1776 282 1824 iocunditatem
294 1789 316 1823 et
329 1776 404 1829 risum,
417 1789 465 1823 tum
475 1776 503 1823 ad
514 1776 668 1824 contumeliam
680 1790 702 1824 et
714 1778 768 1825 iram
778 1790 800 1825 et
809 1778 869 1836 apud

85 1849 167 1896 amicos
179 1848 262 1907 privato
274 1849 297 1896 in
309 1867 408 1896 sermone
420 1861 441 1896 et
453 1848 512 1907 apud
524 1848 606 1896 iudices
618 1849 641 1896 in
653 1848 708 1903 loro,
720 1869 771 1897 curn
782 1849 869 1908 publice

86 1933 157 1978 ageret
172 1940 253 1976 causas,
268 1940 321 1987 usus
336 1933 375 1977 est,
385 1921 446 1981 quod
455 1921 527 1970 locum
537 1922 610 1976 istum,
621 1921 639 1969 si
649 1914 728 1977 rerum,
738 1934 869 1982 temporum,

87 1994 202 2042 hominurn
211 1995 266 2042 ratio
274 1995 384 2048 habeatur,
396 1995 632 2053 plurimumdelectsre
642 2014 822 2054 commovereque
832 2015 870 2043 au-

46 2067 74 2114 25
90 2067 196 2114 dientium
211 2080 294 2114 mentes
307 2087 332 2114 ac
345 2068 447 2125 prodesse
460 2068 586 2126 perciperet.
601 2068 724 2116 Memorare
737 2069 832 2127 quedam
843 2069 871 2115 ab

88 2160 114 2187 eo
128 2138 196 2187 facete
211 2138 268 2194 dicta
276 2139 373 2188 hocloco
381 2139 458 2199 placet.
469 2140 494 2188 ln
503 2139 645 2199 Hortensium
653 2141 718 2195 enim,
727 2141 765 2199 qui
773 2161 872 2189 summus

89 2224 230 2260 essetorator
245 2213 412 2272 designatusque
427 2213 503 2261 consul
518 2232 543 2261 ac
558 2225 661 2271 patronus
671 2213 699 2272 ‘in
714 2232 778 2261 causa
792 2213 872 2268 Verris,

89 2284 150 2342 quod
164 2284 247 2332 dictum
261 2285 322 2332 testis
335 2304 381 2332 esse
394 2285 549 2333 obscurumne
562 2305 585 2332 se
597 2306 642 2334 non
654 2286 772 2346 intelligere
785 2287 872 2340 diceret,

90 2373 99 2396 c
108 2357 192 2405 Mirum
204 2369 243 2419 est,
253 2373 263 2396 2>
271 2356 349 2416 inquit,
361 2376 370 2401 «
381 2377 394 2404 o
403 2356 514 2411 Hortensi,
523 2357 584 2416 quod
590 2376 702 2416 aenygma,
710 2376 761 2404 cum
769 2356 874 2415 Spingem

49 2429 78 2477 30
92 2429 171 2477 babeas
179 2430 246 2491 domi,
257 2451 301 2477 non
311 2429 424 2488 intelligas.
434 2450 443 2472 n
455 2428 531 2478 Tacite
536 2430 626 2489 quidem
631 2451 656 2478 ac
661 2428 729 2478 lacete
737 2428 875 2488 reprehendit

91 2503 164 2560 ipsum
179 2503 239 2561 quod
254 2503 325 2560 magni
336 2504 402 2561 precii
412 2504 514 2551 donatam
524 2503 566 2551 sibi
575 2523 588 2550 a
596 2503 664 2551 Verre
673 2503 778 2560 Spingem
787 2522 877 2550 aeneam

91 2575 216 2632 accepisset.
232 2574 364 2623 Mordaciter
372 2592 461 2633 quoque
469 2575 492 2622 in
501 2574 525 2622 P.
534 2574 638 2632 Clodium
646 2574 729 2623 dictum
737 2586 876 2623 memoratur.

91 2647 128 2696 h'd
142 2648 208 2696 istum
223 2646 288 2702 enim,
302 2647 363 2707 quod
374 2647 487 2697 absolutus
502 2667 540 2707 per
553 2647 635 2696 iudices
648 2647 729 2696 diceret
741 2646 889 2701 iactabunde,

53 2740 192 2751 ..ψ-.-

88 2782 104 2818 5.
117 2782 153 2820 Cic.
166 2785 190 2821 De
203 2783 233 2820 Or.
246 2783 274 2820 111.
288 2783 328 2820 213.
381 2784 406 2820 15.
419 2776 454 2821 Cic.
467 2785 514 2822 er.
528 2783 568 2820 277.
618 2783 647 2820 27.
661 2782 718 2825 Quint.
731 2759 770 2820 lust.
783 2781 811 2818 vl.
824 2781 841 2818 3.
850 2782 881 2818 98.

53 2840 81 2878 32⁴
93 2842 129 2881 Cic.
142 2843 178 2883 An.
190 2845 202 2882 Ι.
219 2845 274 2883 1610.

54 2921 195 2933 ¹·—-—---

94 2964 126 3010 29.
141 2977 170 3010 est
184 2985 228 3012 sscr.
