<?xml version="1.0" encoding="UTF-8"?>
<!DOCTYPE html PUBLIC "-//W3C//DTD XHTML 1.0 Transitional//EN"
    "http://www.w3.org/TR/xhtml1/DTD/xhtml1-transitional.dtd">
<html xmlns="http://www.w3.org/1999/xhtml" xml:lang="en" lang="en">
 <head>
  <title>
</title>
<meta http-equiv="Content-Type" content="text/html;charset=utf-8" />
  <meta name='ocr-system' content='tesseract 3.04.00' />
  <meta name='ocr-capabilities' content='ocr_page ocr_carea ocr_par ocr_line ocrx_word'/>
</head>
<body>
  <div class='ocr_page' id='page_1' title='image "MN40033ucmf_2_0239.png"; bbox 0 0 2093 3253; ppageno 0'>
   <div class='ocr_carea' id='block_1_1' title="bbox 137 591 795 811">
    <p class='ocr_par' dir='ltr' id='par_1_1' title="bbox 137 591 795 811">
     <span class='ocr_line' id='line_1_1' title="bbox 137 591 795 644; baseline -0.005 -3"><span class='ocrx_word' id='word_1_1' title='bbox 137 594 244 642; x_wconf 82' lang='lat' dir='ltr'>Siccoms</span> <span class='ocrx_word' id='word_1_2' title='bbox 260 593 391 641; x_wconf 76' lang='lat' dir='ltr'>Pournrom</span> <span class='ocrx_word' id='word_1_3' title='bbox 408 592 477 644; x_wconf 72' lang='lat' dir='ltr'>Lmen</span> <span class='ocrx_word' id='word_1_4' title='bbox 492 592 640 641; x_wconf 74' lang='lat' dir='ltr'>Scaurorum</span> <span class='ocrx_word' id='word_1_5' title='bbox 658 591 795 639; x_wconf 77' lang='lat' dir='ltr'>lmusrmun</span> 
     </span>
     <span class='ocr_line' id='line_1_2' title="bbox 177 676 748 727; baseline -0.002 -1"><span class='ocrx_word' id='word_1_6' title='bbox 177 678 278 726; x_wconf 77' lang='lat' dir='ltr'>Larium</span> <span class='ocrx_word' id='word_1_7' title='bbox 293 678 396 726; x_wconf 77' lang='lat' dir='ltr'>meum</span> <span class='ocrx_word' id='word_1_8' title='bbox 411 676 432 725; x_wconf 90' lang='lat' dir='ltr'>V</span> <span class='ocrx_word' id='word_1_9' title='bbox 447 676 554 726; x_wconf 80' lang='lat' dir='ltr'>Exeucn</span> <span class='ocrx_word' id='word_1_10' title='bbox 569 693 596 727; x_wconf 81' lang='lat' dir='ltr'>m</span> <span class='ocrx_word' id='word_1_11' title='bbox 613 677 702 726; x_wconf 79' lang='lat' dir='ltr'>lucum</span> <span class='ocrx_word' id='word_1_12' title='bbox 717 676 748 725; x_wconf 89' lang='lat' dir='ltr'>Vl</span> 
     </span>
     <span class='ocr_line' id='line_1_3' title="bbox 248 761 670 811; baseline -0.002 -1"><span class='ocrx_word' id='word_1_13' title='bbox 248 777 278 810; x_wconf 80' lang='lat' dir='ltr'>ao</span> <span class='ocrx_word' id='word_1_14' title='bbox 294 762 380 810; x_wconf 82' lang='lat' dir='ltr'>quu</span> <span class='ocrx_word' id='word_1_15' title='bbox 394 761 537 811; x_wconf 80' lang='lat' dir='ltr'>Pouvnomm</span> <span class='ocrx_word' id='word_1_16' title='bbox 553 762 670 810; x_wconf 73' lang='lat' dir='ltr'>Faucium</span> 
     </span>
    </p>
   </div>
   <div class='ocr_carea' id='block_1_2' title="bbox 65 967 877 1609">
    <p class='ocr_par' dir='ltr' id='par_1_2' title="bbox 136 967 877 1027">
     <span class='ocr_line' id='line_1_4' title="bbox 136 967 877 1027; baseline 0.001 -10"><span class='ocrx_word' id='word_1_17' title='bbox 136 968 186 1017; x_wconf 83' lang='lat' dir='ltr'>Illos</span> <span class='ocrx_word' id='word_1_18' title='bbox 198 969 309 1027; x_wconf 86' lang='lat' dir='ltr'>superiore</span> <span class='ocrx_word' id='word_1_19' title='bbox 320 967 376 1016; x_wconf 87' lang='lat' dir='ltr'>libro</span> <span class='ocrx_word' id='word_1_20' title='bbox 387 967 477 1023; x_wconf 88' lang='lat' dir='ltr'>absolvi,</span> <span class='ocrx_word' id='word_1_21' title='bbox 489 975 537 1016; x_wconf 90' lang='lat' dir='ltr'>reor</span> <span class='ocrx_word' id='word_1_22' title='bbox 548 968 643 1026; x_wconf 85' lang='lat' dir='ltr'><strong>copiose,</strong></span> <span class='ocrx_word' id='word_1_23' title='bbox 655 980 680 1015; x_wconf 92' lang='lat' dir='ltr'>ut</span> <span class='ocrx_word' id='word_1_24' title='bbox 691 986 750 1016; x_wconf 87' lang='lat' dir='ltr'>eram</span> <span class='ocrx_word' id='word_1_25' title='bbox 761 968 877 1026; x_wconf 73' lang='lat' dir='ltr'>pollicitus,</span> 
     </span>
    </p>

    <p class='ocr_par' dir='ltr' id='par_1_3' title="bbox 65 1041 877 1609">
     <span class='ocr_line' id='line_1_5' title="bbox 92 1041 877 1100; baseline 0.001 -9"><span class='ocrx_word' id='word_1_26' title='bbox 92 1044 122 1091; x_wconf 93' lang='lat' dir='ltr'>mi</span> <span class='ocrx_word' id='word_1_27' title='bbox 130 1042 235 1100; x_wconf 88' lang='lat' dir='ltr'>Polydore</span> <span class='ocrx_word' id='word_1_28' title='bbox 243 1042 369 1091; x_wconf 78' lang='lat' dir='ltr'>suavissime</span> <span class='ocrx_word' id='word_1_29' title='bbox 376 1041 414 1097; x_wconf 85' lang='lat' dir='ltr'>fili,</span> <span class='ocrx_word' id='word_1_30' title='bbox 423 1042 461 1100; x_wconf 90' lang='lat' dir='ltr'>qui</span> <span class='ocrx_word' id='word_1_31' title='bbox 469 1055 556 1090; x_wconf 88' lang='lat' dir='ltr'>externa</span> <span class='ocrx_word' id='word_1_32' title='bbox 563 1041 666 1100; x_wconf 82' lang='lat' dir='ltr'>singulari</span> <span class='ocrx_word' id='word_1_33' title='bbox 675 1041 786 1099; x_wconf 89' lang='lat' dir='ltr'>proposito</span> <span class='ocrx_word' id='word_1_34' title='bbox 794 1063 877 1092; x_wconf 87' lang='lat' dir='ltr'>memo·</span> 
     </span>
     <span class='ocr_line' id='line_1_6' title="bbox 92 1111 876 1172; baseline -0.001 -9"><span class='ocrx_word' id='word_1_35' title='bbox 92 1128 172 1163; x_wconf 87' lang='lat' dir='ltr'>rarunt.</span> <span class='ocrx_word' id='word_1_36' title='bbox 190 1111 245 1162; x_wconf 85' lang='lat' dir='ltr'>Inde</span> <span class='ocrx_word' id='word_1_37' title='bbox 251 1133 302 1162; x_wconf 92' lang='lat' dir='ltr'>vero</span> <span class='ocrx_word' id='word_1_38' title='bbox 310 1134 361 1162; x_wconf 92' lang='lat' dir='ltr'>cum</span> <span class='ocrx_word' id='word_1_39' title='bbox 369 1132 481 1171; x_wconf 83' lang='lat' dir='ltr'>pergerem</span> <span class='ocrx_word' id='word_1_40' title='bbox 488 1113 516 1161; x_wconf 87' lang='lat' dir='ltr'>ad</span> <span class='ocrx_word' id='word_1_41' title='bbox 524 1112 563 1161; x_wconf 79' lang='lat' dir='ltr'>eos¹</span> <span class='ocrx_word' id='word_1_42' title='bbox 569 1114 599 1162; x_wconf 91' lang='lat' dir='ltr'>ire</span> <span class='ocrx_word' id='word_1_43' title='bbox 607 1115 645 1172; x_wconf 93' lang='lat' dir='ltr'>qui</span> <span class='ocrx_word' id='word_1_44' title='bbox 654 1134 678 1161; x_wconf 90' lang='lat' dir='ltr'>ea</span> <span class='ocrx_word' id='word_1_45' title='bbox 687 1115 803 1162; x_wconf 84' lang='lat' dir='ltr'>memoriae</span> <span class='ocrx_word' id='word_1_46' title='bbox 810 1116 876 1163; x_wconf 81' lang='lat' dir='ltr'>tradi-</span> 
     </span>
     <span class='ocr_line' id='line_1_7' title="bbox 92 1171 877 1246; baseline 0.003 -10"><span class='ocrx_word' id='word_1_47' title='bbox 92 1188 169 1237; x_wconf 87' lang='lat' dir='ltr'>derunt</span> <span class='ocrx_word' id='word_1_48' title='bbox 183 1207 239 1246; x_wconf 91' lang='lat' dir='ltr'>quae</span> <span class='ocrx_word' id='word_1_49' title='bbox 253 1199 304 1236; x_wconf 85' lang='lat' dir='ltr'>sunt</span> <span class='ocrx_word' id='word_1_50' title='bbox 318 1187 416 1235; x_wconf 90' lang='lat' dir='ltr'>Romano</span> <span class='ocrx_word' id='word_1_51' title='bbox 430 1207 442 1235; x_wconf 92' lang='lat' dir='ltr'>a</span> <span class='ocrx_word' id='word_1_52' title='bbox 456 1186 538 1245; x_wconf 87' lang='lat' dir='ltr'>populo</span> <span class='ocrx_word' id='word_1_53' title='bbox 552 1200 589 1236; x_wconf 89' lang='lat' dir='ltr'>aut</span> <span class='ocrx_word' id='word_1_54' title='bbox 603 1186 644 1235; x_wconf 91' lang='lat' dir='ltr'>sub</span> <span class='ocrx_word' id='word_1_55' title='bbox 659 1171 746 1244; x_wconf 76' lang='lat' dir='ltr'>regibuIs</span> <span class='ocrx_word' id='word_1_56' title='bbox 759 1200 796 1235; x_wconf 86' lang='lat' dir='ltr'>aut</span> <span class='ocrx_word' id='word_1_57' title='bbox 810 1187 877 1238; x_wconf 83' lang='lat' dir='ltr'>libera</span> 
     </span>
     <span class='ocr_line' id='line_1_8' title="bbox 65 1260 876 1318; baseline 0 -8"><span class='ocrx_word' id='word_1_58' title='bbox 65 1262 77 1310; x_wconf 88' lang='grc'>5</span> <span class='ocrx_word' id='word_1_59' title='bbox 93 1261 177 1308; x_wconf 84' lang='lat' dir='ltr'>civitate</span> <span class='ocrx_word' id='word_1_60' title='bbox 186 1274 251 1318; x_wconf 83' lang='lat' dir='ltr'>gesta,</span> <span class='ocrx_word' id='word_1_61' title='bbox 261 1261 350 1314; x_wconf 91' lang='lat' dir='ltr'>memini</span> <span class='ocrx_word' id='word_1_62' title='bbox 358 1274 397 1308; x_wconf 91' lang='lat' dir='ltr'>tuo</span> <span class='ocrx_word' id='word_1_63' title='bbox 405 1281 431 1312; x_wconf 81' lang='lat' dir='ltr'>ex</span> <span class='ocrx_word' id='word_1_64' title='bbox 439 1281 487 1315; x_wconf 82' lang='lat' dir='ltr'>avo,</span> <span class='ocrx_word' id='word_1_65' title='bbox 495 1274 556 1318; x_wconf 86' lang='lat' dir='ltr'>patre</span> <span class='ocrx_word' id='word_1_66' title='bbox 565 1281 620 1315; x_wconf 87' lang='lat' dir='ltr'>meo,</span> <span class='ocrx_word' id='word_1_67' title='bbox 629 1261 676 1309; x_wconf 90' lang='lat' dir='ltr'>viro</span> <span class='ocrx_word' id='word_1_68' title='bbox 684 1261 768 1317; x_wconf 88' lang='lat' dir='ltr'>optimo</span> <span class='ocrx_word' id='word_1_69' title='bbox 776 1260 876 1318; x_wconf 86' lang='lat' dir='ltr'>(Bartho-</span> 
     </span>
     <span class='ocr_line' id='line_1_9' title="bbox 92 1332 876 1397; baseline 0.004 -17"><span class='ocrx_word' id='word_1_70' title='bbox 92 1333 198 1380; x_wconf 85' lang='lat' dir='ltr'>Iamaeum</span> <span class='ocrx_word' id='word_1_71' title='bbox 209 1334 297 1381; x_wconf 91' lang='lat' dir='ltr'>nomine</span> <span class='ocrx_word' id='word_1_72' title='bbox 308 1332 446 1391; x_wconf 82' lang='lat' dir='ltr'>appellabant</span> <span class='ocrx_word' id='word_1_73' title='bbox 456 1333 546 1397; x_wconf 83' lang='lat' dir='ltr'>ipsum),</span> <span class='ocrx_word' id='word_1_74' title='bbox 558 1333 625 1381; x_wconf 86' lang='lat' dir='ltr'>multa</span> <span class='ocrx_word' id='word_1_75' title='bbox 637 1352 672 1380; x_wconf 90' lang='lat' dir='ltr'>me</span> <span class='ocrx_word' id='word_1_76' title='bbox 683 1351 751 1390; x_wconf 89' lang='lat' dir='ltr'>puero</span> <span class='ocrx_word' id='word_1_77' title='bbox 761 1333 876 1383; x_wconf 84' lang='lat' dir='ltr'>audivisse.</span> 
     </span>
     <span class='ocr_line' id='line_1_10' title="bbox 91 1404 876 1466; baseline 0.003 -12"><span class='ocrx_word' id='word_1_78' title='bbox 91 1404 142 1454; x_wconf 85' lang='lat' dir='ltr'>Erat</span> <span class='ocrx_word' id='word_1_79' title='bbox 156 1406 238 1465; x_wconf 87' lang='lat' dir='ltr'>quippe</span> <span class='ocrx_word' id='word_1_80' title='bbox 247 1406 280 1455; x_wconf 89' lang='lat' dir='ltr'>vir</span> <span class='ocrx_word' id='word_1_81' title='bbox 289 1405 365 1455; x_wconf 76' lang='lat' dir='ltr'>litteris</span> <span class='ocrx_word' id='word_1_82' title='bbox 374 1405 461 1464; x_wconf 90' lang='lat' dir='ltr'>penitus</span> <span class='ocrx_word' id='word_1_83' title='bbox 470 1426 550 1454; x_wconf 88' lang='lat' dir='ltr'>vacuus</span> <span class='ocrx_word' id='word_1_84' title='bbox 559 1424 635 1454; x_wconf 92' lang='lat' dir='ltr'>verum</span> <span class='ocrx_word' id='word_1_85' title='bbox 644 1417 719 1463; x_wconf 83' lang='lat' dir='ltr'>suapte</span> <span class='ocrx_word' id='word_1_86' title='bbox 728 1405 815 1464; x_wconf 80' lang='lat' dir='ltr'>ingenio</span> <span class='ocrx_word' id='word_1_87' title='bbox 824 1426 876 1466; x_wconf 84' lang='lat' dir='ltr'>pru-</span> 
     </span>
     <span class='ocr_line' id='line_1_11' title="bbox 91 1479 876 1537; baseline 0.003 -11"><span class='ocrx_word' id='word_1_88' title='bbox 91 1479 144 1526; x_wconf 87' lang='lat' dir='ltr'>dens</span> <span class='ocrx_word' id='word_1_89' title='bbox 155 1480 309 1537; x_wconf 89' lang='lat' dir='ltr'>animosusque</span> <span class='ocrx_word' id='word_1_90' title='bbox 324 1499 349 1527; x_wconf 87' lang='lat' dir='ltr'>ac</span> <span class='ocrx_word' id='word_1_91' title='bbox 357 1479 453 1536; x_wconf 89' lang='lat' dir='ltr'>corporis</span> <span class='ocrx_word' id='word_1_92' title='bbox 463 1480 545 1527; x_wconf 86' lang='lat' dir='ltr'>viribus</span> <span class='ocrx_word' id='word_1_93' title='bbox 554 1498 630 1527; x_wconf 92' lang='lat' dir='ltr'>eorum</span> <span class='ocrx_word' id='word_1_94' title='bbox 638 1480 660 1527; x_wconf 93' lang='lat' dir='ltr'>in</span> <span class='ocrx_word' id='word_1_95' title='bbox 669 1497 760 1526; x_wconf 90' lang='lat' dir='ltr'>numero</span> <span class='ocrx_word' id='word_1_96' title='bbox 768 1480 806 1537; x_wconf 91' lang='lat' dir='ltr'>qui</span> <span class='ocrx_word' id='word_1_97' title='bbox 815 1480 876 1528; x_wconf 90' lang='lat' dir='ltr'>bellis</span> 
     </span>
     <span class='ocr_line' id='line_1_12' title="bbox 91 1550 876 1609; baseline 0.004 -11"><span class='ocrx_word' id='word_1_98' title='bbox 91 1551 190 1599; x_wconf 87' lang='lat' dir='ltr'>delectati</span> <span class='ocrx_word' id='word_1_99' title='bbox 200 1564 253 1599; x_wconf 91' lang='lat' dir='ltr'>tunc</span> <span class='ocrx_word' id='word_1_100' title='bbox 263 1563 399 1600; x_wconf 85' lang='lat' dir='ltr'>versarentur</span> <span class='ocrx_word' id='word_1_101' title='bbox 409 1552 432 1599; x_wconf 91' lang='lat' dir='ltr'>in</span> <span class='ocrx_word' id='word_1_102' title='bbox 442 1552 508 1599; x_wconf 88' lang='lat' dir='ltr'>armis</span> <span class='ocrx_word' id='word_1_103' title='bbox 518 1564 540 1599; x_wconf 91' lang='lat' dir='ltr'>et</span> <span class='ocrx_word' id='word_1_104' title='bbox 550 1552 637 1599; x_wconf 87' lang='lat' dir='ltr'>ordines</span> <span class='ocrx_word' id='word_1_105' title='bbox 648 1550 759 1599; x_wconf 88' lang='lat' dir='ltr'>ducerent.</span> <span class='ocrx_word' id='word_1_106' title='bbox 771 1551 802 1599; x_wconf 94' lang='lat' dir='ltr'>Ut</span> <span class='ocrx_word' id='word_1_107' title='bbox 812 1571 876 1609; x_wconf 85' lang='lat' dir='ltr'>parce</span> 
     </span>
    </p>
   </div>
   <div class='ocr_carea' id='block_1_3' title="bbox 54 1621 941 1683">
    <p class='ocr_par' dir='ltr' id='par_1_4' title="bbox 54 1621 941 1683">
     <span class='ocr_line' id='line_1_13' title="bbox 54 1621 941 1683; baseline 0.002 -10"><span class='ocrx_word' id='word_1_108' title='bbox 54 1621 78 1673; x_wconf 85' lang='grc'>10</span> <span class='ocrx_word' id='word_1_109' title='bbox 92 1621 119 1672; x_wconf 88' lang='lat' dir='ltr'>de</span> <span class='ocrx_word' id='word_1_110' title='bbox 133 1623 181 1682; x_wconf 90' lang='lat' dir='ltr'>ipso</span> <span class='ocrx_word' id='word_1_111' title='bbox 196 1622 279 1683; x_wconf 84' lang='lat' dir='ltr'>loquar,</span> <span class='ocrx_word' id='word_1_112' title='bbox 290 1622 372 1683; x_wconf 90' lang='lat' dir='ltr'>probus</span> <span class='ocrx_word' id='word_1_113' title='bbox 383 1645 408 1673; x_wconf 81' lang='lat' dir='ltr'>ec</span> <span class='ocrx_word' id='word_1_114' title='bbox 419 1624 463 1674; x_wconf 91' lang='lat' dir='ltr'>suis</span> <span class='ocrx_word' id='word_1_115' title='bbox 474 1646 486 1674; x_wconf 85' lang='lat' dir='ltr'>a</span> <span class='ocrx_word' id='word_1_116' title='bbox 497 1623 590 1674; x_wconf 91' lang='lat' dir='ltr'>ducibus</span> <span class='ocrx_word' id='word_1_117' title='bbox 601 1646 664 1683; x_wconf 87' lang='lat' dir='ltr'>saepe</span> <span class='ocrx_word' id='word_1_118' title='bbox 675 1622 781 1680; x_wconf 56' lang='lat' dir='ltr'>laudatum</span> <span class='ocrx_word' id='word_1_119' title='bbox 792 1625 876 1675; x_wconf 78' lang='lat' dir='ltr'>cicatri·</span> <span class='ocrx_word' id='word_1_120' title='bbox 939 1630 941 1632; x_wconf 61' lang='grc'>’</span> 
     </span>
    </p>
   </div>
   <div class='ocr_carea' id='block_1_4' title="bbox 51 1696 937 2701">
    <p class='ocr_par' dir='ltr' id='par_1_5' title="bbox 90 1696 937 1973">
     <span class='ocr_line' id='line_1_14' title="bbox 90 1696 876 1755; baseline 0.004 -11"><span class='ocrx_word' id='word_1_121' title='bbox 90 1715 132 1751; x_wconf 90' lang='lat' dir='ltr'>ces,</span> <span class='ocrx_word' id='word_1_122' title='bbox 143 1709 167 1744; x_wconf 92' lang='lat' dir='ltr'>ut</span> <span class='ocrx_word' id='word_1_123' title='bbox 177 1696 258 1745; x_wconf 75' lang='lat' dir='ltr'>famam</span> <span class='ocrx_word' id='word_1_124' title='bbox 268 1710 290 1745; x_wconf 91' lang='lat' dir='ltr'>et</span> <span class='ocrx_word' id='word_1_125' title='bbox 300 1697 381 1755; x_wconf 89' lang='lat' dir='ltr'>reliqua</span> <span class='ocrx_word' id='word_1_126' title='bbox 391 1710 481 1752; x_wconf 87' lang='lat' dir='ltr'>taceam,</span> <span class='ocrx_word' id='word_1_127' title='bbox 491 1698 549 1745; x_wconf 76' lang='lat' dir='ltr'>vitae·</span> <span class='ocrx_word' id='word_1_128' title='bbox 557 1717 608 1745; x_wconf 86' lang='lat' dir='ltr'>suae</span> <span class='ocrx_word' id='word_1_129' title='bbox 618 1709 683 1745; x_wconf 88' lang='lat' dir='ltr'>testes</span> <span class='ocrx_word' id='word_1_130' title='bbox 693 1710 761 1745; x_wconf 87' lang='lat' dir='ltr'>erant.</span> <span class='ocrx_word' id='word_1_131' title='bbox 774 1697 812 1746; x_wconf 90' lang='lat' dir='ltr'>Illa</span> <span class='ocrx_word' id='word_1_132' title='bbox 822 1719 876 1747; x_wconf 84' lang='lat' dir='ltr'>nan-</span> 
     </span>
     <span class='ocr_line' id='line_1_15' title="bbox 91 1770 876 1827; baseline 0.005 -12"><span class='ocrx_word' id='word_1_133' title='bbox 91 1788 133 1825; x_wconf 87' lang='lat' dir='ltr'>que</span> <span class='ocrx_word' id='word_1_134' title='bbox 146 1770 169 1816; x_wconf 94' lang='lat' dir='ltr'>in</span> <span class='ocrx_word' id='word_1_135' title='bbox 183 1770 297 1827; x_wconf 86' lang='lat' dir='ltr'>disciplina</span> <span class='ocrx_word' id='word_1_136' title='bbox 311 1770 370 1817; x_wconf 86' lang='lat' dir='ltr'>haud</span> <span class='ocrx_word' id='word_1_137' title='bbox 384 1770 456 1816; x_wconf 90' lang='lat' dir='ltr'>minus</span> <span class='ocrx_word' id='word_1_138' title='bbox 469 1770 544 1816; x_wconf 89' lang='lat' dir='ltr'>aetatis</span> <span class='ocrx_word' id='word_1_139' title='bbox 558 1789 625 1827; x_wconf 89' lang='lat' dir='ltr'>quam</span> <span class='ocrx_word' id='word_1_140' title='bbox 638 1770 718 1817; x_wconf 86' lang='lat' dir='ltr'>teneris</span> <span class='ocrx_word' id='word_1_141' title='bbox 731 1770 759 1817; x_wconf 89' lang='lat' dir='ltr'>ab</span> <span class='ocrx_word' id='word_1_142' title='bbox 772 1772 834 1818; x_wconf 90' lang='lat' dir='ltr'>annis</span> <span class='ocrx_word' id='word_1_143' title='bbox 847 1773 876 1819; x_wconf 92' lang='lat' dir='ltr'>ad</span> 
     </span>
     <span class='ocr_line' id='line_1_16' title="bbox 90 1840 937 1900; baseline 0.007 -14"><span class='ocrx_word' id='word_1_144' title='bbox 90 1841 176 1887; x_wconf 90' lang='lat' dir='ltr'>senium</span> <span class='ocrx_word' id='word_1_145' title='bbox 186 1860 256 1898; x_wconf 90' lang='lat' dir='ltr'>usque</span> <span class='ocrx_word' id='word_1_146' title='bbox 266 1841 408 1897; x_wconf 82' lang='lat' dir='ltr'>consumpsit.</span> <span class='ocrx_word' id='word_1_147' title='bbox 419 1840 510 1888; x_wconf 83' lang='lat' dir='ltr'>Mortuo</span> <span class='ocrx_word' id='word_1_148' title='bbox 520 1861 608 1898; x_wconf 85' lang='lat' dir='ltr'>nanque</span> <span class='ocrx_word' id='word_1_149' title='bbox 618 1854 678 1898; x_wconf 87' lang='lat' dir='ltr'>patre</span> <span class='ocrx_word' id='word_1_150' title='bbox 689 1840 810 1898; x_wconf 86' lang='lat' dir='ltr'>pubescens</span> <span class='ocrx_word' id='word_1_151' title='bbox 820 1863 876 1900; x_wconf 88' lang='lat' dir='ltr'>quae</span> <span class='ocrx_word' id='word_1_152' title='bbox 935 1892 937 1895; x_wconf 84' lang='grc'><strong>,</strong></span> 
     </span>
     <span class='ocr_line' id='line_1_17' title="bbox 91 1907 876 1973; baseline 0.005 -12"><span class='ocrx_word' id='word_1_153' title='bbox 91 1912 183 1971; x_wconf 77' lang='lat' dir='ltr'>habebat</span> <span class='ocrx_word' id='word_1_154' title='bbox 198 1912 329 1963; x_wconf 86' lang='lat' dir='ltr'>Tridentino</span> <span class='ocrx_word' id='word_1_155' title='bbox 337 1913 360 1962; x_wconf 92' lang='lat' dir='ltr'>in</span> <span class='ocrx_word' id='word_1_156' title='bbox 368 1933 419 1972; x_wconf 81' lang='lat' dir='ltr'>agro</span> <span class='ocrx_word' id='word_1_157' title='bbox 428 1926 517 1972; x_wconf 83' lang='lat' dir='ltr'>paterna</span> <span class='ocrx_word' id='word_1_158' title='bbox 525 1913 583 1962; x_wconf 86' lang='lat' dir='ltr'>bona</span> <span class='ocrx_word' id='word_1_159' title='bbox 591 1907 685 1973; x_wconf 86' lang='lat' dir='ltr'>reliquit.</span> <span class='ocrx_word' id='word_1_160' title='bbox 695 1913 779 1963; x_wconf 89' lang='lat' dir='ltr'>Locum</span> <span class='ocrx_word' id='word_1_161' title='bbox 787 1916 876 1965; x_wconf 84' lang='lat' dir='ltr'>nomine</span> 
     </span>
    </p>

    <p class='ocr_par' dir='ltr' id='par_1_6' title="bbox 54 1984 876 2336">
     <span class='ocr_line' id='line_1_18' title="bbox 54 1984 875 2045; baseline 0.007 -14"><span class='ocrx_word' id='word_1_162' title='bbox 54 1984 76 2032; x_wconf 84' lang='grc'>15</span> <span class='ocrx_word' id='word_1_163' title='bbox 92 1986 198 2044; x_wconf 86' lang='lat' dir='ltr'>Levigum</span> <span class='ocrx_word' id='word_1_164' title='bbox 212 1988 328 2045; x_wconf 83' lang='lat' dir='ltr'>appellant.</span> <span class='ocrx_word' id='word_1_165' title='bbox 348 1987 444 2035; x_wconf 93' lang='lat' dir='ltr'>Omnem</span> <span class='ocrx_word' id='word_1_166' title='bbox 459 1988 552 2044; x_wconf 90' lang='lat' dir='ltr'>denique</span> <span class='ocrx_word' id='word_1_167' title='bbox 572 1988 638 2035; x_wconf 89' lang='lat' dir='ltr'>vitam</span> <span class='ocrx_word' id='word_1_168' title='bbox 652 1988 675 2034; x_wconf 93' lang='lat' dir='ltr'>in</span> <span class='ocrx_word' id='word_1_169' title='bbox 689 1988 754 2035; x_wconf 89' lang='lat' dir='ltr'>annis</span> <span class='ocrx_word' id='word_1_170' title='bbox 774 1991 875 2038; x_wconf 87' lang='lat' dir='ltr'>exercuit.</span> 
     </span>
     <span class='ocr_line' id='line_1_19' title="bbox 91 2057 876 2116; baseline 0.005 -12"><span class='ocrx_word' id='word_1_171' title='bbox 91 2057 171 2106; x_wconf 90' lang='lat' dir='ltr'>Sedem</span> <span class='ocrx_word' id='word_1_172' title='bbox 185 2077 236 2106; x_wconf 91' lang='lat' dir='ltr'>vero</span> <span class='ocrx_word' id='word_1_173' title='bbox 253 2060 342 2107; x_wconf 90' lang='lat' dir='ltr'>tandem</span> <span class='ocrx_word' id='word_1_174' title='bbox 358 2058 431 2106; x_wconf 86' lang='lat' dir='ltr'>liberis</span> <span class='ocrx_word' id='word_1_175' title='bbox 448 2059 493 2106; x_wconf 90' lang='lat' dir='ltr'>suis</span> <span class='ocrx_word' id='word_1_176' title='bbox 509 2079 534 2106; x_wconf 90' lang='lat' dir='ltr'>ac</span> <span class='ocrx_word' id='word_1_177' title='bbox 552 2059 643 2116; x_wconf 83' lang='lat' dir='ltr'>posteris</span> <span class='ocrx_word' id='word_1_178' title='bbox 660 2058 762 2107; x_wconf 88' lang='lat' dir='ltr'>omnibus</span> <span class='ocrx_word' id='word_1_179' title='bbox 780 2059 876 2108; x_wconf 90' lang='lat' dir='ltr'>Paduam</span> 
     </span>
     <span class='ocr_line' id='line_1_20' title="bbox 90 2131 875 2192; baseline 0.005 -14"><span class='ocrx_word' id='word_1_180' title='bbox 90 2150 136 2180; x_wconf 88' lang='lat' dir='ltr'>esse</span> <span class='ocrx_word' id='word_1_181' title='bbox 151 2132 237 2190; x_wconf 75' lang='lat' dir='ltr'>delegit,</span> <span class='ocrx_word' id='word_1_182' title='bbox 254 2144 303 2182; x_wconf 86' lang='lat' dir='ltr'>turn</span> <span class='ocrx_word' id='word_1_183' title='bbox 320 2132 380 2192; x_wconf 92' lang='lat' dir='ltr'>quod</span> <span class='ocrx_word' id='word_1_184' title='bbox 397 2132 506 2181; x_wconf 85' lang='lat' dir='ltr'>civitatem</span> <span class='ocrx_word' id='word_1_185' title='bbox 523 2131 578 2181; x_wconf 84' lang='lat' dir='ltr'>hanc</span> <span class='ocrx_word' id='word_1_186' title='bbox 597 2132 704 2191; x_wconf 82' lang='lat' dir='ltr'>egregiam</span> <span class='ocrx_word' id='word_1_187' title='bbox 722 2152 768 2181; x_wconf 90' lang='lat' dir='ltr'>esse</span> <span class='ocrx_word' id='word_1_188' title='bbox 785 2133 875 2190; x_wconf 88' lang='lat' dir='ltr'>videret,</span> 
     </span>
     <span class='ocr_line' id='line_1_21' title="bbox 89 2205 875 2265; baseline 0.006 -14"><span class='ocrx_word' id='word_1_189' title='bbox 89 2216 137 2251; x_wconf 88' lang='lat' dir='ltr'>tum</span> <span class='ocrx_word' id='word_1_190' title='bbox 152 2205 212 2263; x_wconf 92' lang='lat' dir='ltr'>quod</span> <span class='ocrx_word' id='word_1_191' title='bbox 226 2206 271 2254; x_wconf 91' lang='lat' dir='ltr'>suis</span> <span class='ocrx_word' id='word_1_192' title='bbox 283 2226 295 2254; x_wconf 86' lang='lat' dir='ltr'>a</span> <span class='ocrx_word' id='word_1_193' title='bbox 306 2205 423 2254; x_wconf 88' lang='lat' dir='ltr'>maioribus</span> <span class='ocrx_word' id='word_1_194' title='bbox 434 2205 552 2254; x_wconf 88' lang='lat' dir='ltr'>audivisset</span> <span class='ocrx_word' id='word_1_195' title='bbox 562 2226 628 2254; x_wconf 85' lang='lat' dir='ltr'>avum</span> <span class='ocrx_word' id='word_1_196' title='bbox 640 2226 704 2254; x_wconf 91' lang='lat' dir='ltr'>suum</span> <span class='ocrx_word' id='word_1_197' title='bbox 715 2219 736 2254; x_wconf 87' lang='lat' dir='ltr'>et</span> <span class='ocrx_word' id='word_1_198' title='bbox 747 2207 784 2265; x_wconf 89' lang='lat' dir='ltr'>qui</span> <span class='ocrx_word' id='word_1_199' title='bbox 796 2206 875 2256; x_wconf 91' lang='lat' dir='ltr'>deinde</span> 
     </span>
     <span class='ocr_line' id='line_1_22' title="bbox 90 2277 777 2336; baseline 0.006 -14"><span class='ocrx_word' id='word_1_200' title='bbox 90 2279 210 2334; x_wconf 88' lang='lat' dir='ltr'>superiores</span> <span class='ocrx_word' id='word_1_201' title='bbox 225 2278 311 2326; x_wconf 68' lang='lat' dir='ltr'>fuerant</span> <span class='ocrx_word' id='word_1_202' title='bbox 323 2279 396 2336; x_wconf 88' lang='lat' dir='ltr'>stipite</span> <span class='ocrx_word' id='word_1_203' title='bbox 408 2279 475 2326; x_wconf 88' lang='lat' dir='ltr'>veteri</span> <span class='ocrx_word' id='word_1_204' title='bbox 488 2277 555 2326; x_wconf 78' lang='lat' dir='ltr'>fuisse</span> <span class='ocrx_word' id='word_1_205' title='bbox 568 2279 653 2326; x_wconf 82' lang='lat' dir='ltr'>Paduac</span> <span class='ocrx_word' id='word_1_206' title='bbox 666 2279 777 2326; x_wconf 88' lang='lat' dir='ltr'>oriundos.</span> 
     </span>
    </p>

    <p class='ocr_par' dir='ltr' id='par_1_7' title="bbox 51 2345 875 2701">
     <span class='ocr_line' id='line_1_23' title="bbox 51 2345 874 2409; baseline 0.009 -15"><span class='ocrx_word' id='word_1_207' title='bbox 51 2345 77 2394; x_wconf 84' lang='lat'>20</span> <span class='ocrx_word' id='word_1_208' title='bbox 133 2349 199 2398; x_wconf 83' lang='lat' dir='ltr'>Filios</span> <span class='ocrx_word' id='word_1_209' title='bbox 212 2354 263 2399; x_wconf 87' lang='lat' dir='ltr'>vero</span> <span class='ocrx_word' id='word_1_210' title='bbox 275 2360 336 2408; x_wconf 85' lang='lat' dir='ltr'>pater</span> <span class='ocrx_word' id='word_1_211' title='bbox 349 2349 426 2399; x_wconf 86' lang='lat' dir='ltr'>habuit</span> <span class='ocrx_word' id='word_1_212' title='bbox 437 2371 463 2399; x_wconf 87' lang='lat' dir='ltr'>ex</span> <span class='ocrx_word' id='word_1_213' title='bbox 478 2349 562 2404; x_wconf 77' lang='lat' dir='ltr'>Iacobo,</span> <span class='ocrx_word' id='word_1_214' title='bbox 575 2350 645 2408; x_wconf 86' lang='lat' dir='ltr'>prima</span> <span class='ocrx_word' id='word_1_215' title='bbox 657 2369 731 2404; x_wconf 88' lang='lat' dir='ltr'>uxore,</span> <span class='ocrx_word' id='word_1_216' title='bbox 744 2350 874 2409; x_wconf 89' lang='lat' dir='ltr'>complures.</span> 
     </span>
     <span class='ocr_line' id='line_1_24' title="bbox 90 2420 875 2482; baseline 0.006 -13"><span class='ocrx_word' id='word_1_217' title='bbox 90 2420 175 2471; x_wconf 88' lang='lat' dir='ltr'>Horum</span> <span class='ocrx_word' id='word_1_218' title='bbox 187 2436 310 2482; x_wconf 88' lang='lat' dir='ltr'>postremus</span> <span class='ocrx_word' id='word_1_219' title='bbox 321 2444 346 2473; x_wconf 85' lang='lat' dir='ltr'>ac</span> <span class='ocrx_word' id='word_1_220' title='bbox 358 2423 448 2473; x_wconf 85' lang='lat' dir='ltr'>XVIIII</span> <span class='ocrx_word' id='word_1_221' title='bbox 460 2423 500 2473; x_wconf 79' lang='lat' dir='ltr'>tui.</span> <span class='ocrx_word' id='word_1_222' title='bbox 514 2422 588 2472; x_wconf 81' lang='lat' dir='ltr'>Infans</span> <span class='ocrx_word' id='word_1_223' title='bbox 600 2436 645 2472; x_wconf 89' lang='lat' dir='ltr'>erat</span> <span class='ocrx_word' id='word_1_224' title='bbox 656 2424 694 2481; x_wconf 89' lang='lat' dir='ltr'>qui</span> <span class='ocrx_word' id='word_1_225' title='bbox 711 2443 769 2472; x_wconf 90' lang='lat' dir='ltr'>nunc</span> <span class='ocrx_word' id='word_1_226' title='bbox 781 2425 834 2474; x_wconf 87' lang='lat' dir='ltr'>vivit</span> <span class='ocrx_word' id='word_1_227' title='bbox 849 2446 875 2474; x_wconf 89' lang='lat' dir='ltr'>ac</span> 
     </span>
     <span class='ocr_line' id='line_1_25' title="bbox 89 2495 874 2556; baseline 0.006 -15"><span class='ocrx_word' id='word_1_228' title='bbox 89 2509 185 2544; x_wconf 85' lang='lat' dir='ltr'>versatur</span> <span class='ocrx_word' id='word_1_229' title='bbox 195 2497 218 2544; x_wconf 92' lang='lat' dir='ltr'>in</span> <span class='ocrx_word' id='word_1_230' title='bbox 228 2496 284 2551; x_wconf 83' lang='lat' dir='ltr'>foro,</span> <span class='ocrx_word' id='word_1_231' title='bbox 294 2510 384 2555; x_wconf 89' lang='lat' dir='ltr'>patruus</span> <span class='ocrx_word' id='word_1_232' title='bbox 395 2510 454 2551; x_wconf 89' lang='lat' dir='ltr'>tuus,</span> <span class='ocrx_word' id='word_1_233' title='bbox 465 2495 599 2551; x_wconf 87' lang='lat' dir='ltr'>Franciscus‚</span> <span class='ocrx_word' id='word_1_234' title='bbox 610 2497 650 2545; x_wconf 85' lang='lat' dir='ltr'>alia</span> <span class='ocrx_word' id='word_1_235' title='bbox 661 2509 729 2544; x_wconf 86' lang='lat' dir='ltr'>matre</span> <span class='ocrx_word' id='word_1_236' title='bbox 739 2510 809 2545; x_wconf 86' lang='lat' dir='ltr'>natus.</span> <span class='ocrx_word' id='word_1_237' title='bbox 819 2498 874 2556; x_wconf 77' lang='lat' dir='ltr'>Age,</span> 
     </span>
     <span class='ocr_line' id='line_1_26' title="bbox 89 2567 875 2629; baseline 0.008 -15"><span class='ocrx_word' id='word_1_238' title='bbox 89 2567 174 2617; x_wconf 83' lang='lat' dir='ltr'>vivebat</span> <span class='ocrx_word' id='word_1_239' title='bbox 188 2588 215 2617; x_wconf 88' lang='lat' dir='ltr'>ex</span> <span class='ocrx_word' id='word_1_240' title='bbox 228 2568 279 2617; x_wconf 85' lang='lat' dir='ltr'>filiis</span> <span class='ocrx_word' id='word_1_241' title='bbox 292 2582 313 2618; x_wconf 89' lang='lat' dir='ltr'>et</span> <span class='ocrx_word' id='word_1_242' title='bbox 327 2581 380 2618; x_wconf 86' lang='lat' dir='ltr'>natu</span> <span class='ocrx_word' id='word_1_243' title='bbox 393 2581 438 2617; x_wconf 85' lang='lat' dir='ltr'>erat</span> <span class='ocrx_word' id='word_1_244' title='bbox 452 2569 519 2617; x_wconf 89' lang='lat' dir='ltr'>maior</span> <span class='ocrx_word' id='word_1_245' title='bbox 534 2568 660 2618; x_wconf 83' lang='lat' dir='ltr'>Franciscus</span> <span class='ocrx_word' id='word_1_246' title='bbox 673 2567 733 2623; x_wconf 86' lang='lat' dir='ltr'>alter,</span> <span class='ocrx_word' id='word_1_247' title='bbox 746 2569 779 2618; x_wconf 89' lang='lat' dir='ltr'>vir</span> <span class='ocrx_word' id='word_1_248' title='bbox 792 2570 875 2629; x_wconf 86' lang='lat' dir='ltr'>quippe</span> 
     </span>
     <span class='ocr_line' id='line_1_27' title="bbox 89 2641 875 2701; baseline 0.006 -13"><span class='ocrx_word' id='word_1_249' title='bbox 89 2660 139 2689; x_wconf 90' lang='lat' dir='ltr'>cum</span> <span class='ocrx_word' id='word_1_250' title='bbox 154 2642 279 2691; x_wconf 87' lang='lat' dir='ltr'>sacerdocio</span> <span class='ocrx_word' id='word_1_251' title='bbox 290 2656 339 2691; x_wconf 89' lang='lat' dir='ltr'>tum</span> <span class='ocrx_word' id='word_1_252' title='bbox 352 2643 441 2691; x_wconf 84' lang='lat' dir='ltr'>scientia</span> <span class='ocrx_word' id='word_1_253' title='bbox 454 2643 507 2691; x_wconf 89' lang='lat' dir='ltr'>iuris</span> <span class='ocrx_word' id='word_1_254' title='bbox 520 2642 626 2701; x_wconf 87' lang='lat' dir='ltr'>pontificii</span> <span class='ocrx_word' id='word_1_255' title='bbox 640 2641 775 2698; x_wconf 89' lang='lat' dir='ltr'>venerabilis;</span> <span class='ocrx_word' id='word_1_256' title='bbox 789 2643 875 2693; x_wconf 87' lang='lat' dir='ltr'>vivebat</span> 
     </span>
    </p>
   </div>
   <div class='ocr_carea' id='block_1_5' title="bbox 51 2735 190 2748">
    <p class='ocr_par' dir='ltr' id='par_1_8' title="bbox 51 2735 190 2748">
     <span class='ocr_line' id='line_1_28' title="bbox 51 2735 190 2748; baseline 0 0"><span class='ocrx_word' id='word_1_257' title='bbox 51 2735 190 2748; x_wconf 30' lang='lat' dir='ltr'>*N*</span> 
     </span>
    </p>
   </div>
   <div class='ocr_carea' id='block_1_6' title="bbox 50 2796 875 2924">
    <p class='ocr_par' dir='ltr' id='par_1_9' title="bbox 50 2796 875 2924">
     <span class='ocr_line' id='line_1_29' title="bbox 92 2796 873 2857; baseline 0.003 -14"><span class='ocrx_word' id='word_1_258' title='bbox 92 2796 121 2844; x_wconf 87' lang='grc'>14.</span> <span class='ocrx_word' id='word_1_259' title='bbox 135 2798 165 2846; x_wconf 82' lang='lat' dir='ltr'>Ex</span> <span class='ocrx_word' id='word_1_260' title='bbox 180 2800 233 2846; x_wconf 84' lang='lat' dir='ltr'>bona</span> <span class='ocrx_word' id='word_1_261' title='bbox 247 2811 328 2854; x_wconf 88' lang='lat' dir='ltr'>paterna</span> <span class='ocrx_word' id='word_1_262' title='bbox 341 2806 400 2854; x_wconf 76' lang='lat' dir='ltr'>signis</span> <span class='ocrx_word' id='word_1_263' title='bbox 421 2799 434 2845; x_wconf 90' lang='lat' dir='ltr'>b</span> <span class='ocrx_word' id='word_1_264' title='bbox 455 2819 528 2846; x_wconf 85' lang='lat' dir='ltr'>acorr.</span> <span class='ocrx_word' id='word_1_265' title='bbox 587 2800 617 2846; x_wconf 90' lang='lat' dir='ltr'>I9.</span> <span class='ocrx_word' id='word_1_266' title='bbox 631 2799 693 2845; x_wconf 85' lang='lat' dir='ltr'>Iuisse</span> <span class='ocrx_word' id='word_1_267' title='bbox 706 2799 801 2857; x_wconf 88' lang='lat' dir='ltr'>Pad(uae)</span> <span class='ocrx_word' id='word_1_268' title='bbox 818 2807 832 2846; x_wconf 85' lang='lat' dir='ltr'>i.</span> <span class='ocrx_word' id='word_1_269' title='bbox 847 2820 873 2855; x_wconf 89' lang='lat' dir='ltr'>r.;</span> 
     </span>
     <span class='ocr_line' id='line_1_30' title="bbox 50 2866 875 2924; baseline 0.004 -14"><span class='ocrx_word' id='word_1_270' title='bbox 50 2868 111 2910; x_wconf 63' lang='lat' dir='ltr'>prima</span> <span class='ocrx_word' id='word_1_271' title='bbox 125 2866 193 2912; x_wconf 81' lang='lat' dir='ltr'>littera</span> <span class='ocrx_word' id='word_1_272' title='bbox 209 2877 251 2912; x_wconf 84' lang='lat' dir='ltr'>erat</span> <span class='ocrx_word' id='word_1_273' title='bbox 268 2868 290 2912; x_wconf 87' lang='lat' dir='ltr'>P.</span> <span class='ocrx_word' id='word_1_274' title='bbox 346 2867 378 2912; x_wconf 84' lang='grc'>21.</span> <span class='ocrx_word' id='word_1_275' title='bbox 396 2866 464 2912; x_wconf 75' lang='lat' dir='ltr'>Infans</span> <span class='ocrx_word' id='word_1_276' title='bbox 481 2879 522 2924; x_wconf 72' lang='lat' dir='ltr'>erat</span> <span class='ocrx_word' id='word_1_277' title='bbox 538 2874 551 2913; x_wconf 83' lang='lat' dir='ltr'>i.</span> <span class='ocrx_word' id='word_1_278' title='bbox 568 2887 584 2912; x_wconf 85' lang='lat' dir='ltr'>r.</span> <span class='ocrx_word' id='word_1_279' title='bbox 644 2867 677 2913; x_wconf 85' lang='lat'>22.</span> <span class='ocrx_word' id='word_1_280' title='bbox 693 2867 730 2912; x_wconf 86' lang='lat' dir='ltr'>alia</span> <span class='ocrx_word' id='word_1_281' title='bbox 745 2879 807 2914; x_wconf 83' lang='lat' dir='ltr'>matre</span> <span class='ocrx_word' id='word_1_282' title='bbox 827 2875 841 2913; x_wconf 81' lang='lat' dir='ltr'>i.</span> <span class='ocrx_word' id='word_1_283' title='bbox 856 2888 875 2913; x_wconf 82' lang='lat' dir='ltr'>r.</span> 
     </span>
    </p>
   </div>
   <div class='ocr_carea' id='block_1_7' title="bbox 51 2923 651 2991">
    <p class='ocr_par' dir='ltr' id='par_1_10' title="bbox 51 2923 651 2991">
     <span class='ocr_line' id='line_1_31' title="bbox 51 2923 651 2991; baseline 0.008 -16"><span class='ocrx_word' id='word_1_284' title='bbox 51 2923 81 2973; x_wconf 76' lang='lat'>22.</span> <span class='ocrx_word' id='word_1_285' title='bbox 94 2931 137 2985; x_wconf 74' lang='lat' dir='ltr'>Age</span> <span class='ocrx_word' id='word_1_286' title='bbox 150 2935 246 2989; x_wconf 86' lang='lat' dir='ltr'>viv(ebat)</span> <span class='ocrx_word' id='word_1_287' title='bbox 258 2941 275 2991; x_wconf 60' lang='lat'>512</span> <span class='ocrx_word' id='word_1_288' title='bbox 290 2953 306 2978; x_wconf 90' lang='lat' dir='ltr'>r.</span> <span class='ocrx_word' id='word_1_289' title='bbox 362 2934 394 2979; x_wconf 80' lang='lat'>23.</span> <span class='ocrx_word' id='word_1_290' title='bbox 409 2933 457 2978; x_wconf 86' lang='lat' dir='ltr'>alter</span> <span class='ocrx_word' id='word_1_291' title='bbox 470 2935 549 2979; x_wconf 87' lang='lat' dir='ltr'>sscr.0</span> <span class='ocrx_word' id='word_1_292' title='bbox 571 2953 608 2978; x_wconf 91' lang='lat' dir='ltr'>om.</span> <span class='ocrx_word' id='word_1_293' title='bbox 623 2936 651 2980; x_wconf 90' lang='lat' dir='ltr'>H.</span> 
     </span>
    </p>
   </div>
   <div class='ocr_carea' id='block_1_8' title="bbox 0 0 1052 3253">
    <p class='ocr_par' dir='ltr' id='par_1_11' title="bbox 0 0 1052 3253">
     <span class='ocr_line' id='line_1_32' title="bbox 0 0 1052 3253; baseline 0 0"><span class='ocrx_word' id='word_1_294' title='bbox 0 0 1052 3253; x_wconf 95' lang='lat' dir='ltr'> </span> 
     </span>
    </p>
   </div>
  </div>
 </body>
</html>
