2093 3253
254 180 383 215 scnrrronuM
397 180 522 213 niusrnron
535 192 549 197 —
562 181 620 211 ursan
634 181 687 212 xnu.
836 167 874 214 381

92 296 179 343 bantur.
195 291 310 341 Caesarem
324 313 375 341 vero
388 290 491 341 factiosus
505 314 530 348 ac
543 293 658 342 sceleratus
673 294 809 353 quisqueet,
824 316 880 354 quae

94 380 182 427 patrum
196 385 281 424 semper
295 365 383 415 inimica
398 363 447 431 fuit,
462 364 523 425 plebs
539 365 632 431 amabat.

135 440 180 490 Sed
195 440 276 498 Romae
291 439 329 489 ubi
344 439 459 489 Caesarem
474 452 495 489 et
512 440 648 490 Rubiconem
658 440 760 489 transisse
775 454 797 490 et
807 441 879 500 copias

22 549 25 550 γ
94 533 150 573 quae
165 513 275 568 Picenum,
288 532 344 571 quae
357 512 475 566 Umbrum,
488 531 544 571 quae
555 513 686 561 Aetruscum
697 530 775 570 agrum
786 533 879 572 occupa-

67 589 80 637 5
97 599 145 635 rent
155 606 178 634 se
189 585 273 634 misisse
283 585 410 634 nunciatum
421 599 459 640 est,
471 586 502 642 ita
510 598 561 634 sunt
571 586 714 644 Pompeianae
722 584 822 635 factionis
832 607 879 634 om-

95 659 157 710 nium
172 658 268 709 deterriti
281 658 348 709 animi
362 671 387 709 ut
401 658 475 709 civitas
489 659 605 719 trepidaret
620 681 659 710 nec
673 662 747 712 venire
760 661 789 712 ad
803 659 880 717 urbem

47 728 52 738 ⁹
98 733 165 782 lulius
181 732 265 788 Caesar,
282 733 392 781 Romanus
407 733 466 787 civis,
482 753 506 780 ac
520 733 614 791 legiones
626 734 735 783 Romanae
746 736 785 784 sed
795 734 879 782 Poenus

95 805 131 854 ille
145 804 248 863 ferusque
267 805 334 853 bostis
353 804 462 853 Hannibal
485 825 510 853 ac
528 807 598 854 omnis
616 806 725 856 barbaries
748 807 879 856 viderentur.

95 880 190 928 Futurus
205 878 301 937 quidem,
317 879 334 926 si
353 879 454 933 vinceret,
473 879 552 927 Caesar
569 899 609 928 nec
627 880 697 928 Cinna
714 880 840 929 clementior
857 880 880 927 in

56 955 82 1002 11]
97 952 221 1010 principum
235 950 301 998 caede
315 971 355 998 nec
374 949 432 1008 Sylla
451 950 581 999 moderatior
599 952 622 998 in
641 951 768 1010 diripiendis
786 951 880 1000 fortunis

96 1019 230 1082 locupletum
241 1023 364 1072 coniectura
375 1035 396 1072 et
407 1023 509 1081 opinione
528 1024 627 1073 omnium
646 1024 769 1082 putabatur.
782 1024 880 1073 Maximo

95 1098 153 1146 enim
167 1117 218 1145 cum
228 1098 322 1145 exercitu
332 1097 432 1145 veniebat
442 1097 521 1145 Caesar
531 1098 570 1145 sed
579 1099 608 1146 ita
618 1098 718 1146 veniebat
728 1110 752 1146 ut
762 1111 849 1155 paratus
859 1111 880 1145 et

94 1171 122 1220 ad
129 1190 212 1229 pacem,
224 1169 241 1217 si
250 1168 337 1218 daretur
347 1167 478 1224 consulatus,
488 1183 509 1218 et
519 1169 548 1218 ad
558 1169 646 1224 bellum,
659 1170 676 1218 si
687 1184 808 1227 negaretur,
817 1184 880 1219 esset.

138 1241 242 1299 Pompeio
255 1254 329 1289 autern
343 1241 428 1289 animus
441 1242 539 1299 pertinax
552 1242 580 1290 ad
593 1240 740 1297 bellumferaty
755 1241 794 1297 sed
807 1241 881 1299 copiae

57 1316 80 1365 l5
97 1315 185 1363 deerant
195 1334 250 1372 quae
257 1312 399 1381 ¹Caesareanis
409 1312 524 1375 adaequari
535 1333 626 1362 numero
636 1327 657 1362 et
667 1313 775 1372 probitate
785 1328 880 1374 possent.

95 1388 181 1445 Nempe
194 1386 356 1435 admirabantur
369 1408 444 1435 omnes
458 1387 518 1445 quod
530 1400 590 1445 tanta
607 1387 707 1442 veniente
720 1386 770 1435 belli
786 1401 880 1446 tempes-

98 1473 141 1507 tate
155 1458 264 1507 delectum
274 1459 302 1505 ad
312 1459 457 1506 resistendum
470 1479 540 1517 neque
554 1458 647 1507 babebat
657 1479 697 1510 nec
712 1460 801 1517 parabat
817 1460 881 1508 Pom·

97 1533 159 1590 peius
174 1531 250 1580 ullum.
266 1531 348 1579 Amicis
364 1550 415 1580 vero
431 1531 469 1589 qui
484 1532 642 1580 admirarentur
657 1545 722 1590 atque
738 1533 882 1591 interogarent

98 1624 137 1652 cur
152 1624 196 1652 non
210 1617 294 1662 pararet
303 1605 408 1653 exercitus
418 1604 561 1662 respondebat
570 1603 670 1652 futurum
679 1625 730 1664 cum
738 1618 818 1652 terram
826 1605 882 1662 pede

56 1680 84 1727 20
99 1690 220 1737 percuteret
232 1690 257 1725 ut
269 1677 343 1740 copiae
355 1676 465 1736 pedestres
477 1690 631 1736 equestresque
643 1690 755 1726 scaterent.

139 1750 216 1800 Cicero
230 1763 303 1799 autem
317 1763 342 1799 ut
357 1749 471 1799 Caesarem
488 1750 634 1809 propinquare
652 1751 718 1798 sensit
742 1771 782 1799 nec
799 1763 882 1809 paratas

98 1824 126 1871 ad
140 1822 285 1871 resistendum
299 1822 372 1882 copias
394 1820 448 1869 ullas
469 1821 530 1877 vidit,
553 1821 836 1882 reprehenditpermagna,
858 1833 883 1869 ut

99 1896 216 1950 audiretur,
232 1894 350 1943 inclamans
363 1915 416 1943 voce
428 1893 563 1953 Pompeium,
577 1894 638 1954 quod
650 1908 749 1943 senatum
761 1916 800 1954 spe
812 1894 883 1944 vanis-

99 1970 153 2027 sima
167 1968 271 2021 elusisset,
293 1960 372 2015 deinde
390 1980 415 2014 ut
434 1981 574 2016 consueverat
597 1980 663 2025 atque
682 1967 800 2016 ferventius
820 1967 883 2016 solito
933 1994 934 1997 ¹

59 2040 86 2089 25
102 2039 208 2089 exhortari
223 2040 337 2104 optimates
352 2060 376 2088 ac
391 2038 520 2099 Pompeium
534 2040 605 2099 coepit
620 2051 643 2088 ut
658 2039 721 2098 legati
736 2039 774 2099 qui
790 2040 817 2088 de
831 2053 883 2097 pace

99 2126 187 2172 agerent
201 2113 229 2161 ad
244 2112 358 2181 Caesarem
370 2113 513 2162 mitterentur.
526 2111 604 2172 Neque
616 2131 666 2161 vero
678 2132 740 2173 aures
751 2125 799 2161 tum
811 2112 883 2161 minus

100 2208 167 2246 quam
181 2186 258 2235 soleret
273 2187 361 2235 obtusas
374 2207 399 2236 ac
412 2187 487 2236 surdas
501 2187 590 2236 invenit.
606 2186 690 2235 ltaliam
703 2206 754 2235 vero
768 2185 883 2245 Pompeius

99 2260 129 2309 ita
140 2259 250 2309 distribuit
261 2272 285 2307 ut
296 2259 459 2316 gubernandam
470 2258 673 2316 defendendamque
684 2258 725 2307 sibi
737 2279 803 2316 quam
814 2257 883 2315 regio·
931 2300 933 2304 .

101 2354 152 2381 nem
167 2330 239 2380 mallet
254 2332 384 2390 optimatum
398 2330 491 2390 quisque
503 2330 613 2390 deligeret.
630 2330 678 2389 lpse
690 2342 765 2379 autem
778 2330 832 2379 urbe
845 2350 884 2389 per

61 2406 89 2453 30
100 2418 186 2454 noctem
200 2424 298 2463 egressus
313 2404 412 2464 Capuam
424 2404 494 2452 tendit
507 2404 597 2453 dimisso
610 2404 681 2452 edicto
691 2416 715 2451 ut
724 2403 761 2463 qui
770 2423 817 2451 rem
827 2402 884 2462 pub·

101 2478 165 2526 licam
179 2489 275 2524 amarent
284 2497 375 2535 eamque
384 2476 474 2524 liberam
482 2490 503 2524 et
513 2477 593 2525 salvam
606 2476 692 2530 vellent,
708 2477 729 2523 bi
743 2487 884 2533 sequerentur

101 2550 181 2608 ipsum;
193 2549 234 2607 ,qui
246 2562 319 2597 autem
331 2562 472 2604 remanerent,
485 2569 507 2597 se
519 2549 566 2597 illos
578 2550 601 2597 in
613 2548 709 2613 hostium
720 2566 811 2596 numero
823 2547 883 2595 habi·

100 2635 182 2673 turum.
197 2620 274 2671 Cicero
285 2622 357 2680 igitur,
369 2642 502 2681 quamquam
513 2622 536 2672 id
547 2622 587 2672 sibi
607 2621 738 2680 permaxime
754 2620 884 2679 displiceret,

100 2706 172 2744 tamen
183 2715 210 2743 ne
220 2695 355 2754 Pompeium,
364 2696 443 2745 ducem
450 2695 479 2744 ad
487 2694 647 2744 defendendam
657 2714 702 2743 rem
712 2693 822 2753 publicam
831 2714 886 2742 con-

60 2765 87 2812 35
103 2767 210 2836 stitutum,
219 2787 247 2815 ne
255 2768 376 2826 optimates,
385 2786 419 2823 ne,
428 2787 495 2825 quam
503 2785 568 2825 supra
576 2765 648 2820 omnia
656 2785 727 2814 caram
735 2766 830 2823 baberet,
839 2785 885 2815 rem

114 2952 133 2997 7.
147 2952 177 2998 Ex
188 2951 252 2995 Penus
262 2969 311 2996 corr.
369 2951 398 2996 l6.
408 2949 507 3004 Nempe...
517 2961 570 2994 tanta
577 2956 590 2995 ι’.
599 2969 614 2994 r.
670 2947 702 2994 27.
710 2968 735 3005 *ac
744 2956 757 2995 i.
768 2966 790 3001 r.;
800 2957 842 2995 erat
852 2953 885 2995 etl
