2093 3253
132 167 161 213 >56
434 182 527 213 srccours
542 182 660 214 romurour

178 297 352 356 quingentesimo
366 316 391 345 ac
405 296 566 346 undevicesimo
577 309 626 356 post
636 295 713 345 urbem
724 296 834 347 conditam
844 318 901 347 anno
911 296 935 348 lu
1017 348 1027 359 „

178 372 270 420 Litteras
285 370 368 420 Nevius
387 370 462 418 habuit
480 369 566 419 multas.
581 370 625 418 Sed
643 369 691 418 illos
709 391 749 419 suo
767 390 806 429 pro
824 371 911 429 ingenio
928 393 940 421 e

178 439 335 501 secutus'quos
354 443 496 490 maledicendi
515 443 601 491 licentia
619 462 757 500 summopere
777 443 896 493 delectavit.
912 443 934 492 H

117 512 119 516 ¹
178 518 236 565 enim
251 517 314 564 licere
329 515 370 563 sibi
386 515 520 564 Graecorum
534 528 647 575 poetarum
665 536 676 564 e
694 534 753 565 more
771 517 862 575 putavit,
880 516 934 566 oblit

151 591 163 638 5
180 591 236 638 viros
251 609 325 647 graves
339 600 361 635 et
375 589 481 646 sapientes
496 588 565 637 solere
579 588 694 637 abhorrere
708 589 867 638 maledicentias
882 591 906 638 ac
921 610 936 638 n
1013 600 1033 634 1⁶

178 680 266 710 monere
280 661 374 710 bominis
390 681 433 708 non
448 661 500 708 boni
515 681 561 708 esse
575 661 630 709 male
645 661 672 709 de
686 682 797 719 quoquam
811 661 878 719 loqui,
892 675 961 710 terne·

178 735 227 781 rarii
241 746 315 782 autem
329 744 394 789 atque
406 733 465 780 stulti
478 753 524 780 esse
535 732 628 780 scribere
639 733 662 780 in
674 753 711 780 eos
723 734 760 791 qui
766 733 900 792 proscribere
906 754 961 793 quos

177 808 244 856 velint
258 807 349 865 possint.
364 804 431 855 Nulla
448 805 538 865 quidem
555 805 664 855 lacessitus
681 806 759 855 iniuria
776 806 888 856 mordebat
899 827 962 866 saepe

177 881 261 929 nobiles
276 879 367 929 Nevius.
382 879 473 937 Saepius
481 879 582 928 Metellos
590 879 707 936 pungebat.
723 879 787 927 Cives
795 880 816 927 bi
824 892 872 927 tum
879 880 961 929 Romae

139 953 165 1001 10
180 951 230 999 clari
245 972 270 1000 ac
285 951 396 1000 metuendi
411 971 461 999 cum
476 952 554 1010 opibus
573 964 621 1000 tum
640 952 751 999 nobilitate
770 972 795 999 ac
813 952 878 1000 rebus
897 954 962 1010 gestis

177 1037 245 1073 erant.
261 1024 310 1072 Hoc
322 1026 346 1072 in
359 1043 395 1072 eos
409 1024 493 1072 dictum
505 1023 533 1072 ab
546 1044 572 1072 eo
585 1023 653 1073 lacete
666 1024 705 1073 sed
717 1024 872 1073 contumeliose
885 1024 960 1075 lertur:

178 1098 249 1146 «Fato
266 1097 350 1146 Metelli
367 1097 448 1146 Rornae
464 1097 520 1146 liunt
535 1098 641 1146 consules.
651 1114 660 1138 t
677 1098 745 1146 Iratus
761 1116 812 1146 vero
827 1098 856 1145 ob
871 1098 895 1146 id
911 1098 961 1147 Me·

177 1172 248 1225 tellus,
264 1171 449 1230 qui-designatus
463 1183 511 1218 tum
526 1169 581 1217 lorte
604 1171 679 1218 consul
703 1182 765 1225 esset,
789 1171 818 1218 ita
842 1171 961 1229 respondit:

178 1243 286 1292 «Dabunt
301 1243 383 1291 malum
398 1241 482 1290 Metelli
506 1240 578 1291 Nevio
600 1254 703 1300 poetae.»
717 1241 797 1291 Versus
820 1255 916 1301 preterea
940 1256 961 1291 et

139 1317 164 1365 15
180 1316 263 1364 fabulas
278 1315 400 1374 complures
418 1315 441 1362 in
460 1314 542 1363 nobiles
561 1334 585 1363 ac
603 1315 716 1374 presertim
734 1315 757 1364 in
776 1314 877 1365 Metellos
896 1316 961 1365 male·

179 1389 278 1438 dicentiis
293 1401 315 1437 et
325 1387 410 1447 probris
421 1388 497 1446 plenos
507 1387 566 1437 lecit.
581 1388 644 1436 Hanc
656 1387 684 1435 ob
695 1408 748 1443 rem,
760 1409 815 1446 quae
826 1389 895 1447 turpis
906 1402 962 1438 esset

179 1462 360 1519 vehementerque
378 1459 474 1509 Metellis
491 1478 516 1508 ac
533 1459 643 1508 nobilibus
661 1459 791 1518 displiceret,
809 1479 873 1519 saepe
890 1478 962 1521 repre·

179 1534 258 1584 bensus
273 1533 313 1583 est.
328 1533 373 1583 Sed
390 1553 441 1582 curn
458 1533 554 1591 linguam
571 1553 642 1592 neque
660 1534 724 1581 minis
742 1553 782 1581 nec
799 1533 899 1592 precibus
924 1555 961 1582 co·

179 1607 282 1663 herceret‚
297 1608 377 1667 ipsum,
393 1606 430 1665 qui
440 1606 567 1666 capitalibus
578 1619 696 1665 praeerant,
706 1607 813 1655 triumviri
822 1607 845 1655 in
855 1625 962 1656 carcerem

137 1679 166 1726 20
181 1679 319 1726 coniecerunt
334 1696 374 1725 nec
388 1689 438 1724 ante
454 1677 582 1724 dimiserunt
598 1696 664 1736 quam
679 1676 765 1735 probra,
781 1675 871 1731 fabulas,
888 1695 961 1726 versus

179 1770 233 1809 quos
248 1751 271 1799 in
286 1750 369 1799 nobiles
384 1768 409 1797 ac
425 1748 527 1797 Metellos
543 1749 639 1798 ediderat
654 1769 730 1797 omnes
745 1750 831 1809 penitus
847 1752 961 1803 revocavit.
1028 1745 1047 1808 ⁴

180 1823 241 1872 Duas
255 1837 309 1872 tunc
322 1824 346 1871 in
361 1839 444 1871 carcere
461 1822 591 1877 comoedias,
609 1822 688 1880 quibus
698 1822 818 1884 ‚maledicta
835 1825 907 1872 omnia
924 1845 961 1872 ex·

179 1908 287 1954 purgaret,
302 1894 361 1944 lecit.
377 1894 468 1943 Carcere
483 1895 556 1952 ipsum
571 1907 697 1942 exemerunt
711 1895 793 1942 tribuni
809 1895 885 1954 plebis,
902 1897 962 1955 quod

180 1968 231 2016 hinc
245 1967 373 2016 emendatus
387 1967 441 2026 ipse,
456 1966 508 2015 inde
526 1966 675 2015 reconciliatus
693 1966 780 2016 illorum
798 1968 883 2017 animus
902 1968 962 2017 vide·

137 2041 165 2090 25
182 2054 247 2089 retur.
265 2040 313 2100 lpse
327 2052 401 2089 autem
415 2060 438 2088 se
458 2039 577 2088 maledictis
597 2039 765 2098 haudquaquam
785 2041 896 2097 abstinuit,
916 2041 962 2098 sed,
989 2090 991 2093 ,

180 2115 241 2173 quasi
257 2114 286 2163 ob
300 2132 408 2163 carcerem
422 2112 532 2162 lacessitus
547 2134 571 2162 ac
586 2113 642 2162 iuste
656 2113 684 2162 ad
699 2114 816 2163 vindictam
831 2128 910 2170 motus,
925 2135 962 2165 ve·

179 2201 248 2236 terem
262 2188 291 2236 ad
302 2187 482 2236 consuetudinem
493 2187 564 2235 rediit.
579 2186 639 2234 Tum
651 2187 740 2245 quidem
751 2186 844 2235 factione
855 2187 962 2236 nobilium

179 2259 234 2308 urbe
247 2259 324 2319 pulsus
338 2258 421 2309 traiecit
430 2258 453 2307 in
462 2257 560 2307 Africam
569 2271 634 2316 atque
644 2258 721 2316 perdiu
730 2279 796 2317 vagus
806 2259 865 2307 diem
873 2260 963 2308 tandem

181 2332 258 2382 Uticae
272 2331 333 2382 obiit.
349 2331 426 2390 Lapidi
448 2351 500 2380 vero
521 2331 684 2380 inscribendum
706 2332 747 2380 boc
769 2333 810 2380 sibi
832 2334 963 2391 epigramma
1040 2331 1046 2368 {⁴

137 2406 167 2455 30
182 2405 240 2455 lecit:
255 2422 264 2447 r<
274 2403 409 2455 Immortales
423 2403 523 2453 mortales
537 2404 555 2452 si
568 2403 624 2454 foret
637 2403 677 2460 las,
691 2404 767 2454 flerent
780 2405 842 2455 divae
856 2406 964 2455 Camenae

180 2478 276 2527 Nevium
290 2491 403 2537 poetam.»
1042 2478 1043 2482 ’

177 2662 202 2700 12.
214 2662 264 2707 Apud
283 2662 309 2700 Ps.
320 2663 380 2700 Ascon.
399 2661 445 2700 Verr.
465 2660 478 2698 l.
497 2660 519 2699 29
538 2661 563 2706 (p.
584 2661 616 2700 tto
633 2660 678 2706 On).
729 2660 755 2700 14,
775 2659 818 2699 lbid.
867 2661 895 2699 30.
913 2661 964 2706 Apud
1038 2668 1046 2712 'J

137 2722 279 2759 6ε11.1.24,2.
565 2752 567 2755 f
1042 2727 1044 2732 '

177 2887 196 2931 2.
211 2888 265 2942 (sulo
278 2904 315 2941 pro
329 2892 343 2933 ἱ.
356 2905 373 2932 r.
436 2885 467 2931 18,
480 2895 510 2931 est
525 2891 538 2930 i.
552 2903 575 2936 r.;
597 2884 639 2931 Sed
651 2904 699 2931 cum
712 2891 725 2931 τ’.
739 2904 765 2931 m.
780 2884 826 2931 odd.
890 2886 914 2933 19
927 2887 962 2942 qui

137 2953 270 3008 capidalitus)
285 2960 298 2997 ὶ.
313 2971 330 2997 r.
385 2952 417 2997 28.
432 2951 524 3006 (trailecit
537 2957 551 2996 ί.
566 2970 589 3003 r.;
603 2961 646 2995 erat
659 2952 748 3006 traijecit,
763 2961 785 2996 ut
799 2952 882 2997 videtur.
