2093 3253
267 137 396 169 scurronum
410 137 535 170 uuusmruu
548 148 562 154 -
576 136 633 169 uum
647 136 675 169 vr.
845 122 877 169 181

85 280 87 285 ’
100 256 189 306 tortasse
200 253 260 312 quod
270 254 355 301 tractari
366 272 429 310 posse
440 252 463 300 id
473 252 609 301 commodius
619 251 749 301 arbitrentur
759 252 782 299 in
793 250 883 298 decades

100 327 208 378 dividunt.
224 324 335 375 Decadem
348 337 422 374 autem
436 324 501 385 vulgo
515 325 575 386 quod
588 323 672 384 singula
687 324 762 375 decem
776 323 884 374 contineat

100 401 166 452 libros
180 398 297 458 appellant.
312 398 357 448 Sed
374 417 431 457 pars¹
442 399 512 457 operis
531 399 594 448 huius
613 398 705 447 maxima
723 419 767 447 non
785 395 883 446 habetur.

100 475 130 524 Ea
142 473 231 532 quidem
242 492 280 520 seu
291 472 381 521 lacerata
392 471 458 520 luerit
468 493 492 521 ac
503 473 572 521 deleta
583 490 678 530 prorsus,
690 484 714 520 ut
725 484 802 529 putant
813 470 883 524 multi,

75 550 87 600 5
103 569 140 596 seu
154 545 281 601 abscondita
295 566 395 604 usquam,
412 558 437 594 ut
454 559 540 604 sperant
557 545 653 604 quidam,
671 539 756 594 occulto
773 563 884 603 quoquam

55 623 57 625 ’
101 621 123 669 in
137 618 216 678 angulo
231 617 302 673 lateat,
317 618 408 667 inveniri
423 639 435 667 a
450 608 509 667 nullo
524 619 621 678 quamvis
636 618 733 667 studioso
747 638 772 666 ac
787 615 883 675 diligenti

101 705 179 753 potest.
195 691 255 739 Libri
270 692 330 740 enim
338 693 366 740 ad
374 712 453 759 novem
461 705 483 739 et
491 693 566 750 viginti
576 692 641 739 modo
650 705 745 740 nostram
754 704 884 749 patrumque

101 778 225 816 nostrarum
233 785 258 814 ac
267 763 354 823 longam
362 764 390 813 ad
399 778 491 824 aetatem
500 765 633 823 superiorem
641 777 702 813 tauto
711 782 823 813 enumero
832 784 884 812 cona

101 838 177 888 servati
192 834 383 887 extantssCaeteris
401 857 452 887 vero
465 850 486 900 et
500 850 572 887 nostra
585 850 606 886 et
624 857 679 896 quae
692 837 755 896 louge
767 836 810 886 tuit
827 849 884 885 aetas

64 914 89 961 10
103 911 200 968 superior
212 911 288 957 caruit.
303 909 417 957 Deoadum
429 910 525 968 quidem,
538 923 562 957 ut
574 909 640 957 uerbo
652 922 699 956 utar
711 909 829 963 communi,
841 922 884 956 tres

102 982 215 1032 habentur.
231 982 318 1041 Quippe
336 981 427 1031 habetur
445 982 514 1041 prima
532 981 559 1030 de
576 982 670 1031 adventu
687 973 779 1036 Aeneae,
797 981 825 1029 de
842 981 884 1030 La-

101 1056 167 1110 vinio,
180 1055 207 1104 de
218 1054 282 1111 Alba,
294 1055 322 1104 de
335 1055 437 1104 Romanis
450 1055 543 1113 regibus,
556 1055 583 1103 de
595 1054 649 1104 urbe
660 1055 754 1109 condita,
767 1055 794 1103 de
805 1074 884 1104 consu-

102 1128 158 1188 libus
173 1141 194 1176 et
202 1127 361 1186 magistratibus
369 1129 453 1183 annuis,
462 1128 489 1175 de
497 1140 559 1187 raptu
567 1129 675 1186 virginum
682 1141 704 1176 et
711 1127 807 1175 finitimis
815 1127 884 1177 bellis

103 1200 190 1249 Decade
201 1212 275 1248 autem
286 1218 383 1249 caremus
395 1200 497 1255 secunda,
510 1220 565 1259 quae
576 1200 649 1249 bella
644 1220 666 1248 m
679 1179 811 1255 Sambites,
806 1219 828 1248 m
840 1200 884 1249 Ta-

65 1275 88 1324 l5
104 1274 207 1327 rentinos,
222 1274 244 1322 in
258 1274 341 1322 Poenos
356 1274 451 1333 primum
465 1287 523 1332 gesta
542 1286 704 1334 commemorat.
718 1272 815 1334 Tertiam
834 1292 884 1322 vero

103 1347 129 1395 de
145 1347 241 1396 secundo
258 1346 315 1395 bello
331 1346 420 1402 Punico,
437 1347 497 1406 quod
513 1347 632 1396 maximum
648 1347 747 1396 omnium
763 1345 885 1397 Hannibale

103 1420 158 1467 duce
167 1418 216 1473 luit,
226 1432 248 1467 et
257 1432 363 1478 quartam,
373 1419 411 1467 sed
421 1440 465 1467 non
474 1420 586 1477 integram,
597 1420 624 1467 de
634 1418 690 1466 bello
700 1419 794 1466 Asiatico
803 1432 824 1466 et
835 1418 885 1467 Ma·

102 1492 205 1540 cedonico
221 1491 332 1541 habemus.
348 1490 451 1552 Reliquae
463 1505 543 1547 autem,
557 1513 613 1551 quae
626 1491 708 1540 bellum
721 1490 827 1541 Punicum
840 1504 883 1541 ter·

103 1565 165 1619 tium,
186 1563 317 1613 Numantiae
338 1565 430 1619 ruinam,
451 1563 551 1613 Corinthi
572 1564 687 1619 excidium,
708 1563 789 1612 bellum
809 1564 831 1612 in
849 1565 885 1613 lu·

62 1637 90 1683 20
104 1649 195 1692 gustam,
208 1636 289 1684 bellum
299 1638 322 1684 in
333 1637 476 1690 Mitridatem·
484 1636 539 1685 bella
549 1637 625 1691 civilia,
637 1636 687 1684 hinc
701 1636 766 1684 Marii
781 1649 803 1684 et
819 1636 884 1694 Sylle,
896 1691 898 1694 .

102 1708 153 1757 inde
169 1708 266 1758 Caesaris
282 1722 303 1758 et
318 1708 423 1768 Pompeii,
439 1708 595 1759 triumuiralem
610 1721 700 1769 pestem,
716 1721 781 1769 atque
797 1709 885 1772 tandem

102 1780 215 1831 Octaviani
228 1783 344 1842 imperium
356 1785 498 1839 continerent,
511 1803 620 1842 nusquam
632 1796 690 1838 sunt,
703 1796 810 1841 quantum
821 1784 884 1832 intel-

103 1852 152 1911 ligo,
167 1869 312 1904 conservatae.

144 1925 238 1976 Delendi
250 1941 324 1977 autem
335 1929 406 1988 operis
419 1929 490 1984 huius,
504 1929 570 1988 quod,
583 1942 608 1978 ut
620 1929 672 1984 dixi,
684 1942 743 1978 tanta
755 1929 884 1988 eloquentia,

63 1997 89 2046 25
104 2010 162 2048 tanta
178 2002 327 2060 rerum‘copia
342 2015 363 2051 et
379 2002 526 2061 magnitudine
542 2002 687 2061 resplenderet
701 2022 726 2052 ac
741 2003 825 2052 virtutis
841 2002 885 2052 Ro-

103 2092 177 2123 manae
189 2076 250 2123 testis
262 2088 325 2131 esset,
339 2076 442 2125 honestus
454 2089 529 2124 auctor
541 2076 673 2134 quibusdam
685 2088 718 2125 est
730 2076 788 2125 visus
801 2074 885 2135 Grego-

103 2147 146 2210 rius
158 2168 221 2206 papa.
236 2148 256 2196 Is
269 2149 359 2206 quidem
370 2161 403 2196 est
415 2148 450 2197 ille
462 2149 508 2206 ipse
520 2150 558 2207 qui
570 2148 664 2197 nominis
676 2150 722 2197 eius
735 2150 817 2206 primus
829 2169 885 2206 pon·

102 2217 155 2267 tileu
170 2219 251 2269 Romae
261 2220 310 2270 luit.
322 2220 388 2270 Hunc
398 2222 457 2270 enim
467 2220 495 2269 ad
505 2221 642 2280 perdendum
652 2222 675 2269 id
685 2242 740 2280 opus
751 2235 885 2270 commotum

63 2338 64 2341 ,
102 2304 179 2349 putant
195 2294 255 2352 quod
272 2294 336 2343 lectio
352 2295 398 2343 eius
414 2315 523 2343 summam
539 2294 568 2343 ob
584 2295 729 2353 eloquentiam
745 2295 799 2343 adeo
815 2294 884 2343 dulcis

1 2411 2 2414 ,
62 2359 89 2409 30
103 2376 168 2422 atque
180 2367 251 2414 suavis
263 2379 319 2415 esset
331 2367 391 2425 quod
402 2367 451 2425 plus
464 2368 532 2416 nimio
543 2387 568 2415 ac
580 2385 644 2425 supra
657 2368 747 2416 modum
760 2378 842 2415 mentes
854 2367 885 2415 le·

102 2438 200 2494 gentium
214 2438 331 2488 oblectaret
345 2439 476 2499 easdemque
490 2440 519 2489 ita
534 2439 642 2504 pelliceret
656 2452 721 2498 atque
736 2439 846 2489 obcecaret
861 2453 885 2490 ut

102 2512 159 2568 capti
174 2511 215 2559 hoc
230 2513 291 2571 quasi
306 2512 413 2561 lenocinio
428 2513 524 2572 quodam
539 2514 604 2561 sacris
618 2513 693 2577 litteris
708 2534 752 2562 non
766 2512 885 2563 studerent.

102 2581 169 2638 Quod
182 2586 222 2632 etsi
235 2597 323 2644 aspectu
335 2586 407 2644 primo
419 2585 498 2641 habere
510 2586 554 2635 veri
567 2579 667 2634 umbram
679 2586 788 2644 quandam
800 2606 825 2634 ac
836 2606 886 2645 spe-

102 2655 157 2705 ciem
165 2657 270 2713 videatur,
282 2657 305 2706 id
313 2670 385 2707 tamen
393 2658 527 2707 credendum
535 2678 581 2707 esse
590 2658 679 2707 minime
692 2670 769 2718 putant
781 2658 819 2718 qui
827 2658 885 2708 docti

1 2773 3 2775 ,
62 2723 89 2774 35
104 2743 154 2778 sunt
166 2732 205 2780 viri
217 2744 239 2780 et
251 2733 290 2780 ista
303 2732 330 2780 de
342 2751 364 2781 re
377 2732 436 2790 loqui
448 2752 499 2781 sane
510 2753 535 2781 ac
547 2733 679 2781 considerate
691 2732 768 2787 solent,
780 2733 840 2791 quod
852 2752 885 2781 ra-

63 2839 204 2855 'ss—.-

99 2909 119 2988 9,
133 2912 216 2968 entant)
230 2919 243 2959 i.
258 2933 274 2959 r.
288 2912 307 2959 O
322 2909 432 2960 habeantur
445 2914 471 2959 R.
