2093 3253
131 160 172 204 296
434 174 525 205 siccours
540 173 655 205 rotantem

174 288 280 346 mitigavit
290 309 341 337 eum
350 289 465 347 adegitque
475 289 521 336 iure
531 287 622 337 iurando
632 287 692 346 quod
701 286 754 335 nibil
769 286 872 344 cuiquam
886 300 960 337 contra
1031 295 1034 334 ζ

174 379 221 408 rem
235 362 345 419 publicam
360 362 480 409 assentiret.
497 360 613 408 Enimvero
629 372 653 407 ut
669 358 726 406 illius
742 359 839 406 animum
861 357 960 416 placaret,

175 431 269 480 Galliam
280 432 308 481 ad
319 453 342 496 se
353 431 447 481 delatam
457 433 591 492 provinciam
603 433 706 482 concione
717 430 821 480 advocata
832 431 959 490 repudiavit,

175 519 200 553 ut
211 506 248 560 illi,
260 527 326 565 quam
337 520 386 565 post
397 507 534 555 consulatum
545 506 624 556 habere
635 506 769 564 provinciam
779 517 874 563 cuperet,
886 505 961 555 ll‘lace-

149 580 161 626 5
177 578 242 626 donia
262 578 380 627 obveniret.

217 651 305 711 Collega
317 652 389 711 itaque
401 664 476 710 pacato
488 651 597 710 extemplo
608 650 770 710 impediendam
781 650 809 699 ad
820 650 890 710 legem
901 671 960 710 agra«

176 726 236 779 riam,
247 746 281 778 ne,
292 725 324 773 uti
334 725 445 783 parabant,
456 745 504 772 eam
514 724 595 773 ferrent
604 724 687 772 tribuni
697 723 774 782 plebis,
785 724 845 770 omni
855 744 879 771 se
889 726 961 773 studio
1038 729 1042 770 j

175 796 329 855 diligentiaque
345 798 459 845 convertit.
476 797 512 845 Ad
528 817 579 845 eum
596 797 687 854 quidem
703 795 800 843 delatum
816 809 861 844 erat
878 796 961 846 occulte

176 869 274 916 tribunos
282 868 352 927 plebis
360 886 434 926 parare
442 868 498 916 lerre
506 868 576 926 legem
583 870 695 927 agrariam,
704 887 766 926 quae,
775 868 807 916 uti
815 888 841 915 ex
849 868 961 917 annalibus
1037 922 1046 929 .

138 943 163 989 l0
178 962 202 989 ac
217 941 327 989 seniorum
349 942 452 990 memoria
473 940 709 994 evenisseconstabat,
732 959 795 997 saepe
815 959 840 988 ac
861 942 962 999 quotiens

176 1014 258 1062 mentio
270 1014 297 1062 de
316 1034 341 1061 ea
357 1012 446 1061 ferenda
458 1027 504 1062 orta
516 1027 579 1067 esset,
592 1013 614 1061 ni
627 1013 714 1061 obviam
725 1013 781 1061 itum
793 1011 876 1067 luisset,
890 1028 962 1071 presto

176 1106 265 1142 magnos
276 1087 333 1133 inter
344 1098 415 1142 patres
426 1098 448 1132 et
460 1084 547 1142 plebem
557 1084 664 1132 tumultus
676 1104 701 1131 ac
713 1084 830 1132 discordias
842 1086 962 1136 excitasset.

175 1156 286 1217 antiquus
295 1170 340 1207 erat
349 1157 384 1205 hic
402 1157 493 1206 civitatis
503 1157 592 1206 morbus
601 1165 670 1205 anuos
678 1161 729 1205 ante
738 1155 875 1215 designatum
883 1178 962 1209 consu-

176 1230 219 1279 lem
234 1230 363 1279 Ciceronem
376 1248 441 1288 supra
454 1230 535 1279 CCCC
548 1242 615 1278 ortus.
630 1230 711 1287 Legem
727 1229 787 1277 lianc
805 1231 905 1278 omnium
918 1233 961 1288 pri-

138 1306 163 1352 15
180 1325 228 1352 mus
235 1303 285 1352 tulit
295 1303 398 1352 Servilius
409 1304 504 1359 Cassius,
513 1324 571 1352 anno
580 1302 647 1351 XXII
658 1314 707 1361 post
716 1315 802 1351 exactos
811 1321 872 1362 reges
880 1305 962 1361 consul,

177 1376 237 1435 quod
252 1376 382 1426 existimaret
397 1397 493 1435 aequum
509 1397 533 1424 ac
550 1377 641 1433 dignum
658 1395 704 1424 esse
719 1375 818 1433 publicos
840 1376 885 1424 dari
902 1397 962 1435 agros

177 1448 242 1506 plebi,
258 1461 282 1497 ut
297 1467 391 1508 quorum
405 1450 485 1497 virtute
499 1468 524 1497 ac
538 1449 642 1507 sanguine
657 1449 712 1506 parti
727 1468 751 1497 ac
766 1448 865 1497 hostibus
880 1449 963 1508 dempti

177 1534 255 1576 essent,
265 1521 287 1568 hi
297 1521 344 1569 loco
353 1521 430 1579 premii
439 1522 582 1579 possiderent.
591 1520 668 1578 Exigui
677 1533 738 1569 erant
747 1520 839 1569 Romani
848 1534 901 1570 tunc
909 1522 963 1571 fines

178 1594 270 1651 imperii.
278 1595 350 1642 Aucto
358 1611 409 1641 vero
418 1593 497 1641 deinde
505 1594 596 1651 imperio
605 1593 639 1641 lex
647 1595 688 1640 ista
696 1594 776 1641 centies
785 1613 809 1641 ac
818 1612 886 1653 prope
895 1594 964 1643 milies

136 1668 164 1715 20
179 1662 283 1715 intentata
296 1666 399 1714 continuo
411 1666 538 1715 adversante
551 1678 626 1715 senatu
639 1666 744 1724 impedita
757 1686 835 1725 magno
848 1668 965 1716 certamine

177 1739 253 1794 luerat,
268 1739 328 1798 quod
341 1738 392 1787 hinc
405 1738 486 1791 laveret
499 1738 560 1797 plebs
573 1738 667 1787 tribunis
680 1739 792 1797 largitione
805 1740 899 1795 incitata,
913 1741 964 1789 inde

177 1825 255 1869 patres,
262 1824 310 1860 turn
316 1831 343 1860 ne
349 1831 387 1859 sua
393 1832 527 1871 quemquam
532 1811 668 1870 possessione
676 1812 777 1870 privaret,
783 1824 831 1860 turn
837 1832 864 1860 ne
870 1812 963 1862 libertati

178 1884 280 1939 officeret,
291 1885 351 1933 omni
361 1884 475 1932 conamine
485 1896 636 1941 repugnarent.
648 1883 736 1941 Quippe
745 1884 852 1932 acciderat
867 1904 930 1942 saepe
940 1905 965 1933 ac

178 1974 248 2012 saepe,
259 1954 355 2002 sedtum
365 1954 457 2002 maxime
467 1974 518 2003 curn
527 1974 541 2003 a
550 1953 607 2003 bello
617 1966 673 2002 esset
683 1954 744 2011 quies
754 1953 814 2009 loris,
825 1955 886 2014 quod
895 1954 964 2014 legem

137 2028 164 2076 25
181 2028 236 2075 hanc
246 2027 328 2075 tribuni
340 2026 409 2085 plebis
421 2028 482 2086 quasi
494 2027 521 2075 de
532 2028 637 2076 industria
648 2047 699 2075 cum
710 2027 780 2085 plebis
791 2028 857 2086 gratia
868 2040 916 2077 tum
927 2048 965 2087 pa-

178 2114 237 2149 trum
251 2100 302 2149 odio
318 2113 452 2149 renovarent.
591 2152 593 2155 y

221 2173 268 2221 Hos
283 2174 356 2232 itaque
369 2191 407 2230 per
421 2172 466 2220 dies
480 2171 617 2231 promulgare
631 2172 685 2220 hanc
699 2171 844 2231 pestilentiam
858 2175 896 2231 qui
910 2172 965 2222 lorte

178 2258 232 2294 tunc
247 2259 307 2295 erant
322 2245 404 2294 tribuni
420 2244 531 2303 parabant.
548 2244 631 2293 Consul
646 2257 720 2293 autem
736 2245 813 2293 Cicero
828 2245 966 2294 reconciliato

179 2318 267 2378 collega,
281 2340 309 2367 ne
322 2317 409 2373 lerrent,
424 2317 522 2366 tribunos
537 2318 642 2376 impedire
656 2319 775 2366 constituit.
789 2319 878 2373 Verum,
893 2332 917 2367 ut
931 2337 965 2365 so-

138 2393 167 2441 30
181 2391 226 2440 lent
238 2392 323 2446 medici,
335 2411 348 2439 a
359 2390 475 2439 levioribus
487 2409 549 2438 orsus
560 2391 651 2438 comiter
662 2411 687 2437 ac
698 2390 777 2438 blande
789 2392 885 2448 primum
897 2392 966 2438 tribu·

180 2483 219 2510 nos
233 2463 339 2511 allocutus
351 2474 384 2510 est
394 2461 527 2520 eosdemque
538 2462 639 2520 precibus
655 2462 750 2510 exoravit
766 2462 839 2510 multis
852 2476 883 2512 ,ut
902 2460 967 2511 simul

180 2556 231 2583 eum
244 2556 271 2583 eo
284 2554 331 2583 rem
344 2533 455 2593 publicam
468 2534 514 2593 pari
528 2535 608 2588 animo,
623 2535 734 2582 communi
748 2535 866 2591 voluntate,
880 2554 966 2584 summa

180 2608 295 2657 concordia
308 2607 460 2666 gubernarent.
474 2607 601 2666 Siquidem
614 2627 665 2655 vero
678 2608 814 2656 conscribere
827 2609 929 2666 cogitant,
942 2607 965 2654 id

180 2682 276 2739 aperiant
286 2681 327 2728 sibi
337 2679 435 2727 hortatur
444 2678 608 2739 polliceturque,
618 2680 635 2727 si
645 2698 670 2728 ea
679 2697 712 2728 res
722 2680 763 2728 sibi
772 2679 819 2729 fore
828 2700 840 2728 e
849 2698 872 2728 re
881 2678 969 2739 publica

180 2870 212 2914 25.
226 2888 273 2913 cum
286 2869 350 2923 plebis
364 2868 441 2923 glratia)
456 2874 469 2912 ἰ.
480 2887 503 2920 r.;
517 2886 540 2914 ex
554 2879 634 2921 patrum
648 2868 694 2929 odio
704 2874 770 2914 statim
780 2887 829 2914 corr.
884 2868 917 2914 33.
931 2884 968 2921 gu.

138 2937 244 2982 bernarent
258 2942 271 2981 ι’.
286 2954 309 2987 r.;
324 2944 366 2981 erat
380 2934 524 2980 administrent.
767 2934 768 2937 ’
