2093 3253
152 198 179 243 24
451 214 544 246 srccours
558 214 678 246 eousnrour

194 329 261 387 beret,
270 329 358 389 Asyrios
367 349 392 379 ac
401 330 531 380 nominatim
540 328 575 379 illa
585 350 596 378 e
606 342 669 388 geute
678 329 798 379 Chaldaeos
808 330 911 389 primum,
920 329 981 391 quod
989 328 992 331 ’
1032 337 1038 352 ‘

196 403 225 452 ad
238 403 291 468 caeli
305 416 444 464 prospectum
454 402 500 452 loca
509 403 657 462 patentissima
667 402 772 459 habitent,
778 403 892 453 stellarum
902 416 979 452 tracta·

196 467 265 524 tiones
279 496 304 524 ac
319 490 397 529 motus,
412 475 492 534 quibus
506 475 578 524 lutura
592 476 746 533 praedicerent,
757 475 898 524 observitasse
908 476 980 530 tradit,

196 548 313 606 Aegyptios
328 568 415 607 quoque
430 547 522 595 eandem
533 561 602 596 artem
612 547 768 607 longinquitate
778 561 902 607 temporum
912 567 937 597 ac
947 549 982 597 in·

168 619 366 672 5numerabilibus
381 642 436 680 pene
450 621 527 670 seculis
541 633 675 670 consecutos.
945 681 947 685 Ι

241 694 285 743 Sed
299 707 354 743 artes
364 694 414 743 istas
425 696 523 753 sequitur
534 694 647 743 medicina.
658 693 712 743 Earn
723 694 812 753 quidem
822 695 919 753 patribus
932 688 989 743 ante

198 767 319 822 dilluvium,
334 787 379 826 quo
394 779 445 814 suut
460 787 535 814 omnes
551 778 622 826 preter
637 766 686 815 Noe
701 779 723 816 et
739 767 776 826 qui
797 787 875 816 eocum
886 767 981 821 ,luerunt

197 840 220 888 in
234 859 282 889 arca
298 840 412 895 submersi,
428 841 477 887 usui
493 860 538 887 non
554 838 620 889 luisse
637 840 726 899 quidam
742 860 782 889 nec
798 854 878 898 temere
899 842 980 899 opinati

198 925 256 969 sunt,
269 913 329 976 quod
341 912 482 963 saluberrimo
494 933 520 963 ao
532 913 615 972 optimo
628 912 687 962 caelo
700 913 744 972 nati
758 912 861 963 homines
869 935 914 962 non
932 935 981 972 ege·

160 986 185 1033 l0
199 997 247 1033 rent
257 983 377 1040 medicinis,
389 982 498 1034 sed-nullo
510 986 579 1034 vexati
591 986 746 1035 morbovitam
757 998 778 1034 et
789 1006 864 1034 sanam
871 998 893 1034 et
901 986 981 1043 longis-

198 1058 275 1105 simam·
285 1070 380 1114 agerent.
392 1056 526 1105 Adiumento
540 1057 586 1105 istis
603 1056 706 1116 Iosephus
717 1058 785 1107 adest.
800 1057 909 1106 Memorat
922 1057 982 1106 enim

139 1143 141 1146 ’
199 1143 268 1190 patres
283 1129 330 1178 illos
343 1144 393 1179 aute
407 1130 522 1178 dilluvium
536 1130 614 1179 vixisse
628 1130 713 1189 perdiu,
728 1131 787 1191 quod
801 1144 823 1180 et
836 1143 892 1179 terra
906 1143 982 1189 suapte

199 1204 380 1261 naturaoptimos
393 1203 504 1251 exhiberet
516 1202 600 1251 fructus
613 1216 634 1250 et
647 1203 745 1251 homines
758 1204 789 1252 illi
802 1195 897 1261 quadarn
909 1204 982 1251 innata

122 1275 123 1278 ¹
200 1274 314 1333 prudentia
323 1275 394 1323 sobrie
403 1295 428 1322 ac
438 1274 563 1333 parcissime
573 1275 676 1324 viverent.
687 1274 794 1323 Omnium
803 1288 876 1323 autem
885 1276 982 1334 primum

162 1348 187 1399 15
202 1349 240 1408 qui
256 1347 336 1397 morbis
347 1368 394 1396 esse
404 1348 500 1397 remedia
511 1347 592 1403 docuit,
599 1368 665 1406 quem
675 1348 740 1407 paulo
747 1363 797 1398 ante
806 1349 924 1403 nominavi,
933 1350 982 1397 Noe

201 1420 269 1471 fuisse
284 1434 368 1480 putant,
385 1421 444 1480 quod
456 1441 507 1471 mox
519 1421 624 1480 temperie
635 1420 689 1470 caeli
702 1436 783 1471 mutata
794 1441 828 1470 res
839 1421 924 1471 vitiatas
936 1443 983 1471 esse

199 1494 320 1553 perciperet
334 1493 537 1553 aegrotationesque
552 1493 636 1542 futuras
652 1494 686 1542 vir
696 1494 774 1552 plenus
785 1494 847 1543 annis
858 1515 883 1543 ac
895 1494 982 1553 sapiens

201 1566 373 1616 consideratione
387 1587 427 1616 sua
443 1566 505 1624 quasi
520 1566 563 1616 alta
579 1587 591 1615 e
606 1567 694 1626 specula
710 1568 851 1623 praevideret.
862 1567 981 1617 Proinde-a

201 1639 274 1689 multis
290 1639 396 1688 creditum
411 1651 443 1688 est
458 1639 530 1698 ipsum
545 1653 595 1689 aute
610 1639 663 1689 alios
679 1639 778 1690 docuisse
793 1641 895 1689 virtutem
911 1641 983 1690 herbis

160 1714 189 1763 20
203 1727 268 1772 atque
282 1714 389 1762 radicibus
407 1713 477 1760 inesse
494 1713 604 1770 quandam
621 1732 676 1770 quae
694 1712 832 1771 depellendos
850 1712 878 1761 ad
896 1713 983 1761 morbos

201 1785 413 1846 conservandamque
431 1784 522 1834 salutem
541 1784 791 1845 hominumplurimum
805 1784 881 1836 valeat.
901 1786 983 1836 Plinius

201 1873 281 1915 autem,
294 1860 328 1909 vir'
339 1860 404 1909 etiam
416 1859 439 1907 in
453 1859 560 1908 medicina
573 1859 650 1909 doetus
664 1874 685 1909 et
698 1859 774 1915 clarus,
788 1858 853 1909 refert
865 1860 983 1919 Aegyptios

202 1933 286 1991 gloriari
301 1932 365 1980 huius
380 1932 410 1980 rei
425 1951 448 1979 se
463 1931 585 1979 inventores
600 1950 654 1986 esse:
669 1931 776 1990 quosdam
790 1944 863 1980 tarnen
877 1932 982 1988 Arabum,

203 2003 317 2063 Babylonis
330 2017 351 2054 et
362 2002 469 2063 Apollinis
481 2002 559 2059 filium,
572 2024 627 2064 quae
640 2004 721 2054 morbis
733 2017 804 2054 essent
816 1999 910 2054 remedia
922 2024 984 2064 prae*

162 2080 189 2129 25
205 2091 334 2127 monstrasse
348 2077 418 2132 malle;
431 2076 484 2125 alios
498 2077 618 2125 herbariam
632 2089 654 2125 et
667 2078 815 2126 iumentorum
828 2075 985 2142 medicamenta

162 2188 164 2190 ψ
203 2152 299 2209 primum
313 2150 362 2199 data
375 2170 421 2199 esse
435 2171 447 2198 a
462 2148 571 2215 Chyrone,
586 2149 674 2215 homine
688 2151 783 2208 quodam
794 2150 885 2207 Graeco,
896 2150 985 2199 Saturni

202 2238 224 2273 et
248 2223 349 2281 Phylonis
367 2223 419 2277 filio,
447 2222 525 2273 dicere.
542 2222 683 2281 Tranquillus
704 2241 755 2271 vero
776 2235 841 2281 atque
859 2222 983 2272 Lactantius
1020 2249 1022 2252 ·

202 2297 323 2347 auditorem
339 2295 445 2354 Chyronis
462 2294 526 2344 huius
546 2294 701 2355 Aesculapium
715 2295 782 2344 luisse
801 2295 907 2344 scribunt.
928 2294 985 2345 Sunt

203 2371 240 2429 qui
255 2369 379 2427 Apollinem
394 2381 444 2416 ante
458 2368 510 2415 alios
526 2369 621 2416 carmina
635 2369 731 2426 primum
746 2369 774 2416 ad
787 2368 883 2417 remedia
900 2368 986 2431 dedisse

162 2444 191 2491 30
204 2442 287 2497 volunt.
300 2440 453 2499 Aesculapium
470 2458 521 2488 vero
538 2452 612 2498 postea
629 2458 701 2488 rerum
718 2440 849 2498 experientia
865 2460 890 2488 ac
906 2452 986 2489 eventu

203 2535 268 2566 usum
280 2514 382 2574 primum,
400 2511 483 2561 deinde
495 2518 564 2562 artem
579 2512 691 2572 quandam
708 2511 784 2562 lesisse
802 2524 886 2573 putantt
908 2512 954 2574 Sed
967 2514 985 2562 is

204 2589 294 2638 fulmine
307 2590 361 2637 ictus
374 2588 461 2636 interiit.
474 2587 567 2635 Proinde
580 2608 646 2644 quarn
657 2588 782 2646 inceperant
794 2587 892 2635 homines
907 2586 986 2635 habere

161 2701 305 2714 *md

200 2773 227 2810 ll.
240 2773 303 2816 loseph.
314 2765 369 2818 ditia.
382 2770 418 2810 lud.
431 2770 444 2807 l.
461 2770 478 2807 2Δ
495 2770 512 2811 3:
530 2770 546 2807 3.
564 2770 580 2812 25
598 2772 615 2808 3.
632 2771 663 2811 4.,
699 2771 727 2807 21.
744 2771 785 2808 Plin.
803 2772 827 2808 N.
845 2772 869 2808 H.
888 2770 925 2807 Vll.
947 2770 986 2809 196.

164 2834 192 2872 27.
205 2833 314 2879 (Tarquitius)
326 2832 370 2877 apud
383 2832 428 2869 Laet-
441 2832 481 2870 Inst.
498 2831 510 2867 l.
527 2831 552 2869 10.
566 2831 583 2868 Ζ,
633 2832 661 2868 27.
674 2831 720 2869 Lact.
733 2833 773 2875 lnst.
787 2832 799 2868 l.
815 2831 841 2868 ll).
855 2831 871 2867 2.

157 3008 158 3011 ¹
206 2989 235 3034 10.
250 2989 281 3035 Ex
290 2989 387 3033 medicina
396 3005 446 3033 corr,
505 2989 534 3033 ll.
545 2988 765 3051 (aegrlotationesquesi.
773 2987 948 3041 amaritudines
958 2989 986 3035 H.
