2093 3253
251 204 380 234 scnnronunr
394 204 519 234 uuusnuuu
531 214 546 220 —
559 204 618 234 risun
633 204 676 234 vni.
840 189 880 233 235

65 332 67 336 ’
136 319 237 378 Denique
256 317 332 366 litteris
350 317 405 366 adeo
423 338 492 377 usque
511 317 679 365 delectatus'est
698 316 779 364 Plinius
798 318 838 365 iste
857 331 881 366 ut

94 395 158 442 etiarn
168 394 190 439 in
200 392 320 444 venatione,
332 411 375 448 qua
384 411 407 437 se
416 391 532 438 interdum·
536 410 575 448 per
585 390 783 444 ociumrecreabat,
794 405 881 439 servum

95 465 197 515 continuo
208 483 259 513 curn
268 461 402 522 pugilaribus
411 475 433 511 et
442 461 520 512 chartis
531 462 621 513 haberet·
628 482 668 512 nec
677 462 757 518 dictare
767 462 880 519 desineret,

94 553 124 594 ut,
140 539 158 586 si
169 557 249 586 canum
261 538 313 586 vitio
324 550 380 586 esset
391 550 480 595 captum
491 536 552 592 nihil,
564 538 610 596 ipse
621 550 694 586 tamen
706 536 789 596 aliquid
800 537 881 586 interea

69 618 81 667 5
97 612 230 662 elaboratum
244 612 331 670 ingenio
346 624 471 671 reportaret.
487 610 568 660 Rornae
582 610 671 660 tandem
686 611 795 660 declinans
810 612 833 659 in
848 632 881 659 se¹

96 687 157 733 nium
169 683 263 731 Traiano
275 681 404 741 imperatore
416 684 460 731 vita
472 683 588 739 defunctus
600 695 639 731 est.
824 687 826 690 ’

137 757 237 815 Utroque
250 768 324 803 autem
336 755 406 802 Plinio
418 754 507 803 inferior
521 754 588 803 lulius
601 755 689 820 Solinus
702 756 743 803 hoc
755 757 797 804 isto
809 757 832 804 in*
844 777 880 814 ge·
904 775 906 778 ’
934 758 936 766 ’

94 849 145 879 nere
158 828 294 877 describendi
308 828 366 877 orbis
379 836 476 877 versatus
488 842 528 877 est.
542 828 634 877 Librum
647 830 700 884 eius,
714 830 752 888 qui
765 829 805 878 bac
818 829 846 877 de
859 848 882 878 re

95 922 151 949 unus
166 914 224 949 extat
234 902 256 948 in
265 914 339 957 gentes
347 894 373 948 ac
380 902 501 958 provincias
510 900 647 954 distributus,
655 901 772 958 aliquando
783 902 880 958 Polysto·

60 977 85 1025 lO
96 975 159 1027 riarn,
175 972 286 1021 interdum
304 971 447 1026 Collectanea,
459 991 530 1029 saepe
550 972 576 1020 de
593 966 731 1021 Mirabilibus
749 972 829 1021 Mundi
848 974 881 1021 in·

97 1044 879 1105 scriptumnominatumqueapuddoctosacveteresscriptoresinvenio.

98 1121 173 1178 lpsum
187 1120 277 1178 quidem
291 1132 316 1167 ut
329 1119 398 1166 edidit
412 1120 515 1177 primurn,
527 1119 757 1176 Collectanea‘Rerurn
771 1119 881 1168 Memora-

96 1192 179 1247 bilium,
189 1192 327 1249 eundemque
336 1205 411 1249 postea
420 1204 559 1239 retractatum
567 1211 592 1238 ac
597 1178 737 1239 emendatunl
742 1193 883 1250 inscriptione

97 1277 178 1313 mutata
194 1264 336 1322 Polystoriam
351 1262 473 1322 appellavit.
490 1262 562 1321 Vulgo
577 1277 650 1312 autem
666 1265 683 1312 is
700 1264 754 1312 liber
771 1264 798 1312 de
814 1264 883 1313 Mira-

60 1339 83 1387 l5
99 1337 178 1385 bilibus
194 1336 275 1385 Mundi
286 1337 402 1394 inscriptus
413 1349 452 1384 est.
465 1335 515 1384 Fuit
526 1336 613 1385 Solinus
625 1331 777 1395 grammaticus
788 1338 883 1396 optimus

98 1411 203 1468 docteque
223 1429 248 1457 ac
268 1409 402 1457 considerate
420 1409 459 1456 ista
478 1409 505 1457 de
523 1428 546 1464 re
564 1410 706 1466 locutusfest.
727 1410 793 1458 Libro
810 1423 883 1458 autern

97 1483 138 1529 hoc
152 1502 197 1529 uno
211 1494 317 1529 terrarum
326 1481 412 1528 inclitos
422 1482 475 1528 situs
485 1494 506 1529 et
516 1482 554 1539 qui
563 1484 614 1529 sunt
624 1483 718 1539 insignes
727 1495 808 1530 tractus
819 1484 883 1529 maris

68 1575 70 1577 ·
97 1555 190 1603 edocuit.
205 1553 340 1602 Admiranda
356 1553 421 1601 etiarn
438 1554 589 1611 quaedam'de
606 1555 688 1604 naturis
705 1555 837 1609 animalium,
856 1556 883 1603 de

98 1628 140 1674 ritu
150 1639 171 1674 et
180 1625 256 1674 formis
267 1627 371 1683 gentium,
382 1627 409 1673 de
418 1626 531 1681 arboribus
542 1639 563 1674 et
573 1628 641 1684 gemis
651 1628 757 1684 exposuit.
775 1648 780 1656 ··
801 1647 844 1657 ’“³

58 1700 85 1748 20
141 1697 223 1748 Urbius
239 1718 327 1759 quoque
348 1697 464 1759 Sequester
484 1697 564 1749 librum
590 1698 658 1748 edidit
678 1699 701 1748 in
722 1720 766 1760 quo
787 1698 883 1756 flumina,

62 1778 63 1781 ’
97 1772 175 1827 tontes,
191 1773 256 1827 lacus,
278 1772 376 1830 paludes,
396 1786 488 1827 montes,
515 1786 596 1831 gentes,
623 1775 729 1831 regiones,
755 1774 883 1832 provincias,

98 1846 162 1892 urbes
177 1865 232 1902 quae
247 1844 340 1892 illustres
354 1846 398 1892 sint
412 1858 433 1892 et
447 1846 506 1902 apud
520 1846 554 1893 vel
568 1847 683 1903 scriptores
698 1847 836 1894 historiarum
850 1847 885 1894 vel

98 1917 274 1975 poetas-saepius
290 1917 428 1966 nominantur
444 1918 518 1975 paucis
534 1918 654 1968 litterarum
669 1940 695 1967 ex
711 1918 786 1968 ordine
802 1940 885 1968 memo·

99 1991 160 2038 ravit.

59 2062 85 2109 25
141 2062 240 2116 Adesset,
255 2063 274 2108 si
285 2062 313 2109 ad
324 2062 419 2110 Graecos
431 2063 461 2110 ire
472 2062 572 2120 placeret,
585 2065 738 2112 memorandus
750 2065 784 2112 hic
796 2064 885 2113 Ethicus

99 2134 241 2193 philosophus
253 2148 319 2193 atque
331 2136 372 2183 isto
384 2136 406 2183 in
419 2154 496 2193 genere
508 2149 584 2184 auctor
596 2138 700 2194 egregius.
714 2138 779 2186 Hunc
790 2139 886 2187 traduxit

99 2207 122 2255 in
137 2207 267 2256 Latinume
289 2207 373 2257 Graeco
395 2208 536 2258 Hieronimus
558 2209 676 2268 presbyter.
698 2210 797 2265 Adesset,
819 2231 886 2270 quern

99 2299 169 2337 nuper
185 2280 276 2328 lacobus
285 2280 388 2337 Angelus,
398 2282 430 2329 vir
440 2282 480 2329 hac
489 2283 593 2330 memoria
602 2275 674 2330 nostra
689 2284 772 2337 doctus,
787 2304 799 2331 e
814 2283 885 2331 Greeo

99 2352 122 2398 in
137 2352 241 2400 Latinum
257 2353 328 2407 vertit,
347 2352 451 2401 Claudius
468 2353 592 2402 Ptolomeus
609 2354 775 2403 Alexandrinus.
793 2356 886 2404 Cosmo-

60 2423 87 2472 30
101 2424 233 2484 graphorum
247 2425 346 2482 omniurn
357 2446 412 2485 quos
423 2426 475 2481 vidi,
486 2427 524 2486 qui
536 2427 595 2486 haud
605 2428 668 2486 pauci
679 2448 719 2477 nec
730 2428 816 2477 obscuri
827 2442 885 2483 sunt,

100 2495 162 2545 facile
174 2497 209 2544 hic
221 2498 307 2545 cumin
319 2499 469 2555 perspiciendo
481 2500 540 2547 caelo
551 2512 599 2547 tum
611 2501 634 2546 in
645 2502 799 2558 cognoscendis
811 2521 836 2549 ac
848 2502 886 2549 de-

64 2605 201 2614 ———-—.

86 2725 89 2728 ‚
111 2669 124 2704 ι.
137 2668 178 2705 run.
191 2670 221 2712 n.
235 2669 248 2708 1.
261 2669 277 2708 a.
330 2670 355 2706 n.
369 2669 420 2709 son.
432 2687 449 2715 p.
463 2671 503 2709 217.
520 2671 539 2709 rs
553 2667 652 2708 uramur
661 2673 688 2716 (ex
700 2671 737 2711 aa.
749 2673 805 2709 tenue
818 2673 886 2719 cusas).
932 2653 933 2656 ’

61 2762 202 2774 Μ..-

116 2822 131 2869 Ι.
142 2824 257 2880 Denique...
273 2825 377 2871 venatione
390 2831 404 2871 ι’.
419 2843 441 2877 r.;
456 2843 479 2872 ex
489 2825 598 2872 delectatus
608 2844 689 2882 quoque
699 2827 799 2873 interdurn
813 2838 843 2873 est
852 2847 887 2874 ve·

61 2888 139 2949 natione
151 2908 222 2935 verum
235 2890 279 2936 sine
292 2890 361 2936 litteris
375 2903 395 2936 et
408 2892 480 2936 carthis
494 2900 562 2937 statim
576 2911 625 2937 corr.
680 2895 700 2939 3.
710 2895 782 2939 chartis
792 2901 805 2939 i.
813 2913 836 2945 r.;
844 2905 887 2939 erat

62 2955 138 3001 caulis.
194 2957 212 3001 7.
229 2957 267 3002 boc
280 2963 293 3001 ι’.
309 2977 332 3009 r.;
348 2968 391 3002 erat
405 2957 450 3002 luit.
