2093 3253
121 577 231 643 Siccoms
246 577 381 648 Ponuurom
398 573 468 625 Lmen
483 574 635 627 Scnrrroxun
653 574 795 646 quusrmuu

134 663 237 717 Larinas
252 661 357 712 Lineuxu
372 661 426 711 XVI
442 659 553 715 Examen
567 677 595 709 ur
612 653 702 710 lncriur
718 652 787 709 XVll
815 661 818 666 ’

244 762 274 798 au
288 747 434 797 Potruonuu
450 733 545 809 Fruuu
554 744 676 801 Ftucuur

131 953 205 1001 Vitam
218 941 337 1007 Ciceronis,
350 951 411 1000 urbis
425 952 507 999 Romae
519 948 638 999 consularis
651 950 691 999 viri
704 951 837 1009 illustrisque
849 970 877 1002 ac,
909 970 912 974 ·

90 1024 170 1073 summi
187 1024 322 1082 eloquentiae
340 1024 429 1071 Latinae
446 1021 556 1081 principis,
574 1023 632 1076 satis,
650 1036 674 1071 ut
691 1022 827 1074 arbitramur,
844 1021 874 1069 lili

54 1117 55 1120 ¹
90 1098 121 1146 mi
142 1096 268 1147 suavissime
289 1094 401 1155 Polydore,
423 1095 531 1162 quantum
551 1095 693 1157 institutionis
714 1107 799 1144 nostrae
820 1094 875 1143 ratio

90 1170 213 1230 postulavit,
222 1167 310 1228 copiose
318 1189 343 1217 ac
351 1169 465 1227 diligenter
473 1161 783 1234 explicavimus*huperiorihus
792 1179 875 1227 septem

6 1295 8 1300 ,
64 1245 77 1292 5
92 1242 160 1306 libris.
175 1241 220 1297 Qui
229 1244 304 1289 autem
313 1241 404 1288 idoneus
415 1242 443 1288 sit
452 1260 478 1288 ac
487 1242 530 1289 isto
540 1241 619 1299 dignus
630 1237 712 1289 honore
722 1253 824 1299 sequatur
834 1240 876 1287 cir·

90 1313 241 1374 cumspicienti
266 1313 320 1364 mihi
344 1326 366 1364 et
390 1312 453 1371 plane
477 1313 580 1372 singulos
598 1312 702 1363 memoria
717 1312 836 1363 recensenti
849 1334 875 1363 ex

91 1387 193 1437 omnibus
206 1387 245 1446 qui
257 1386 309 1445 clari
321 1388 436 1446 scriptores
449 1387 535 1445 linguae
548 1387 638 1436 Latinae
650 1388 674 1435 in
686 1386 821 1435 studentium
834 1406 875 1434 usu

92 1472 113 1509 et
127 1458 250 1517 cognitione
267 1458 374 1508 habentur
391 1471 412 1507 et
429 1458 491 1508 nobis
508 1454 599 1508 ueniunt
616 1451 750 1507 memorandi
768 1458 826 1507 visus
843 1469 880 1508 est

91 1531 173 1580 Seneca
185 1525 279 1579 Stoicus.
294 1529 404 1589 Tempore
416 1530 506 1589 quidem
517 1531 571 1579 adeo
583 1549 662 1589 parum
673 1530 775 1579 disiuncti
787 1529 876 1578 luerunt
940 1566 942 1568 -

52 1606 79 1654 10
93 1603 154 1663 quod
166 1602 233 1657 senio,
247 1602 357 1660 dignitate,
371 1604 459 1651 nomine
471 1602 561 1651 florente
573 1603 640 1652 altero
652 1621 707 1662 puer
718 1602 772 1651 alter
784 1602 825 1651 sub
838 1622 877 1660 pe-

50 1673 63 1686 r
92 1673 176 1734 dagogo
193 1687 255 1725 esset.
273 1674 302 1723 Se
319 1694 406 1734 nanque
423 1675 519 1734 potuisse
536 1675 665 1724 Ciceronem
682 1675 762 1729 videre,
780 1668 803 1723 ni
820 1674 876 1723 bella

91 1747 162 1797 civilia
180 1746 305 1804 vetuissent,
324 1748 371 1806 ipse
389 1762 494 1798 memorat
512 1748 648 1807 Senecasln
666 1748 744 1798 studiis
762 1767 814 1798 vero
832 1747 877 1797 elo-

60 1846 62 1848 ·
92 1820 181 1882 quentia
189 1821 232 1876 ille,
240 1821 377 1879 philosophia
387 1822 427 1870 iste
437 1830 527 1871 cunctos
538 1822 645 1871 excelluit.
654 1822 754 1881 Uterque
763 1834 837 1870 autem
846 1822 878 1869 ita

64 1923 67 1929 ν
83 1893 197 1943 ,laboravit
211 1907 305 1951 utroque
318 1893 341 1940 in
355 1911 440 1951 genere,
455 1893 485 1941 ita
499 1893 597 1942 studium
611 1906 729 1952 utrumque
743 1905 830 1942 secutus
845 1906 878 1940 est

54 1967 160 2026 ltaque
172 1964 297 2025 complexus
309 1966 370 2025 quod
381 1979 402 2014 et
413 1965 441 2014 ah
453 1964 490 2014 illo
502 1964 639 2025 philosophia
650 1967 678 2016 sit
690 1967 821 2015 ornamentis
833 1965 881 2014 elo«¹

94 2040 195 2098 quentiae
212 2039 316 2103 illustrata
333 2052 355 2086 et
371 2038 399 2087 ab
417 2039 459 2087 isto
476 2038 599 2098 eloquentia
616 2040 645 2087 ob
663 2040 789 2098 gravitatem
806 2038 877 2097 philo-

94 2111 182 2170 sophiae
200 2109 296 2169 neglecta
313 2110 402 2158 minime
419 2110 524 2158 videatur.
542 2109 604 2159 Errat
621 2111 680 2160 enim
697 2131 722 2158 ac
738 2110 877 2159 vehementer

63 2202 65 2206 ⁴
94 2196 150 2232 errat
166 2183 204 2243 qui
219 2194 257 2232 aut
268 2195 379 2232 oratorem
395 2182 441 2231 sine
456 2182 593 2242 philosophia
608 2197 645 2232 aut
661 2183 817 2244 philosophum
832 2183 879 2232 sine

94 2258 217 2317 eloquentia
238 2275 287 2307 vere
307 2256 462 2315 appellandum
483 2277 529 2306 esse
550 2254 685 2316 quemquam
705 2270 774 2316 putat.
796 2258 879 2306 Romae

52 2332 82 2381 20
95 2344 169 2381 autem
180 2330 283 2380 habitavit
293 2342 385 2390 uterque
395 2342 460 2389 atque
470 2329 506 2379 illa
516 2331 539 2379 in
550 2331 604 2380 urbe
614 2331 718 2381 habitavit
728 2351 784 2390 quae
794 2331 879 2389 imperii

95 2405 175 2454 summi
196 2404 331 2453 domicilium
351 2424 376 2452 ac
396 2404 490 2454 universi
511 2422 579 2464 prope
600 2404 658 2453 orbis
680 2404 811 2454 dominatrix
825 2417 879 2453 erat.

95 2477 168 2527 Tanto
185 2478 208 2526 in
225 2477 300 2536 gradu,
318 2477 452 2532 exaltatione,
469 2478 596 2527 auctoritate
613 2477 654 2526 luit
672 2479 738 2536 quod,
745 2497 879 2537 quamquam
896 2506 897 2509 =

95 2551 186 2608 patricio
199 2550 288 2599 minime
301 2565 379 2609 genere
391 2563 454 2599 natus
467 2551 506 2599 sed
519 2571 588 2600 novus
602 2551 667 2599 homo
686 2564 749 2606 esset,
767 2551 880 2608 propriam

55 2652 232 2662 ἡκ...

93 2706 119 2744 12.
131 2707 170 2745 Seu.
183 2707 258 2746 controv.
271 2707 284 2749 Ι,
296 2707 348 2745 Praei.
365 2708 391 2745 ll.
404 2753 405 2756 Ἴ

57 2799 199 2809 --.-

95 2846 115 2904 3.
129 2846 261 2891 suavissimae.
316 2844 336 2891 5.
351 2845 423 2902 dignus
438 2848 513 2893 honore
531 2847 569 2892 isto
587 2846 611 2893 F.
666 2848 685 2894 8.
704 2859 723 2892 et
743 2846 797 2901 (unte
810 2848 880 2902 nohis)

54 2910 73 2956 O
87 2914 148 2966 quive
161 2913 185 2959 F.
239 2913 272 2958 20.
287 2914 382 2983 habitavit
396 2914 447 2969 (post
460 2915 575 2971 urbetsscr.
588 2914 608 2960 O
622 2933 660 2960 om.
675 2914 718 2961 FV.
