2093 3253
229 170 359 204 scxrrroxuu
374 169 498 217 rarusrxrun
511 179 525 186 -
539 168 597 200 iram
611 167 661 199 xvu.
696 198 698 200 ,
821 150 872 198 463

64 285 216 336 :Franciscum
233 284 360 339 Barbarum,
377 283 493 343 patricium
510 283 573 347 illum
590 282 705 336 Venetum,
723 281 760 343 qui
778 289 864 339 praetor

76 378 135 408 nunc
144 378 170 407 ac
180 358 281 418 praesidii
291 356 417 418 praelectus
424 358 558 416 Bergomum
568 356 659 412 obtinet,
670 356 693 404 in
704 356 781 404 litteris
791 366 864 403 autern

77 444 98 479 et
111 431 188 479 studiis
200 430 335 488 eloquentiae
347 430 402 477 adeo
414 442 446 478 est
466 430 542 478 doctus
555 442 576 477 et
588 428 657 476 lacilis
669 428 697 475 ad
709 427 829 475 dicendum
840 439 865 473 ut

78 523 117 552 sua
125 523 177 552 cum
185 503 233 561 lego
243 503 296 551 mihi
306 521 374 566 prope
383 502 512 552 Ciceronem
521 504 595 562 ipsum
604 501 674 561 legere
683 501 763 550 videar.
773 499 865 557 Scripsit

51 579 64 627 5
80 576 139 625 enim
147 577 190 625 iam
196 566 320 634 complura,
326 576 365 624 sed
373 576 395 624 in
403 575 505 625 Aristidis
513 576 564 628 vita,
574 594 640 633 quam
649 573 734 623 Graeco
742 594 754 622 e
762 572 866 631 scriptore

79 648 195 698 Plutarcho
202 649 225 697 in
233 648 337 697 Latinum
344 647 463 698 luculenter
471 662 492 697 et
500 660 575 697 ornate
581 646 685 702 traduxit,
694 646 735 695 hoc
743 645 866 695 memoriter

80 723 164 771 dictum
182 723 321 780 impresentia
340 722 403 770 nohis
421 722 449 771 ad
468 722 606 782 propositum
624 720 691 770 venit.
711 720 788 769 Tradit
807 719 866 768 enim

80 794 211 847 Damonem,
226 793 313 841 Periclis
327 807 496 852 praeceptorem,
511 795 534 842 in
548 793 637 841 exilium
651 792 739 852 pulsum
753 813 806 847 esse,
821 814 865 840 non
880 791 882 795 ’

80 867 171 926 quidem
183 867 273 915 crimine
286 867 331 916 ullo
342 887 391 922 suo,
406 887 450 916 non
463 868 548 926 tyranni
562 867 583 915 vi
597 867 647 922 ulla,
661 887 705 915 non
718 867 802 925 privato
815 866 866 915 odio

41 944 67 989 ll}
82 939 134 993 ullo,
149 960 193 987 non
208 957 231 986 re
245 939 286 987 alia
300 939 343 988 ulla
359 941 381 988 ni
397 941 458 999 quod
473 940 523 998 plus
539 959 605 999 quarn
621 952 729 998 oporteret
745 957 818 998 sapere
834 940 866 987 vi»

82 1014 175 1068 deretur,
195 1014 255 1072 quod
273 1012 335 1061 illum
354 1032 437 1061 morem
455 1012 551 1071 populus
570 1012 708 1061 Atheniensis
731 1013 826 1066 haberet,
842 1025 866 1060 ut

82 1086 181 1146 quisquis
195 1099 250 1135 esset
264 1086 302 1145 qui
315 1084 368 1134 alios
381 1085 415 1134 vel
428 1085 541 1135 nobilitate
554 1083 684 1144 generisvel
698 1085 820 1144 eloquentia
833 1084 867 1133 vel

82 1158 148 1219 gloria
159 1178 231 1209 rerum
242 1160 298 1208 bene
308 1171 417 1219 gestarum
428 1159 546 1215 excelleret,
558 1159 576 1207 is
587 1153 678 1213 ostraco,
689 1159 730 1207 hoc
741 1171 773 1207 est
783 1159 867 1207 cunctis

82 1232 196 1290 suffragiis,
212 1252 237 1280 ac
252 1252 305 1281 voce
320 1232 420 1281 omnium
435 1231 489 1280 urbe
505 1252 573 1291 quam
588 1232 684 1290 primum
699 1231 818 1280 eiiceretur.
836 1231 868 1279 lta

44 1306 69 1355 l5
85 1306 181 1354 insontes
193 1304 295 1364 permulti
306 1317 372 1364 atque
383 1305 489 1354 Aristides
500 1306 553 1364 ipse,
566 1304 626 1363 quod
638 1317 709 1363 preter
721 1304 811 1353 modum
823 1325 868 1357 esse

84 1379 153 1427 iustus
177 1378 293 1434 videretur,
318 1379 387 1436 patria
411 1378 494 1437 expulsi
509 1390 567 1427 sunt.

128 1451 187 1499 Haec
202 1451 230 1499 de
248 1450 345 1499 Graecis.
360 1450 469 1511 Equidem
487 1452 514 1500 de
532 1452 584 1510 ipsis
604 1452 655 1500 haec
674 1452 787 1506 memorari
806 1471 869 1509 posse

86 1523 191 1581 quamde
202 1522 280 1570 nostris
293 1520 386 1571 mallem.
398 1523 443 1572 Sed
453 1524 512 1582 apud
524 1523 613 1572 Latinos
625 1523 659 1572 M.
671 1523 786 1577 Antonius,
798 1534 869 1571 orator

86 1595 122 1643 ille
133 1616 200 1655 quem
211 1595 322 1644 Ciceronis
334 1596 458 1645 testimonio
470 1597 561 1646 iacimus
573 1597 627 1645 tanti
639 1610 663 1646 ut
674 1597 697 1645 in
708 1616 735 1645 eo
745 1614 823 1655 genere
834 1594 869 1645 lit-

43 1670 73 1716 20
87 1679 182 1717 terarum
192 1668 272 1728 quibus
278 1669 374 1729 Romani
385 1683 479 1718 oratores
490 1669 547 1719 illius
558 1662 673 1718 memoriae
683 1669 799 1717 utebantur
809 1686 870 1727 prae-

86 1738 202 1806 lerendum
224 1742 312 1789 caeteris
334 1741 470 1796 arbitremur,
494 1742 553 1791 haud
575 1759 651 1801 expers
673 1740 799 1789 calamitatis
821 1739 870 1789 luit.

88 1810 203 1860 Enimvero
219 1832 269 1860 cum
285 1811 343 1871 Sylla
359 1826 380 1861 et
396 1813 480 1862 llllarius
496 1813 603 1862 sceleratis
619 1815 684 1863 armis
699 1815 772 1863 omnia
787 1827 871 1872 pertur-

88 1883 171 1943 barent,
188 1883 220 1933 vir
235 1883 365 1934 clarissimus
382 1886 429 1940 iste,
445 1886 505 1945 quod
522 1886 633 1935 Marianae
648 1886 747 1936 lectionis
763 1887 871 1936 videretur

88 1976 141 2010 esse,
155 1956 271 2006 crudeliter
285 1959 369 2006 occisus
384 1972 423 2007 est.
438 1960 502 2007 Adde
516 1961 577 2018 quod
590 1961 636 2008 eius
651 1973 716 2018 caput
730 1962 826 2018 positum
840 1974 872 2008 est

45 2028 74 2075 25
89 2047 129 2084 pro
144 2029 217 2077 rostris
231 2028 272 2076 illis
287 2030 339 2087 ipsis
353 2031 375 2078 in
390 2031 469 2089 quibus
484 2045 505 2079 et
519 2044 590 2079 orator
604 2031 722 2080 multorum
736 2032 806 2090 capita
819 2031 872 2080 libe·

46 2131 188 2140 Μ

26 2233 28 2236 y
83 2186 99 2222 a.
112 2186 155 2224 nur.
168 2189 217 2226 aaa.
234 2189 247 2224 r.
261 2189 277 2225 r.
340 2179 343 2185 “

46 2276 189 2286 —-·——--

79 2328 94 2373 l.
109 2331 144 2384 qui
158 2350 212 2376 nunc
225 2333 391 2386 Borgomensium
404 2346 434 2379 est
448 2346 515 2387 pretor
529 2335 552 2386 F,
568 2354 580 2378 α
594 2335 675 2380 Siccone
689 2342 709 2380 in
724 2337 759 2391 qui
773 2346 840 2390 pretor
854 2337 874 2381 in

49 2398 146 2448 presentia
159 2417 182 2445 ac
195 2398 276 2453 presidii
290 2399 389 2454 prefectus
406 2403 530 2454 Bergomum
546 2402 623 2447 obtinet
639 2421 688 2448 corr.
701 2404 791 2458 (presidii
805 2413 823 2447 et
838 2405 875 2449 ob·

48 2464 97 2508 tinet
111 2467 171 2522 seca),
226 2465 246 2512 4.
259 2486 306 2513 eum
320 2468 413 2523 sualego
426 2468 450 2514 F.
505 2470 524 2515 5.
540 2470 633 2525 perplura
644 2471 667 2516 F.
692 2470 693 2473 ¹
723 2469 741 2517 5.
756 2468 842 2516 eGreco
852 2470 875 2516 F.
909 2480 911 2482 ’

50 2530 69 2573 7.
87 2533 146 2576 nobis
165 2532 291 2586 impresentia
309 2534 332 2579 F.
387 2537 406 2581 7.
425 2537 479 2580 enim
497 2536 516 2581 Ο
536 2555 616 2591 nanque
635 2538 657 2582 F.
712 2537 731 2582 9.
745 2556 781 2582 suo
797 2537 875 2582 saxo

49 2597 137 2643 om.FV.
191 2598 518 2647 ll.Atheniensisr'.m.add.F².
574 2602 604 2647 l2.
618 2605 653 2659 qui
667 2621 712 2655 sser.
725 2603 749 2648 F.
801 2604 831 2648 13.
845 2620 876 2648 re·

51 2679 117 2709 rum...
132 2677 161 2711 est
175 2673 188 2712 ἰ.
203 2685 219 2712 r.
234 2665 264 2718 F.;
278 2668 376 2714 cunctis...
390 2669 481 2715 omnium
495 2677 508 2715 r'.
523 2689 548 2716 m.
564 2671 634 2717 codicis
647 2671 664 2717 F
679 2671 724 2717 add.
738 2671 804 2723 Sicca
817 2669 878 2724 gloria

51 2731 159 2782 excelleret,
177 2735 194 2778 is
212 2746 295 2786 ostraco,
311 2736 340 2780 sic
358 2738 412 2781 enim
428 2736 449 2782 id
470 2737 523 2782 exilii
543 2756 604 2791 genus
626 2738 730 2792 appellant,
748 2740 799 2784 urbe
817 2759 878 2794 quam

51 2799 138 2850 primum
150 2801 244 2846 eiceretur
257 2802 301 2847 cod.
314 2801 373 2848 Bodl.
383 2804 427 2859 (vid
434 2818 455 2857 p.
464 2806 505 2860 xx).
564 2802 594 2850 l5.
608 2804 701 2859 permulti
715 2805 734 2851 O
748 2805 841 2862 plurique
854 2808 877 2853 F.

54 2862 83 2941 ld.
99 2877 165 2912 orator
180 2886 217 2914 om.
234 2868 257 2914 F.
313 2868 345 2916 23.
363 2869 439 2926 quod...
456 2888 499 2917 esse
515 2891 552 2920 om.
570 2871 585 2917 F
600 2872 657 2928 quod
669 2883 720 2919 esset
734 2874 825 2921 Mariano
838 2873 878 2922 lac·

51 2934 111 2977 tronis
126 2941 138 2979 ἰ.
153 2955 178 2981 m.
193 2936 238 2980 odd.
254 2938 286 2981 F2.
341 2936 373 2982 25.
388 2939 435 2993 ipsis
449 2957 486 2984 om.
501 2940 524 2984 F.

89 3085 113 3119 30
