2093 3253
148 198 187 246 464
445 210 541 244 sicconrs
555 210 675 243 rotantem

190 342 264 377 tamen
276 326 305 376 oh
318 318 421 378 virtutem
434 347 461 375 ac
471 325 602 385 singularem
620 324 708 384 ingenii,
721 325 829 379 scientiae.
847 325 898 375 fidei
916 344 977 386 prae·
1037 322 1047 378 1⁹³

192 403 292 451 stantiam
312 401 458 461 amplissimos
478 400 507 448 ad
528 400 620 448 honores
641 400 725 449 aditum
751 398 834 448 hahuit.
860 399 978 458 Dignitatis
1038 401 1041 447 {

192 493 279 531 nanque
289 473 407 521 senatoriae
417 492 442 520 ac
452 471 570 520 consularis
581 471 622 519 luit
633 483 725 528 uterque
734 484 800 529 atque
810 484 883 536 tantus
893 471 979 520 elloruit
1037 484 1047 507 ³

194 546 315 606 splendore,
327 546 431 604 potentia,
444 544 523 604 opibus
534 544 595 604 quod
606 544 642 592 vix
654 543 722 593 maior
734 565 780 592 esse
792 544 908 604 quisquam
919 545 942 593 in
954 567 980 594 eo

168 620 180 670 5
195 619 286 678 imperio
296 617 412 666 videretur.
425 617 456 666 lta
467 617 532 665 etiam
541 616 646 665 altissimo
656 638 668 665 e
678 617 745 674 gradu
756 618 836 666 eiectus
846 631 879 667 est
889 630 980 678 uterque
1040 649 1042 651 -

195 691 256 752 quod
269 688 314 739 lato
328 690 497 751 haudquaquam
511 689 602 739 naturali
617 690 655 738 sed
669 689 764 753 violento
777 703 843 751 atque
857 711 879 741 re
893 691 980 752 publica
1038 701 1047 758 ῥ’

196 764 307 824 profligata
317 765 376 812 diem
387 763 472 827 obierit..
482 756 599 812 Enimvero
609 763 662 812 alter
673 764 778 822 quole.
788 764 910 814 Antonium
920 787 981 815 ever-
1040 802 1047 817 s

195 850 278 885 tentem
293 855 339 884 rem
354 835 464 895 publicam
478 836 592 889 incusaret,
608 835 661 883 alter
675 835 736 894 quod
750 835 845 884 Neronis
860 837 911 886 vitia
925 837 982 887 ferre
1043 847 1045 890 Ῐ

197 931 241 960 non
255 922 335 970 posset,
347 910 413 969 impie
424 930 448 958 ac
459 910 570 958 sevissime
580 910 664 957 occisus
675 921 714 957 est.

158 987 183 1047 lO
240 984 298 1032 Cum
322 985 386 1041 igitur
410 983 453 1031 vita
477 982 578 1036 Senecae,
602 981 670 1029 Stoici
694 981 817 1041 philosophi
841 984 982 1043 eiusdemque
1043 992 1045 1012 ³

164 1116 166 1120 ‚
197 1058 273 1116 optimi
290 1069 311 1104 et
327 1056 479 1116 sapientissimi
495 1055 542 1109 viri,
559 1056 586 1102 sit
602 1055 665 1103 nobis
682 1054 819 1114 impresentia
836 1054 982 1108 memoranda,
1043 1081 1045 1084 ⁴

198 1129 256 1179 venit
268 1130 290 1184 in
303 1142 398 1177 mentem
410 1149 454 1176 non
466 1141 525 1187 grata
536 1142 594 1176 certe
606 1128 725 1176 recordatio
737 1127 844 1187 quaedam
856 1120 983 1176 miserabilis
1042 1130 1047 1180 ᾗ,

163 1193 166 1199 ’
179 1204 181 1209 ’
198 1225 223 1253 ac
236 1202 353 1252 tristissimi
366 1223 428 1251 casus
442 1203 538 1251 virorum
551 1201 697 1259 complurium
710 1202 748 1260 qui
762 1201 877 1260 scriptores
891 1199 984 1250 illustres
1043 1215 1045 1264 j

165 1269 167 1274 .
200 1267 295 1334 bonique
305 1276 344 1324 viri
353 1296 378 1324 ac
387 1275 511 1340 peritissimi
521 1276 645 1323 extiterunt.
654 1273 763 1332 Equidem
772 1274 859 1322 invenio
868 1273 984 1341 nonnullos
1044 1291 1047 1336 ζ

160 1341 190 1400 {5
201 1349 239 1407 qui
248 1348 352 1397 altissimo
362 1347 432 1396 eloco
441 1361 489 1396 tum
500 1348 592 1396 maxime
601 1347 725 1395 ceciderunt
735 1360 800 1407 atque
810 1346 858 1395 luce
867 1347 907 1395 hac
917 1347 985 1394 coacti

172 1419 173 1422 Ἴ
200 1434 238 1471 aut
250 1442 333 1470 veneno
345 1433 382 1470 aut
394 1421 465 1479 gladio
477 1421 616 1480 emigrarunt,
629 1441 680 1470 curn
693 1420 823 1478 singularem
835 1420 864 1469 oh
876 1420 984 1475 virtutem,
1045 1469 1046 1472 ,

202 1495 336 1554 sapientiam,
356 1495 483 1552 dignitatem
502 1515 564 1543 suam
583 1494 694 1542 constituti
714 1515 738 1541 ac
758 1494 815 1542 firmi
831 1515 877 1542 esse
893 1494 915 1541 in
928 1505 985 1542 statu
1045 1491 1046 1494 ¹

200 1566 334 1626 amplissimo
351 1567 482 1615 viderentur.
500 1566 573 1615 Tanto
591 1566 649 1615 enim
666 1567 750 1624 impetu
768 1566 869 1616 sevientis
887 1566 986 1617 lortunae

202 1640 286 1700 depulsi
302 1640 392 1699 quidam
409 1660 495 1690 summo
511 1661 523 1688 e
539 1639 706 1703 lastigioatque
722 1641 765 1689 vita
781 1640 843 1689 eiecti
859 1653 910 1690 sunt
926 1642 986 1699 quod

162 1716 190 1763 20
205 1714 351 1772 nequicquam
368 1732 409 1771 ope
426 1711 517 1767 consilii,
536 1713 630 1767 rationis,
649 1713 784 1761 innocentiae
802 1713 914 1771 implorata
931 1715 986 1762 tueri

203 1806 226 1833 se
238 1805 262 1833 ac
274 1785 380 1833 sustinere
392 1806 419 1833 ne
432 1797 518 1834 ruerent
531 1784 620 1834 minime
632 1798 758 1844 potuerunt.
770 1786 881 1835 Socratem
893 1806 987 1845 nanque,
1044 1844 1045 1847 Ἴ

173 1922 175 1925 Ι
204 1860 312 1917 optimum
322 1857 383 1907 illum
393 1859 537 1918 amplissimae
547 1859 663 1918 sapientiae
673 1859 744 1908 virum
754 1859 892 1918 eundemque
902 1859 987 1907 moralis

172 1937 174 1941 ⁴
203 1932 259 1980 vitae
273 1944 391 1989 parentem,
406 1932 514 1980 insaniens
527 1931 666 1981 Atheniensis
680 1932 774 1992 populus
788 1953 872 1981 veneno
886 1932 936 1980 dato
950 1953 988 1980 ne·
1044 1943 1046 1945 ’

205 2005 268 2052 cavit.
283 2003 331 2051 Nec
347 2004 415 2052 multo
431 2018 480 2062 post
496 2019 647 2054 conterraneus
663 2027 715 2054 suus
732 2006 901 2058 Demosthenes,
914 2005 952 2063 qui
968 2000 992 2053 et¹¹
1045 2048 1047 2051 .

163 2069 191 2125 25
206 2076 298 2134 patriam
312 2076 410 2124 maximis
424 2076 525 2134 periculis
540 2078 637 2127 liberavit
651 2092 672 2126 et
687 2078 801 2127 Graeciam
815 2097 903 2126 omnem
917 2077 989 2135 splen-

205 2149 257 2197 dore
273 2146 408 2208 eloquentiae
424 2148 544 2205 illustravit,
561 2151 621 2211 quod
637 2150 718 2200 viribus
735 2150 807 2200 fractis
823 2149 935 2200 consulere
951 2170 989 2209 pa-

205 2223 258 2269 triae
271 2222 333 2269 saluti
346 2223 451 2280 nequiret,
465 2225 487 2270 in
501 2224 622 2272 Calabriam
635 2225 711 2282 effugit
723 2237 794 2283 atque,
808 2246 835 2272 ne
848 2224 990 2272 retraheretur

206 2295 234 2342 ad
255 2293 393 2352 supplicium,
416 2295 492 2343 hausto
513 2316 596 2344 veneno
617 2297 673 2344 inter
694 2317 770 2345 manus
791 2296 899 2344 satelitum
919 2295 989 2354 periit.

206 2366 360 2416 Archimedem
368 2387 419 2416 vero
428 2368 496 2427 captis
505 2372 543 2427 per
552 2369 698 2428 proditionem
707 2370 825 2428 Syracusis,
835 2390 902 2428 quam
910 2369 991 2427 regiam

164 2441 192 2490 30
207 2454 228 2489 et
242 2439 397 2498 amplissimam
411 2440 496 2490 Siciliae
509 2442 618 2491 civitatem
631 2457 706 2491 contra
720 2445 764 2491 vim
779 2443 884 2497 Marcelli,
899 2443 991 2490 Romani

90 2519 92 2521 ’
144 2543 145 2546 =
209 2514 277 2569 ducis,
291 2513 368 2572 perdiu
382 2514 444 2563 novis
458 2516 562 2564 machinis
577 2515 703 2570 defensavit,
717 2537 768 2566 cum
783 2516 887 2565 hostiliter
900 2516 991 2565 victores

208 2586 280 2634 omnia
297 2586 376 2643 gladio,
393 2588 450 2644 igne,
468 2588 548 2645 rapinis
566 2601 692 2642 everterent,
710 2591 757 2647 ipse
774 2603 847 2638 autem
864 2589 992 2646 intrepidus,

191 2666 193 2669 '
207 2658 238 2706 uti
254 2657 319 2706 rebus
334 2658 413 2717 quietis
428 2679 452 2707 ac
468 2658 534 2708 libera
549 2660 634 2709 civitate
650 2661 739 2716 solebat,
760 2663 782 2711 in
803 2661 914 2721 pulverem
929 2681 993 2711 suum

210 2731 339 2781 diametrum
357 2731 486 2791 obsignaret,
504 2733 638 2784 discurrente
655 2757 667 2784 a
685 2734 753 2785 milite
770 2736 892 2795 incognitus
910 2735 993 2785 occisus

166 2805 194 2854 35
210 2816 249 2852 est.
264 2803 343 2862 Neque
359 2804 413 2852 illud
428 2806 469 2853 hoc
485 2808 641 2863 pretermittam
656 2808 704 2855 loco
719 2809 779 2866 quod
795 2828 864 2867 nuper
878 2808 920 2866 legi
935 2808 994 2867 apud

169 2922 308 2929 —...-.-..-.-

168 3034 171 3039 ¹
211 2989 240 3032 ll.
254 2997 274 3031 et
287 2986 306 3031 Ο
320 3006 343 3032 ac
357 2988 380 3032 F.
436 2988 468 3033 26.
482 2989 539 3034 saluti
553 2992 615 3044 patrie
629 2991 652 3037 F.
707 2994 740 3039 33.
753 3012 800 3038 suos
814 2994 919 3055 diametros
933 2994 956 3041 F.
