2093 3253
254 189 383 222 scurronum
398 189 521 222 ILLUSTRIUM
535 200 549 206 ·
562 188 621 220 LIBER
634 187 662 218 xl.
833 173 874 219 3l5
905 215 906 218 ,

72 306 75 313 ’
86 307 157 357 dicere
169 304 236 354 libere
247 322 272 354 ae
283 305 330 354 sine
342 316 402 354 metu
413 303 484 372 iussus
497 304 593 362 primum
605 302 681 353 eadem
692 295 805 361 fere'qua'e
817 301 874 351 dicta

86 380 146 440 prius
162 377 352 427 deconiuratione
367 389 388 425 et
403 377 519 425 coniuratis
534 388 594 426 erant
609 397 621 425 a
636 375 711 434 legatis
726 389 747 424 et
762 374 875 427 Vulturcio

52 456 58 481 s
87 450 200 500 enarravit.
213 450 300 498 Deinde
312 449 418 498 nuncium
429 468 452 496 se
464 448 518 496 dixit
529 468 542 496 a
554 449 588 497 M.
600 447 679 497 Crasso
691 447 783 495 missum
794 447 822 495 ad
833 447 875 496 Ca-

87 522 178 584 tilinam,
193 535 217 570 ut
231 521 380 569 exhortaretur
393 540 421 575 ne
434 520 507 578 ipsum
521 520 628 569 Lentulus
641 533 663 567 et
677 519 734 577 capti
748 520 826 567 caeteri
837 521 875 569 de-

62 598 74 648 5
89 606 194 645 terrerent
208 594 247 643 sed
260 595 334 644 venire
348 593 376 642 ad
390 592 474 648 urbem,
490 593 507 641 si
522 615 558 642 eos
573 614 598 641 ac
612 592 706 652 reliquos
721 592 790 642 salvos
804 592 875 650 vellet,

88 688 154 728 quam
170 666 281 716 celerrime
297 680 372 726 parato
387 687 438 715 cum
454 667 548 717 exercitu
564 679 696 725 properaret.
713 665 773 715 Turn
789 680 876 725 patrum

89 739 179 801 quidam
194 761 245 788 mox
258 739 320 789 illum
334 738 420 788 mentiri
434 739 542 792 dixerunt;
556 739 630 798 aliqui,
644 739 684 787 etsi
698 757 774 787 verum
788 740 874 795 diceret,

50 841 51 844 ¹
88 828 161 863 tamen
176 812 282 862 illustrem
300 813 377 867 civem.
396 811 434 871 qui
453 811 539 871 opibus,
558 812 596 871 qui
615 811 703 866 honore,
723 808 760 871 qui
779 814 875 871 potentia

89 886 220 948 perfloreret‚
238 909 282 936 non
300 886 452 945 exagitandum
469 886 607 945 impresentia
624 898 762 944 putaverunt.
774 886 876 946 Denique

51 963 76 1010 10
92 959 197 1008 Cicerone
213 959 302 1007 consule
318 957 424 1007 referente
441 971 527 1006 senatus
544 956 646 1015 frequens
657 957 752 1006 decrevit
762 955 829 1006 fidem
846 953 876 1006 illi

89 1052 133 1081 non
148 1031 295 1080 adhibendam
308 1031 347 1080 sed
359 1030 514 1080 asservandum
527 1031 549 1078 in
562 1029 638 1079 vinclis
652 1030 724 1088 quoad
737 1030 801 1079 rebus
815 1031 876 1089 quie-

65 1106 66 1109 *
89 1103 181 1153 tioribus
190 1104 368 1167 investigariquo
376 1116 464 1152 auctore
473 1102 554 1151 diceret
563 1103 604 1151 ista
613 1116 693 1162 posset.
704 1102 877 1152 Machinatorem

90 1197 140 1225 esse
147 1177 177 1224 rei
189 1176 700 1241 huius·quidam-1P›.›-Antonium„qutest2supra
708 1176 767 1235 {inter
778 1177 877 1224 coniura-

50 1273 52 1277 ·
89 1249 154 1297 tionis
170 1250 268 1297 conscios
284 1250 415 1301 nominatus,
425 1249 534 1307 'suspicati
550 1244 608 1303 sunt,
624 1248 648 1295 id
663 1268 714 1295 eum
729 1261 822 1296 tentasse
838 1251 877 1297 rati

49 1320 76 1373 ’15
92 1335 116 1372 ut
131 1342 154 1370 se
168 1342 193 1370 ac
207 1335 307 1371 caeteros
316 1323 356 1371 viri
371 1321 435 1370 huius
449 1322 545 1380 potentia
558 1334 663 1375 tueretur;
677 1320 775 1370 nonnulli
790 1320 878 1371 Cicero-

91 1416 142 1444 nem
156 1394 230 1450 iuisse,
245 1408 269 1444 ut
283 1396 355 1444 virum
369 1408 481 1453 potentem
495 1394 774 1457 opprimeretqcredibilius
788 1409 878 1454 putave-

50 1494 51 1497 ¹
91 1481 150 1516 runt.
163 1468 207 1525 Qui
219 1486 271 1516 vero
283 1468 395 1516 Ciceronis
407 1467 489 1515 inimici
502 1476 562 1515 erant
573 1466 667 1526 augendi
679 1467 723 1515 odii
736 1488 800 1515 causa
811 1469 835 1516 id
846 1482 878 1516 tot

91 1541 200 1600 tantisque
216 1540 295 1590 deinde
311 1540 440 1589 coniecturis
456 1553 477 1589 et
492 1539 548 1589 fictis
560 1539 684 1589 rationibus
704 1539 838 1590 affirmarunt
854 1554 878 1590 ut

91 1613 156 1662 etiam
166 1613 188 1661 in
199 1612 271 1662 Crassi
282 1626 354 1661 mente
364 1612 444 1671 perfixa
454 1612 492 1661 diu
502 1633 526 1661 ea
536 1613 631 1671 suspicio
640 1625 767 1661 remaneret.

51 1686 79 1733 20
127 1684 182 1732 'Hos
192 1705 280 1744 quoque
289 1703 328 1743 per
337 1685 382 1732 dies
392 1683 418 1732 C.
429 1683 543 1732 Caesarem
552 1697 573 1732 et
583 1684 609 1733 L.
618 1683 706 1732 Vectius
715 1684 775 1743 apud
783 1684 879 1734 Nevium

91 1754 187 1815 Nigrum
201 1770 339 1817 quaestorem
355 1770 376 1806 et
393 1755 421 1814 Q
438 1755 522 1805 Curius
533 1757 593 1816 apud
609 1769 708 1805 senatum
724 1757 878 1806 coniurationis

88 1829 204 1879 ¹conscium
213 1850 238 1879 ac
248 1831 331 1879 socium
341 1850 388 1879 esse
398 1827 561 1879 dixeruntssSed
571 1829 683 1879 Ciceronis
692 1831 879 1879 testimonio-usus

52 1923 54 1927 ·
93 1901 172 1951 Caesar
180 1903 237 1951 dicta
246 1903 273 1952 de
281 1923 304 1952 se
312 1903 412 1962 purgavit
419 1902 491 1961 ample
499 1902 614 1962 effecitque
622 1915 647 1951 ut
655 1923 711 1961 quae
718 1903 753 1951 lex
761 1903 788 1952 de
796 1904 879 1962 premio

52 1995 53 1999 ¹
93 1974 166 2024 dando
176 1975 245 2024 Curio
254 1976 284 2024 ob
293 1994 346 2030 rem,
356 1986 381 2023 ut
390 1975 442 2029 dixi,
452 1988 503 2023 ante
511 1975 564 2023 alios
574 1973 703 2034 patefactam
712 1975 754 2023 lata
763 1988 808 2023 erat
817 1976 879 2024 abro-

51 2047 78 2096 25
94 2060 180 2106 garetur
194 2065 290 2106 prorsus,
305 2046 393 2096 Vectius
407 2059 480 2095 autem
494 2043 544 2106 post
558 2046 649 2106 pignera·
660 2059 723 2105 capta
736 2047 760 2095 in
773 2041 881 2096 carcerem

53 2159 54 2164 ,
92 2119 225 2169 traderetur.=
232 2119 295 2169 Falso
304 2120 369 2169 etiarn
378 2119 487 2168 criminari
497 2118 612 2169 Caesarem
622 2131 643 2168 et
653 2118 698 2168 Gn.
708 2119 757 2168 Piso
767 2118 826 2177 etQ.
836 2119 878 2169 Ca-

52 2213 56 2235 :
92 2191 151 2240 tulus
166 2193 237 2240 conati
250 2205 308 2247 sunt,
321 2192 384 2251 quod
393 2192 504 2240 lacessitus
516 2205 608 2251 uterque
621 2193 744 2250 opprimere
756 2194 828 2251 ipsum
841 2182 881 2241 liae

72 2265 133 2318 ⁷·-via,
146 2284 197 2312 cum
209 2276 370 2322 neuter-posset
382 2264 551 2318 alia,;niteretur.
560 2264 676 2313 Enimvero
687 2265 787 2312 Pisonem
796 2285 880 2322 oppug-

51 2365 53 2369 ·
94 2350 181 2386 naverat
206 2336 286 2385 Caesar
298 2338 321 2386 in
337 2336 420 2386 iudicio
433 2337 610 2395 repetundarum,
627 2335 731 2385 Catulum
746 2350 826 2391 autem,
842 2338 881 2395 qui

52 2407 80 2458 30
94 2422 163 2458 aetate
177 2409 250 2468 ipsum
258 2431 284 2458 ac
293 2409 397 2468 dignitate
405 2409 512 2465 vincebat,
521 2410 544 2458 in
553 2410 658 2476 petitione
666 2409 804 2468 pontificatus
814 2410 882 2466 maxi-

94 2482 124 2530 mi
138 2494 213 2530 contra
229 2482 404 2541 ,spemomnium
414 2494 532 2540 superarat.
544 2482 673 2531 Ciceronem
688 2482 723 2530 isti
739 2495 763 2530 ut
779 2481 841 2531 illum
855 2503 882 2531 ex

93 2553 185 2603 consciis
196 2554 351 2604 nominaret‘e't
364 2573 428 2613 prece
441 2567 462 2603 et
475 2554 548 2614 precio
561 2554 654 2614 aggressi
667 2568 725 2604 sunt.
737 2554 781 2604 Sed
792 2555 881 2614 nequic-
919 2598 926 2612 „

95 2647 161 2686 quam
175 2625 266 2685 fatigati,
277 2648 329 2676 curn
339 2626 425 2675 flectere
436 2627 509 2686 ipsum
519 2627 548 2675 ad
559 2627 582 2676 id
593 2627 715 2686 nequirent,
726 2626 845 2675 confictum
856 2649 883 2675 ex

92 2715 118 2745 se
134 2700 221 2746 crimen
231 2700 290 2756 apud
305 2699 385 2746 multos
393 2699 545 2756 divulgarunt.
554 2700 653 2746 Audisse
666 2719 753 2757 nanque
766 2719 789 2746 se
802 2719 815 2746 a
828 2699 882 2747 Vul=

31 2819 33 2821 .
54 2770 81 2818 35
97 2768 167 2819 turcio
182 2784 203 2819 et
218 2771 292 2829 legatis
301 2769 437 2829 Alogobrum
447 2772 540 2829 noxium
547 2792 593 2819 esse
603 2771 757 2819 coniurationis
768 2771 882 2820 Caesarem

57 2870 60 2874 ¹
95 2842 236 2892 affirmarunt.
249 2843 325 2902 Ipsum
334 2844 459 2893 testimonio
469 2857 490 2892 et
499 2835 626 2893 auctoiitate
636 2863 681 2898 sua,
692 2844 752 2902 quod
761 2844 801 2893 viri
811 2858 882 2893 essent

94 2915 168 2975 'magni
183 2937 224 2965 nec
238 2916 298 2976 loqui
312 2936 351 2976 per
366 2916 497 2965 calumniam
511 2930 646 2976 putarentur,
661 2918 784 2966 intantum
799 2916 843 2965 odii
858 2938 883 2966 ac
