2093 3253
172 173 209 219 114
293 229 295 231 q
464 188 555 219 sicconis
569 188 691 220 rounnrom

211 302 320 351 Lucanus.
336 301 396 350 Libri
410 302 456 349 eius
470 313 543 349 extant
557 302 632 349 decem
646 314 704 361 tanta
718 302 801 350 ratione
814 301 904 361 perlecti
918 314 943 351 ut
956 324 994 352 eos

211 396 262 424 cum
276 374 328 435 legis
339 395 383 424 non
393 373 462 433 legere
473 373 528 422 bella
538 373 577 422 sed
585 374 660 424 audire
670 370 768 434 clangere
777 374 848 431 tubas,
858 376 931 425 videre
940 397 1000 434 con·v
1037 393 1047 436 gf

210 467 295 498 currere
307 445 370 502 acies,
384 447 461 496 milites
474 446 538 495 ferire
549 446 574 495 ac
587 448 727 505 gererebella
740 462 810 506 putes
823 448 994 498 Accommodate

186 554 187 557 =
211 520 300 580 quidem
314 521 371 569 canit
385 538 451 568 arma.
470 518 546 579 Ipsum
563 518 646 569 Dantes
663 520 782 579 Alegerius,
800 520 893 580 vulgaris
910 523 992 581 quippe

184 594 196 644 5
213 594 252 644 sed
266 594 342 645 doctus
357 606 420 654 poeta
431 593 457 661 pt
469 593 552 653 gravis·
560 592 637 643 suoin
653 592 740 644 inferno
754 588 875 644 Maronem
883 595 910 645 de
923 598 994 655 poetis
1039 587 1047 662 ζ

209 670 238 717 ita
252 669 378 727 loquentem
393 669 477 717 inducit
491 682 516 717 ut
530 669 604 718 locum
620 668 716 717 Homero
731 670 835 728 primum,
852 670 943 720 Horatio
957 691 992 718 se·

209 742 313 796 cundum,
326 741 406 791 Ovidio
418 742 513 796 tertium,
526 742 615 789 Lucano
627 753 729 799 quartum
741 742 763 789 in
775 761 867 790 numero
879 753 993 799 poetarum

208 814 308 872 assignet.
326 814 421 862 Isidorus
439 833 490 862 vero
508 814 581 873 ipsum
599 813 772 871 haudquaquam
786 814 842 863 inter
860 828 934 873 poetas
952 835 992 863 an·
1039 831 1046 864 i.

208 900 314 943 numerat,
332 886 391 945 quod
407 886 517 936 artificiali
528 886 587 936 nulla
599 887 631 935 sit
647 887 788 945 dispositione
806 887 892 936 nullave
907 888 991 947 poetica
1011 923 1012 926 =
1040 885 1047 935 ts

170 962 195 1008 10
210 961 296 1009 fictione
307 981 371 1015 ususs
378 980 418 1008 nec
428 980 505 1018 poema
515 960 609 1007 scribere
619 960 657 1007 sed
668 959 779 1020 historiam
790 961 895 1009 videatur.
906 961 953 1008 Nec
963 961 994 1008 ab

210 1032 293 1082 Isidoro
311 1033 405 1082 multum
422 1031 569 1091 Quintilianus
587 1024 900 1098 differi.‘Nempe1¹ardentem
917 1028 990 1092 ipsum
1043 1028 1046 1083 f

207 1108 383 1166 concitatumque
402 1126 427 1154 ac
445 1106 557 1155 sententiis
576 1106 719 1155 clarissimum
738 1127 791 1161 esse,
811 1106 850 1155 sed
869 1107 989 1157 oratoribus
1042 1111 1047 1162 ,J-

208 1182 275 1238 magis
290 1201 356 1238 quam
371 1181 440 1237 poetis
455 1180 586 1226 imitandum
600 1179 682 1226 scribit.
698 1179 757 1226 Nero
772 1198 868 1238 quoque,
884 1180 922 1237 qui
937 1193 992 1229 tunc
1045 1213 1047 1215 ·

207 1254 322 1312 imperaret
339 1274 364 1302 ac
383 1252 465 1302 iuvenis
484 1251 561 1315 doctus
580 1264 642 1307 esset,
658 1251 744 1301 Lucani
763 1244 842 1310 scripta
860 1252 990 1312 vituperavit
1042 1302 1044 1305 ,

169 1327 193 1375 15
209 1347 272 1384 saepe
283 1339 348 1385 atque
359 1321 525 1384 opprimendam
536 1325 582 1373 eius
593 1324 621 1373 ad
632 1323 713 1385 lamam
724 1345 751 1372 ne
761 1325 877 1391 ederentur
887 1326 992 1376 inhibuit.
1044 1329 1045 1332 ’

249 1400 293 1447 Sed
302 1400 421 1457 scripturus
431 1418 476 1445 non
485 1410 531 1447 erat
540 1395 608 1455 pauca
619 1396 727 1451 Lucanus,
736 1398 766 1451 ni,
775 1418 831 1456 quae
840 1411 894 1463 tunc
901 1400 987 1453 seviret,
1014 1435 1016 1437 -
1041 1406 1047 1449 1³

206 1467 303 1529 tyramni'
312 1471 427 1520 crudelitas
440 1470 550 1518 vetuisset.
563 1470 624 1517 Nero
637 1470 727 1527 quidem
740 1471 784 1517 iam
796 1470 992 1519 consiliumomne
1024 1490 1028 1493 ’

206 1544 298 1602 pietatis,
319 1543 451 1597 clementiae,
472 1542 611 1591 humanitatis
631 1542 744 1597 abiecerat;
764 1543 808 1591 iam
827 1541 989 1604 crudelissimus
1042 1601 1044 1603 ‚

205 1616 275 1666 iactus
289 1631 311 1666 et
325 1616 414 1666 fratrem
428 1615 561 1664 Britanicum
575 1628 597 1663 et
612 1625 703 1664 matrem
716 1615 860 1673 Agrippinam
874 1617 991 1673 occiderat:

164 1690 250 1737 21111111
259 1690 320 1738 urbis
330 1702 413 1746 partem
429 1707 529 1744 magnam
542 1686 643 1735 incendio
660 1687 788 1735 devastarat.
808 1686 881 1735 Taceo
899 1689 991 1748 reliqua.

206 1762 319 1812 Lucanum
334 1780 392 1816 vero,
407 1761 444 1820 qui
459 1772 515 1809 esset
529 1759 666 1810 1111611111εά
680 1773 744 1819 poeta
758 1759 815 1810 lama
830 1761 924 1811 nominis
939 1783 988 1823 per-

205 1836 297 1891 floreret,
317 1834 424 1891 interfecit
443 1834 558 1889 subiratus,
578 1835 596 1881 si
615 1834 723 1883 credimus
743 1834 822 1901 vulgo„
835 1835 864 1883 ob
883 1837 988 1895 scriptum
1045 1852 1046 1855 ’

204 1928 297 1962 versum,
317 1908 400 1956 «Unde
417 1920 478 1955 tuam
496 1907 568 1954 videas
587 1906 676 1965 obliquo
695 1907 764 1953 sidere
783 1907 902 1965 Romam.»
920 1909 988 1958 Euse-
1044 1945 1046 1948 -

205 1981 253 2031 bius
263 2000 321 2036 vero,
331 1993 455 2039 temporum
464 1978 560 2028 Graecus
570 1980 668 2038 scriptor,
679 1992 707 2033 et,
717 1979 755 2038 qui
765 1979 859 2028 Neronis
869 1981 935 2030 vitam
946 1982 988 2031 La·
1032 1988 1033 1991 ’
1044 1992 1046 2019 ἵ

163 2055 190 2103 25
205 2056 251 2103 tine
260 2075 285 2103 ac
295 2055 380 2113 plenius
390 2053 510 2112 explicavit,
521 2052 642 2101 Cornellius
653 2053 742 2101 Tacitus
754 2053 867 2102 Lucanum
877 2074 890 2103 a
900 2054 992 2104 Nerone:
1043 2055 1045 2058 ⁵

169 2159 171 2164 >
204 2128 300 2177 occisum
317 2126 377 2186 quod
390 2126 422 2186 sit
438 2145 487 2174 reus
505 2125 657 2174 Pisonianam
674 2126 823 2175 coniuratione
840 2127 987 2185 deprehensus

203 2200 308 2248 scribunt.
319 2199 397 2246 Pisone
407 2197 497 2257 quidem
507 2210 594 2246 auctore
604 2197 739 2246 liberandam
748 2197 776 2245 ad
786 2198 878 2257 patriam
888 2199 911 2249 in
922 2215 987 2266 caput
1044 2229 1045 2232 ¹

204 2273 297 2321 Neronis
313 2273 449 2321 coniuratum
464 2283 516 2326 erat,
533 2271 571 2319 sed
586 2269 669 2320 lacinus
686 2270 758 2320 minus
773 2271 837 2321 tacite
853 2273 989 2324 custoditum,

204 2346 281 2395 detulit
295 2345 323 2394 ad
339 2346 449 2394 Neronem
465 2364 546 2393 servus.
562 2343 666 2392 Conscios
682 2345 778 2403 primum
793 2345 834 2394 iste
850 2345 987 2396 Natalem-et

162 2421 191 2466 30
205 2410 317 2472 Sevinum,
326 2418 405 2465 deinde
413 2417 496 2465 Natalis
504 2417 605 2464 Pisonem
613 2429 634 2472 et
642 2417 754 2471 Senecam,
763 2417 855 2464 Sevinus
864 2418 990 2473 Lucanum,ss
1045 2444 1047 2483 3

203 2503 313 2549 postremo
326 2489 434 2544 Lucanus,
448 2509 499 2537 cum
513 2502 615 2547 negasset
624 2489 669 2543 diu,
682 2489 772 2538 tandem
786 2503 876 2539 matrem
889 2491 986 2540 Arbilam

208 2671 375 2715 411111111111.
388 2671 448 2708 soso.
510 2672 526 2707 s.
539 2671 577 2708 uu.
589 2673 641 2717 sum.
654 2671 698 2711 vni.
712 2673 728 2708 7.
748 2671 768 2708 n
834 2673 863 2710 11.
876 2672 933 2716 Quint.
945 2676 985 2726 1111.
1046 2654 1047 2695 1

159 2734 180 2772 Χ.
197 2735 210 2771 l.
223 2735 252 2772 90.
325 2734 353 2771 23.
366 2733 428 2771 Lucan.
441 2732 454 2769 1.
468 2733 495 2770 55.
545 2734 574 2771 23.
586 2733 653 2771 Hieron.
666 2732 727 2772 Chion.
739 2734 768 2772 Ol.
782 2734 846 2771 2l0.3
902 2735 930 2774 25.
944 2737 989 2774 Tac.
1046 2747 1047 2750 ’

159 2796 251 2835 Α1111.Χ1Ῐ.
266 2795 295 2836 49.
610 2797 611 2802 ’
678 2798 680 2801 ’
921 2795 923 2801 ⁴

206 2967 235 3010 ’2.
250 2965 316 3010 videre
331 2981 447 3010 concurrere
460 2966 510 3010 acies
525 2971 538 3010 11
553 2984 569 3010 r.
