<?xml version="1.0" encoding="UTF-8"?>
<!DOCTYPE html PUBLIC "-//W3C//DTD XHTML 1.0 Transitional//EN"
    "http://www.w3.org/TR/xhtml1/DTD/xhtml1-transitional.dtd">
<html xmlns="http://www.w3.org/1999/xhtml" xml:lang="en" lang="en">
 <head>
  <title>
</title>
<meta http-equiv="Content-Type" content="text/html;charset=utf-8" />
  <meta name='ocr-system' content='tesseract 3.04.00' />
  <meta name='ocr-capabilities' content='ocr_page ocr_carea ocr_par ocr_line ocrx_word'/>
</head>
<body>
  <div class='ocr_page' id='page_1' title='image "MN40033ucmf_2_0549.png"; bbox 0 0 2093 3253; ppageno 0'>
   <div class='ocr_carea' id='block_1_1' title="bbox 267 158 896 203">
    <p class='ocr_par' dir='ltr' id='par_1_1' title="bbox 267 158 896 203">
     <span class='ocr_line' id='line_1_1' title="bbox 267 158 896 203; baseline 0 -1"><span class='ocrx_word' id='word_1_1' title='bbox 267 170 399 203; x_wconf 80' lang='lat' dir='ltr'>scareronun</span> <span class='ocrx_word' id='word_1_2' title='bbox 414 170 540 203; x_wconf 79' lang='lat' dir='ltr'>nrusnuun</span> <span class='ocrx_word' id='word_1_3' title='bbox 553 183 568 189; x_wconf 88' lang='lat'><em>-</em></span> <span class='ocrx_word' id='word_1_4' title='bbox 580 170 639 201; x_wconf 72' lang='lat' dir='ltr'>ernau</span> <span class='ocrx_word' id='word_1_5' title='bbox 653 170 706 201; x_wconf 86' lang='lat' dir='ltr'>xvn.</span> <span class='ocrx_word' id='word_1_6' title='bbox 857 158 896 203; x_wconf 82' lang='grc'>475</span> 
     </span>
    </p>
   </div>
   <div class='ocr_carea' id='block_1_2' title="bbox 66 281 898 419">
    <p class='ocr_par' dir='ltr' id='par_1_2' title="bbox 66 281 898 419">
     <span class='ocr_line' id='line_1_2' title="bbox 66 281 898 346; baseline -0.001 -11"><span class='ocrx_word' id='word_1_7' title='bbox 66 322 67 326; x_wconf 66' lang='lat'>,</span> <span class='ocrx_word' id='word_1_8' title='bbox 112 284 209 346; x_wconf 91' lang='lat' dir='ltr'>ploretur</span> <span class='ocrx_word' id='word_1_9' title='bbox 224 281 277 346; x_wconf 90' lang='lat' dir='ltr'>ipse.</span> <span class='ocrx_word' id='word_1_10' title='bbox 289 284 325 334; x_wconf 73' lang='lat' dir='ltr'>Ad</span> <span class='ocrx_word' id='word_1_11' title='bbox 335 284 450 344; x_wconf 81' lang='lat' dir='ltr'><strong>Polybium</strong></span> <span class='ocrx_word' id='word_1_12' title='bbox 461 305 512 335; x_wconf 84' lang='lat' dir='ltr'>vero</span> <span class='ocrx_word' id='word_1_13' title='bbox 524 285 551 344; x_wconf 90' lang='lat' dir='ltr'>(is</span> <span class='ocrx_word' id='word_1_14' title='bbox 563 284 660 335; x_wconf 77' lang='lat' dir='ltr'>Caesaris</span> <span class='ocrx_word' id='word_1_15' title='bbox 672 284 762 334; x_wconf 89' lang='lat' dir='ltr'>libertus</span> <span class='ocrx_word' id='word_1_16' title='bbox 774 296 795 333; x_wconf 88' lang='lat' dir='ltr'>et</span> <span class='ocrx_word' id='word_1_17' title='bbox 806 282 898 334; x_wconf 78' lang='lat' dir='ltr'>familia-</span> 
     </span>
     <span class='ocr_line' id='line_1_3' title="bbox 113 357 898 419; baseline -0.004 -10"><span class='ocrx_word' id='word_1_18' title='bbox 113 360 142 409; x_wconf 86' lang='lat' dir='ltr'>ris</span> <span class='ocrx_word' id='word_1_19' title='bbox 157 359 247 408; x_wconf 89' lang='lat' dir='ltr'>libertus</span> <span class='ocrx_word' id='word_1_20' title='bbox 262 357 316 417; x_wconf 82' lang='lat' dir='ltr'>erat)</span> <span class='ocrx_word' id='word_1_21' title='bbox 329 379 440 408; x_wconf 88' lang='lat' dir='ltr'>summum</span> <span class='ocrx_word' id='word_1_22' title='bbox 452 378 502 419; x_wconf 80' lang='lat' dir='ltr'>erga</span> <span class='ocrx_word' id='word_1_23' title='bbox 514 372 540 408; x_wconf 77' lang='lat' dir='ltr'>sel</span> <span class='ocrx_word' id='word_1_24' title='bbox 550 358 636 409; x_wconf 80' lang='lat' dir='ltr'><strong>Claudii</strong></span> <span class='ocrx_word' id='word_1_25' title='bbox 649 358 780 408; x_wconf 87' lang='lat' dir='ltr'>beneficium</span> <span class='ocrx_word' id='word_1_26' title='bbox 793 371 898 407; x_wconf 88' lang='lat' dir='ltr'>memorat</span> 
     </span>
    </p>
   </div>
   <div class='ocr_carea' id='block_1_3' title="bbox 111 431 979 492">
    <p class='ocr_par' dir='ltr' id='par_1_3' title="bbox 111 431 979 492">
     <span class='ocr_line' id='line_1_4' title="bbox 111 431 979 492; baseline -0.007 -9"><span class='ocrx_word' id='word_1_27' title='bbox 111 452 216 492; x_wconf 85' lang='lat' dir='ltr'><strong>spemque</strong></span> <span class='ocrx_word' id='word_1_28' title='bbox 230 434 299 491; x_wconf 87' lang='lat' dir='ltr'>aperit</span> <span class='ocrx_word' id='word_1_29' title='bbox 306 452 368 481; x_wconf 91' lang='lat' dir='ltr'>suam</span> <span class='ocrx_word' id='word_1_30' title='bbox 374 445 399 481; x_wconf 90' lang='lat' dir='ltr'>ut</span> <span class='ocrx_word' id='word_1_31' title='bbox 406 453 493 482; x_wconf 87' lang='lat' dir='ltr'>causam</span> <span class='ocrx_word' id='word_1_32' title='bbox 500 434 546 482; x_wconf 90' lang='lat' dir='ltr'>eius</span> <span class='ocrx_word' id='word_1_33' title='bbox 553 432 633 482; x_wconf 89' lang='lat' dir='ltr'>Caesar</span> <span class='ocrx_word' id='word_1_34' title='bbox 640 431 673 480; x_wconf 90' lang='lat' dir='ltr'>vel</span> <span class='ocrx_word' id='word_1_35' title='bbox 681 431 765 479; x_wconf 84' lang='lat' dir='ltr'>iusticia</span> <span class='ocrx_word' id='word_1_36' title='bbox 773 451 811 479; x_wconf 90' lang='lat' dir='ltr'>sua</span> <span class='ocrx_word' id='word_1_37' title='bbox 818 431 899 478; x_wconf 88' lang='lat' dir='ltr'>bonam</span> <span class='ocrx_word' id='word_1_38' title='bbox 977 470 979 473; x_wconf 67' lang='grc'>,</span> 
     </span>
    </p>
   </div>
   <div class='ocr_carea' id='block_1_4' title="bbox 63 503 900 2680">
    <p class='ocr_par' dir='ltr' id='par_1_4' title="bbox 84 503 898 640">
     <span class='ocr_line' id='line_1_5' title="bbox 113 503 898 564; baseline -0.005 -9"><span class='ocrx_word' id='word_1_39' title='bbox 113 526 160 555; x_wconf 89' lang='lat' dir='ltr'>esse</span> <span class='ocrx_word' id='word_1_40' title='bbox 174 504 289 564; x_wconf 90' lang='lat' dir='ltr'>perspiciat</span> <span class='ocrx_word' id='word_1_41' title='bbox 303 503 337 553; x_wconf 91' lang='lat' dir='ltr'>vel</span> <span class='ocrx_word' id='word_1_42' title='bbox 352 504 466 553; x_wconf 85' lang='lat' dir='ltr'>clementia</span> <span class='ocrx_word' id='word_1_43' title='bbox 480 504 552 554; x_wconf 80' lang='lat' dir='ltr'>faciat.</span> <span class='ocrx_word' id='word_1_44' title='bbox 567 505 701 554; x_wconf 74' lang='lat' dir='ltr'>Accusatum</span> <span class='ocrx_word' id='word_1_45' title='bbox 716 524 739 552; x_wconf 90' lang='lat' dir='ltr'>se</span> <span class='ocrx_word' id='word_1_46' title='bbox 754 503 808 552; x_wconf 76' lang='lat' dir='ltr'>falso</span> <span class='ocrx_word' id='word_1_47' title='bbox 824 503 898 552; x_wconf 78' lang='lat' dir='ltr'><strong>scribit</strong></span> 
     </span>
     <span class='ocr_line' id='line_1_6' title="bbox 84 576 728 640; baseline -0.011 -8"><span class='ocrx_word' id='word_1_48' title='bbox 84 582 98 632; x_wconf 82' lang='grc'><em>5</em></span> <span class='ocrx_word' id='word_1_49' title='bbox 112 580 165 640; x_wconf 86' lang='lat' dir='ltr'>ipse,</span> <span class='ocrx_word' id='word_1_50' title='bbox 181 578 247 638; x_wconf 86' lang='lat' dir='ltr'>idque</span> <span class='ocrx_word' id='word_1_51' title='bbox 261 578 326 627; x_wconf 90' lang='lat' dir='ltr'>etiam</span> <span class='ocrx_word' id='word_1_52' title='bbox 339 577 401 627; x_wconf 91' lang='lat' dir='ltr'>multi</span> <span class='ocrx_word' id='word_1_53' title='bbox 415 590 499 637; x_wconf 86' lang='lat' dir='ltr'>putant,</span> <span class='ocrx_word' id='word_1_54' title='bbox 513 576 615 633; x_wconf 82' lang='lat' dir='ltr'>latentur,</span> <span class='ocrx_word' id='word_1_55' title='bbox 629 577 728 625; x_wconf 91' lang='lat' dir='ltr'>credunt.</span> 
     </span>
    </p>

    <p class='ocr_par' dir='ltr' id='par_1_5' title="bbox 155 649 898 709">
     <span class='ocr_line' id='line_1_7' title="bbox 155 649 898 709; baseline -0.004 -10"><span class='ocrx_word' id='word_1_56' title='bbox 155 652 206 709; x_wconf 89' lang='lat' dir='ltr'>Quo</span> <span class='ocrx_word' id='word_1_57' title='bbox 220 655 293 700; x_wconf 89' lang='lat' dir='ltr'>autem</span> <span class='ocrx_word' id='word_1_58' title='bbox 303 651 394 699; x_wconf 92' lang='lat' dir='ltr'>crimine</span> <span class='ocrx_word' id='word_1_59' title='bbox 404 649 470 699; x_wconf 79' lang='lat' dir='ltr'>luerit</span> <span class='ocrx_word' id='word_1_60' title='bbox 480 663 592 699; x_wconf 86' lang='lat' dir='ltr'>accusatus</span> <span class='ocrx_word' id='word_1_61' title='bbox 603 663 675 709; x_wconf 87' lang='lat' dir='ltr'>preter</span> <span class='ocrx_word' id='word_1_62' title='bbox 683 649 822 698; x_wconf 57' lang='lat' dir='ltr'>‘Cornellium</span> <span class='ocrx_word' id='word_1_63' title='bbox 833 649 898 698; x_wconf 85' lang='lat' dir='ltr'>Taci-</span> 
     </span>
    </p>

    <p class='ocr_par' dir='ltr' id='par_1_6' title="bbox 63 722 898 930">
     <span class='ocr_line' id='line_1_8' title="bbox 63 722 897 783; baseline -0.005 -9"><span class='ocrx_word' id='word_1_64' title='bbox 63 777 65 782; x_wconf 61' lang='lat'>.</span> <span class='ocrx_word' id='word_1_65' title='bbox 112 739 166 780; x_wconf 85' lang='lat' dir='ltr'>turn,</span> <span class='ocrx_word' id='word_1_66' title='bbox 187 725 318 783; x_wconf 88' lang='lat' dir='ltr'>scriptorum</span> <span class='ocrx_word' id='word_1_67' title='bbox 337 723 424 772; x_wconf 90' lang='lat' dir='ltr'>illorum</span> <span class='ocrx_word' id='word_1_68' title='bbox 443 736 567 782; x_wconf 89' lang='lat' dir='ltr'>temporum</span> <span class='ocrx_word' id='word_1_69' title='bbox 586 723 714 772; x_wconf 89' lang='lat' dir='ltr'>delimatum</span> <span class='ocrx_word' id='word_1_70' title='bbox 732 743 757 771; x_wconf 89' lang='lat' dir='ltr'>ac</span> <span class='ocrx_word' id='word_1_71' title='bbox 776 722 897 781; x_wconf 86' lang='lat' dir='ltr'>copiosum,</span> 
     </span>
     <span class='ocr_line' id='line_1_9' title="bbox 112 794 897 856; baseline -0.006 -8"><span class='ocrx_word' id='word_1_72' title='bbox 112 811 187 848; x_wconf 80' lang='lat' dir='ltr'>auctor</span> <span class='ocrx_word' id='word_1_73' title='bbox 198 796 251 846; x_wconf 90' lang='lat' dir='ltr'>mihi</span> <span class='ocrx_word' id='word_1_74' title='bbox 262 810 333 845; x_wconf 89' lang='lat' dir='ltr'>certus</span> <span class='ocrx_word' id='word_1_75' title='bbox 344 810 377 845; x_wconf 92' lang='lat' dir='ltr'>est</span> <span class='ocrx_word' id='word_1_76' title='bbox 388 796 467 846; x_wconf 80' lang='lat' dir='ltr'>nullus.</span> <span class='ocrx_word' id='word_1_77' title='bbox 480 798 501 846; x_wconf 90' lang='lat' dir='ltr'>ls</span> <span class='ocrx_word' id='word_1_78' title='bbox 512 817 598 856; x_wconf 84' lang='lat' dir='ltr'>nanque</span> <span class='ocrx_word' id='word_1_79' title='bbox 609 809 714 845; x_wconf 88' lang='lat' dir='ltr'>memorat</span> <span class='ocrx_word' id='word_1_80' title='bbox 725 796 786 855; x_wconf 86' lang='lat' dir='ltr'>quod</span> <span class='ocrx_word' id='word_1_81' title='bbox 796 796 820 845; x_wconf 90' lang='lat' dir='ltr'>P.</span> <span class='ocrx_word' id='word_1_82' title='bbox 831 794 897 844; x_wconf 90' lang='lat' dir='ltr'>Sillus</span> 
     </span>
     <span class='ocr_line' id='line_1_10' title="bbox 112 868 898 930; baseline -0.003 -11"><span class='ocrx_word' id='word_1_83' title='bbox 112 883 224 920; x_wconf 89' lang='lat' dir='ltr'>accusatus</span> <span class='ocrx_word' id='word_1_84' title='bbox 239 883 314 930; x_wconf 88' lang='lat' dir='ltr'>postea</span> <span class='ocrx_word' id='word_1_85' title='bbox 326 890 378 919; x_wconf 92' lang='lat' dir='ltr'>cum</span> <span class='ocrx_word' id='word_1_86' title='bbox 390 870 506 929; x_wconf 81' lang='lat' dir='ltr'>imperaret</span> <span class='ocrx_word' id='word_1_87' title='bbox 518 868 578 919; x_wconf 89' lang='lat' dir='ltr'>Nero</span> <span class='ocrx_word' id='word_1_88' title='bbox 591 889 636 918; x_wconf 94' lang='lat' dir='ltr'>non</span> <span class='ocrx_word' id='word_1_89' title='bbox 649 870 696 918; x_wconf 89' lang='lat' dir='ltr'>sine</span> <span class='ocrx_word' id='word_1_90' title='bbox 708 870 790 918; x_wconf 88' lang='lat' dir='ltr'>invidia</span> <span class='ocrx_word' id='word_1_91' title='bbox 803 869 898 917; x_wconf 81' lang='lat' dir='ltr'>Senecae</span> 
     </span>
    </p>

    <p class='ocr_par' dir='ltr' id='par_1_7' title="bbox 72 942 898 1294">
     <span class='ocr_line' id='line_1_11' title="bbox 72 942 897 1010; baseline -0.007 -14"><span class='ocrx_word' id='word_1_92' title='bbox 72 948 98 996; x_wconf 82' lang='lat' dir='ltr'>ll]</span> <span class='ocrx_word' id='word_1_93' title='bbox 113 945 184 992; x_wconf 85' lang='lat' dir='ltr'>dicere</span> <span class='ocrx_word' id='word_1_94' title='bbox 195 944 223 992; x_wconf 92' lang='lat' dir='ltr'>sit</span> <span class='ocrx_word' id='word_1_95' title='bbox 234 943 321 992; x_wconf 86' lang='lat' dir='ltr'>auditus</span> <span class='ocrx_word' id='word_1_96' title='bbox 333 943 429 1009; x_wconf 76' lang='lat' dir='ltr'>exulasse</span> <span class='ocrx_word' id='word_1_97' title='bbox 441 945 503 997; x_wconf 86' lang='lat' dir='ltr'>iuste,</span> <span class='ocrx_word' id='word_1_98' title='bbox 516 945 576 1010; x_wconf 88' lang='lat' dir='ltr'>quod</span> <span class='ocrx_word' id='word_1_99' title='bbox 587 944 691 1001; x_wconf 90' lang='lat' dir='ltr'>principis</span> <span class='ocrx_word' id='word_1_100' title='bbox 703 943 802 990; x_wconf 84' lang='lat' dir='ltr'>cubicula</span> <span class='ocrx_word' id='word_1_101' title='bbox 813 942 897 990; x_wconf 89' lang='lat' dir='ltr'>adulte-</span> 
     </span>
     <span class='ocr_line' id='line_1_12' title="bbox 101 1014 897 1074; baseline 0 -12"><span class='ocrx_word' id='word_1_102' title='bbox 101 1017 144 1064; x_wconf 81' lang='lat' dir='ltr'>rio</span> <span class='ocrx_word' id='word_1_103' title='bbox 151 1014 289 1074; x_wconf 85' lang='lat' dir='ltr'>corrupisset.</span> <span class='ocrx_word' id='word_1_104' title='bbox 295 1015 340 1064; x_wconf 83' lang='lat' dir='ltr'>Sed</span> <span class='ocrx_word' id='word_1_105' title='bbox 349 1015 399 1064; x_wconf 88' lang='lat' dir='ltr'>huic</span> <span class='ocrx_word' id='word_1_106' title='bbox 408 1015 462 1064; x_wconf 87' lang='lat' dir='ltr'>nihil</span> <span class='ocrx_word' id='word_1_107' title='bbox 471 1016 522 1064; x_wconf 85' lang='lat' dir='ltr'>fidei</span> <span class='ocrx_word' id='word_1_108' title='bbox 531 1015 629 1064; x_wconf 90' lang='lat' dir='ltr'>dandum</span> <span class='ocrx_word' id='word_1_109' title='bbox 638 1015 761 1063; x_wconf 87' lang='lat' dir='ltr'>existimant</span> <span class='ocrx_word' id='word_1_110' title='bbox 769 1016 897 1073; x_wconf 85' lang='lat' dir='ltr'>quintrius-</span> 
     </span>
     <span class='ocr_line' id='line_1_13' title="bbox 111 1087 898 1149; baseline -0.001 -12"><span class='ocrx_word' id='word_1_111' title='bbox 111 1110 154 1149; x_wconf 84' lang='lat' dir='ltr'>que</span> <span class='ocrx_word' id='word_1_112' title='bbox 176 1089 243 1137; x_wconf 84' lang='lat' dir='ltr'>vitam</span> <span class='ocrx_word' id='word_1_113' title='bbox 253 1087 297 1136; x_wconf 88' lang='lat' dir='ltr'>ulla</span> <span class='ocrx_word' id='word_1_114' title='bbox 308 1109 360 1137; x_wconf 88' lang='lat' dir='ltr'>curn</span> <span class='ocrx_word' id='word_1_115' title='bbox 370 1089 453 1137; x_wconf 86' lang='lat' dir='ltr'>ratione</span> <span class='ocrx_word' id='word_1_116' title='bbox 464 1089 608 1137; x_wconf 80' lang='lat' dir='ltr'>considerant.</span> <span class='ocrx_word' id='word_1_117' title='bbox 619 1088 671 1137; x_wconf 82' lang='lat' dir='ltr'>Erat</span> <span class='ocrx_word' id='word_1_118' title='bbox 682 1088 765 1136; x_wconf 87' lang='lat' dir='ltr'>Seneca</span> <span class='ocrx_word' id='word_1_119' title='bbox 782 1089 806 1137; x_wconf 90' lang='lat' dir='ltr'>in</span> <span class='ocrx_word' id='word_1_120' title='bbox 822 1089 898 1146; x_wconf 91' lang='lat' dir='ltr'>primis</span> 
     </span>
     <span class='ocr_line' id='line_1_14' title="bbox 112 1161 898 1222; baseline -0.003 -11"><span class='ocrx_word' id='word_1_121' title='bbox 112 1183 157 1222; x_wconf 87' lang='lat' dir='ltr'>quo</span> <span class='ocrx_word' id='word_1_122' title='bbox 167 1174 266 1220; x_wconf 87' lang='lat' dir='ltr'>tempore</span> <span class='ocrx_word' id='word_1_123' title='bbox 277 1161 382 1210; x_wconf 89' lang='lat' dir='ltr'>Claudius</span> <span class='ocrx_word' id='word_1_124' title='bbox 393 1162 512 1219; x_wconf 82' lang='lat' dir='ltr'>imperabat</span> <span class='ocrx_word' id='word_1_125' title='bbox 523 1161 577 1209; x_wconf 88' lang='lat' dir='ltr'>adeo</span> <span class='ocrx_word' id='word_1_126' title='bbox 588 1162 658 1220; x_wconf 76' lang='lat' dir='ltr'>gravis</span> <span class='ocrx_word' id='word_1_127' title='bbox 668 1173 737 1209; x_wconf 88' lang='lat' dir='ltr'>aetate</span> <span class='ocrx_word' id='word_1_128' title='bbox 747 1174 813 1220; x_wconf 83' lang='lat' dir='ltr'>atque</span> <span class='ocrx_word' id='word_1_129' title='bbox 823 1161 898 1219; x_wconf 49' lang='lat' dir='ltr'>longe*</span> 
     </span>
     <span class='ocr_line' id='line_1_15' title="bbox 113 1232 898 1294; baseline -0.004 -10"><span class='ocrx_word' id='word_1_130' title='bbox 113 1255 153 1284; x_wconf 91' lang='lat' dir='ltr'>vus</span> <span class='ocrx_word' id='word_1_131' title='bbox 173 1235 347 1294; x_wconf 80' lang='lat' dir='ltr'>(nonagesimum</span> <span class='ocrx_word' id='word_1_132' title='bbox 356 1233 446 1292; x_wconf 87' lang='lat' dir='ltr'>quidem</span> <span class='ocrx_word' id='word_1_133' title='bbox 455 1253 538 1282; x_wconf 90' lang='lat' dir='ltr'>annum</span> <span class='ocrx_word' id='word_1_134' title='bbox 548 1232 676 1291; x_wconf 83' lang='lat' dir='ltr'>excesserat)</span> <span class='ocrx_word' id='word_1_135' title='bbox 686 1233 753 1292; x_wconf 88' lang='lat' dir='ltr'>quod,</span> <span class='ocrx_word' id='word_1_136' title='bbox 764 1234 804 1281; x_wconf 90' lang='lat' dir='ltr'>etsi</span> <span class='ocrx_word' id='word_1_137' title='bbox 814 1233 898 1282; x_wconf 87' lang='lat' dir='ltr'>Valeria</span> 
     </span>
    </p>

    <p class='ocr_par' dir='ltr' id='par_1_8' title="bbox 73 1304 898 1660">
     <span class='ocr_line' id='line_1_16' title="bbox 73 1304 898 1363; baseline -0.005 -5"><span class='ocrx_word' id='word_1_138' title='bbox 73 1309 97 1359; x_wconf 83' lang='grc'>15</span> <span class='ocrx_word' id='word_1_139' title='bbox 114 1304 237 1362; x_wconf 83' lang='lat' dir='ltr'>Messalina,</span> <span class='ocrx_word' id='word_1_140' title='bbox 249 1306 336 1357; x_wconf 80' lang='lat' dir='ltr'>Claudii</span> <span class='ocrx_word' id='word_1_141' title='bbox 346 1326 408 1363; x_wconf 79' lang='lat' dir='ltr'>uxor,</span> <span class='ocrx_word' id='word_1_142' title='bbox 419 1307 479 1357; x_wconf 91' lang='lat' dir='ltr'>omni</span> <span class='ocrx_word' id='word_1_143' title='bbox 490 1306 580 1356; x_wconf 85' lang='lat' dir='ltr'>libidine</span> <span class='ocrx_word' id='word_1_144' title='bbox 590 1306 668 1357; x_wconf 90' lang='lat' dir='ltr'>ardens</span> <span class='ocrx_word' id='word_1_145' title='bbox 679 1319 700 1357; x_wconf 90' lang='lat' dir='ltr'>et</span> <span class='ocrx_word' id='word_1_146' title='bbox 710 1306 807 1357; x_wconf 87' lang='lat' dir='ltr'>adultera</span> <span class='ocrx_word' id='word_1_147' title='bbox 817 1305 898 1358; x_wconf 79' lang='lat' dir='ltr'>lemine</span> 
     </span>
     <span class='ocr_line' id='line_1_17' title="bbox 113 1381 898 1440; baseline -0.001 -11"><span class='ocrx_word' id='word_1_148' title='bbox 113 1402 190 1440; x_wconf 83' lang='lat' dir='ltr'>rogans</span> <span class='ocrx_word' id='word_1_149' title='bbox 204 1381 325 1440; x_wconf 87' lang='lat' dir='ltr'>iubensque</span> <span class='ocrx_word' id='word_1_150' title='bbox 339 1381 478 1440; x_wconf 75' lang='lat' dir='ltr'>deposuisset,</span> <span class='ocrx_word' id='word_1_151' title='bbox 491 1400 554 1440; x_wconf 78' lang='lat' dir='ltr'>agere</span> <span class='ocrx_word' id='word_1_152' title='bbox 566 1394 640 1431; x_wconf 85' lang='lat' dir='ltr'>tamen</span> <span class='ocrx_word' id='word_1_153' title='bbox 654 1381 735 1430; x_wconf 85' lang='lat' dir='ltr'>Seneca</span> <span class='ocrx_word' id='word_1_154' title='bbox 749 1382 795 1440; x_wconf 90' lang='lat' dir='ltr'>ipse</span> <span class='ocrx_word' id='word_1_155' title='bbox 809 1382 898 1430; x_wconf 90' lang='lat' dir='ltr'>minime</span> 
     </span>
     <span class='ocr_line' id='line_1_18' title="bbox 113 1454 898 1513; baseline -0.001 -11"><span class='ocrx_word' id='word_1_156' title='bbox 113 1455 225 1513; x_wconf 85' lang='lat' dir='ltr'>potuisset,</span> <span class='ocrx_word' id='word_1_157' title='bbox 241 1455 302 1513; x_wconf 88' lang='lat' dir='ltr'>quod</span> <span class='ocrx_word' id='word_1_158' title='bbox 316 1455 370 1502; x_wconf 88' lang='lat' dir='ltr'>nihil</span> <span class='ocrx_word' id='word_1_159' title='bbox 388 1455 432 1502; x_wconf 88' lang='lat' dir='ltr'>iam</span> <span class='ocrx_word' id='word_1_160' title='bbox 450 1456 535 1502; x_wconf 91' lang='lat' dir='ltr'>venerei</span> <span class='ocrx_word' id='word_1_161' title='bbox 554 1454 630 1503; x_wconf 86' lang='lat' dir='ltr'>caloris</span> <span class='ocrx_word' id='word_1_162' title='bbox 649 1455 715 1503; x_wconf 87' lang='lat' dir='ltr'>homo</span> <span class='ocrx_word' id='word_1_163' title='bbox 734 1455 855 1511; x_wconf 79' lang='lat' dir='ltr'>grandevus</span> <span class='ocrx_word' id='word_1_164' title='bbox 873 1475 898 1501; x_wconf 88' lang='lat' dir='ltr'>ac</span> 
     </span>
     <span class='ocr_line' id='line_1_19' title="bbox 114 1526 898 1591; baseline -0.003 -14"><span class='ocrx_word' id='word_1_165' title='bbox 114 1526 194 1577; x_wconf 88' lang='lat' dir='ltr'>multae</span> <span class='ocrx_word' id='word_1_166' title='bbox 211 1527 327 1576; x_wconf 84' lang='lat' dir='ltr'>senectutis</span> <span class='ocrx_word' id='word_1_167' title='bbox 345 1527 440 1577; x_wconf 87' lang='lat' dir='ltr'>haberet.</span> <span class='ocrx_word' id='word_1_168' title='bbox 451 1526 530 1591; x_wconf 81' lang='lat' dir='ltr'>Taceo</span> <span class='ocrx_word' id='word_1_169' title='bbox 547 1527 729 1577; x_wconf 82' lang='lat' dir='ltr'>modestissimam</span> <span class='ocrx_word' id='word_1_170' title='bbox 742 1547 835 1576; x_wconf 90' lang='lat' dir='ltr'>ornnem</span> <span class='ocrx_word' id='word_1_171' title='bbox 851 1526 898 1576; x_wconf 90' lang='lat' dir='ltr'>eius</span> 
     </span>
     <span class='ocr_line' id='line_1_20' title="bbox 113 1599 898 1660; baseline 0 -10"><span class='ocrx_word' id='word_1_172' title='bbox 113 1602 181 1651; x_wconf 89' lang='lat' dir='ltr'>vitam</span> <span class='ocrx_word' id='word_1_173' title='bbox 195 1614 216 1650; x_wconf 92' lang='lat' dir='ltr'>et</span> <span class='ocrx_word' id='word_1_174' title='bbox 231 1600 387 1649; x_wconf 87' lang='lat' dir='ltr'>continentiam</span> <span class='ocrx_word' id='word_1_175' title='bbox 396 1599 534 1660; x_wconf 80' lang='lat' dir='ltr'>singularem.</span> <span class='ocrx_word' id='word_1_176' title='bbox 544 1599 610 1650; x_wconf 84' lang='lat' dir='ltr'>Sillus</span> <span class='ocrx_word' id='word_1_177' title='bbox 620 1614 693 1650; x_wconf 86' lang='lat' dir='ltr'>autem</span> <span class='ocrx_word' id='word_1_178' title='bbox 703 1613 748 1650; x_wconf 89' lang='lat' dir='ltr'>erat</span> <span class='ocrx_word' id='word_1_179' title='bbox 757 1601 823 1650; x_wconf 91' lang='lat' dir='ltr'>homo</span> <span class='ocrx_word' id='word_1_180' title='bbox 833 1620 898 1650; x_wconf 86' lang='lat' dir='ltr'>vena-</span> 
     </span>
    </p>

    <p class='ocr_par' dir='ltr' id='par_1_9' title="bbox 70 1673 899 1951">
     <span class='ocr_line' id='line_1_21' title="bbox 70 1673 898 1738; baseline -0.002 -16"><span class='ocrx_word' id='word_1_181' title='bbox 70 1676 98 1738; x_wconf 80' lang='grc' dir='ltr'>ΖΟ</span> <span class='ocrx_word' id='word_1_182' title='bbox 112 1673 145 1729; x_wconf 86' lang='lat' dir='ltr'>lis,</span> <span class='ocrx_word' id='word_1_183' title='bbox 161 1687 206 1722; x_wconf 91' lang='lat' dir='ltr'>erat</span> <span class='ocrx_word' id='word_1_184' title='bbox 220 1673 286 1722; x_wconf 88' lang='lat' dir='ltr'>homo</span> <span class='ocrx_word' id='word_1_185' title='bbox 293 1673 394 1722; x_wconf 88' lang='lat' dir='ltr'>terribilis</span> <span class='ocrx_word' id='word_1_186' title='bbox 402 1686 423 1721; x_wconf 91' lang='lat' dir='ltr'>et</span> <span class='ocrx_word' id='word_1_187' title='bbox 430 1675 536 1732; x_wconf 89' lang='lat' dir='ltr'>pessimus</span> <span class='ocrx_word' id='word_1_188' title='bbox 544 1675 650 1722; x_wconf 88' lang='lat' dir='ltr'>omnium.</span> <span class='ocrx_word' id='word_1_189' title='bbox 660 1674 717 1721; x_wconf 88' lang='lat' dir='ltr'>Illud</span> <span class='ocrx_word' id='word_1_190' title='bbox 724 1693 776 1721; x_wconf 90' lang='lat' dir='ltr'>vero</span> <span class='ocrx_word' id='word_1_191' title='bbox 783 1674 898 1721; x_wconf 84' lang='lat' dir='ltr'>minimum</span> 
     </span>
     <span class='ocr_line' id='line_1_22' title="bbox 113 1741 899 1805; baseline -0.003 -10"><span class='ocrx_word' id='word_1_192' title='bbox 113 1746 216 1795; x_wconf 89' lang='lat' dir='ltr'>vitiorum</span> <span class='ocrx_word' id='word_1_193' title='bbox 228 1758 273 1794; x_wconf 87' lang='lat' dir='ltr'>erat</span> <span class='ocrx_word' id='word_1_194' title='bbox 285 1745 308 1794; x_wconf 92' lang='lat' dir='ltr'>in</span> <span class='ocrx_word' id='word_1_195' title='bbox 321 1765 353 1799; x_wconf 91' lang='lat' dir='ltr'>eo,</span> <span class='ocrx_word' id='word_1_196' title='bbox 366 1745 426 1804; x_wconf 86' lang='lat' dir='ltr'>quod</span> <span class='ocrx_word' id='word_1_197' title='bbox 438 1766 507 1805; x_wconf 84' lang='lat' dir='ltr'>aeque</span> <span class='ocrx_word' id='word_1_198' title='bbox 518 1741 590 1794; x_wconf 88' lang='lat' dir='ltr'>sontes</span> <span class='ocrx_word' id='word_1_199' title='bbox 603 1758 669 1804; x_wconf 89' lang='lat' dir='ltr'>atque</span> <span class='ocrx_word' id='word_1_200' title='bbox 680 1747 777 1799; x_wconf 83' lang='lat' dir='ltr'>insontes</span> <span class='ocrx_word' id='word_1_201' title='bbox 789 1758 899 1794; x_wconf 86' lang='lat' dir='ltr'>accusaret</span> 
     </span>
     <span class='ocr_line' id='line_1_23' title="bbox 114 1818 899 1879; baseline 0 -10"><span class='ocrx_word' id='word_1_202' title='bbox 114 1818 191 1875; x_wconf 84' lang='lat' dir='ltr'>libens,</span> <span class='ocrx_word' id='word_1_203' title='bbox 206 1839 246 1869; x_wconf 91' lang='lat' dir='ltr'>nec</span> <span class='ocrx_word' id='word_1_204' title='bbox 267 1819 352 1878; x_wconf 88' lang='lat' dir='ltr'>saepius</span> <span class='ocrx_word' id='word_1_205' title='bbox 362 1837 439 1869; x_wconf 89' lang='lat' dir='ltr'>verum</span> <span class='ocrx_word' id='word_1_206' title='bbox 449 1839 475 1867; x_wconf 91' lang='lat' dir='ltr'>ex</span> <span class='ocrx_word' id='word_1_207' title='bbox 485 1839 511 1867; x_wconf 90' lang='lat' dir='ltr'>eo</span> <span class='ocrx_word' id='word_1_208' title='bbox 522 1839 588 1879; x_wconf 86' lang='lat' dir='ltr'>quam</span> <span class='ocrx_word' id='word_1_209' title='bbox 598 1819 657 1868; x_wconf 90' lang='lat' dir='ltr'>bono</span> <span class='ocrx_word' id='word_1_210' title='bbox 667 1839 694 1868; x_wconf 88' lang='lat' dir='ltr'>ex</span> <span class='ocrx_word' id='word_1_211' title='bbox 703 1819 750 1868; x_wconf 92' lang='lat' dir='ltr'>viro</span> <span class='ocrx_word' id='word_1_212' title='bbox 762 1818 899 1877; x_wconf 83' lang='lat' dir='ltr'>mendacium</span> 
     </span>
     <span class='ocr_line' id='line_1_24' title="bbox 113 1892 898 1951; baseline 0 -11"><span class='ocrx_word' id='word_1_213' title='bbox 113 1892 231 1941; x_wconf 84' lang='lat' dir='ltr'>audiretur.</span> <span class='ocrx_word' id='word_1_214' title='bbox 246 1892 297 1940; x_wconf 87' lang='lat' dir='ltr'>Erat</span> <span class='ocrx_word' id='word_1_215' title='bbox 312 1904 408 1951; x_wconf 88' lang='lat' dir='ltr'>preterea</span> <span class='ocrx_word' id='word_1_216' title='bbox 423 1892 517 1941; x_wconf 87' lang='lat' dir='ltr'>Senecae</span> <span class='ocrx_word' id='word_1_217' title='bbox 531 1893 640 1947; x_wconf 84' lang='lat' dir='ltr'>inimicus,</span> <span class='ocrx_word' id='word_1_218' title='bbox 654 1905 703 1941; x_wconf 92' lang='lat' dir='ltr'>tum</span> <span class='ocrx_word' id='word_1_219' title='bbox 717 1893 784 1951; x_wconf 87' lang='lat' dir='ltr'>quod,</span> <span class='ocrx_word' id='word_1_220' title='bbox 799 1905 824 1941; x_wconf 91' lang='lat' dir='ltr'>ut</span> <span class='ocrx_word' id='word_1_221' title='bbox 837 1894 898 1951; x_wconf 85' lang='lat' dir='ltr'>&#39;pravi</span> 
     </span>
    </p>

    <p class='ocr_par' dir='ltr' id='par_1_10' title="bbox 70 1963 899 2168">
     <span class='ocr_line' id='line_1_25' title="bbox 74 1963 899 2024; baseline 0.001 -11"><span class='ocrx_word' id='word_1_222' title='bbox 74 1994 76 1997; x_wconf 37' lang='lat' dir='ltr'><strong>f</strong></span> <span class='ocrx_word' id='word_1_223' title='bbox 100 1964 191 2020; x_wconf 70' lang='lat' dir='ltr'>&#39;solent</span> <span class='ocrx_word' id='word_1_224' title='bbox 204 1965 278 2014; x_wconf 88' lang='lat' dir='ltr'>oderet</span> <span class='ocrx_word' id='word_1_225' title='bbox 289 1965 365 2021; x_wconf 84' lang='lat' dir='ltr'>bonos,</span> <span class='ocrx_word' id='word_1_226' title='bbox 377 1978 426 2014; x_wconf 89' lang='lat' dir='ltr'>tum</span> <span class='ocrx_word' id='word_1_227' title='bbox 438 1966 499 2024; x_wconf 88' lang='lat' dir='ltr'>quod</span> <span class='ocrx_word' id='word_1_228' title='bbox 509 1978 634 2014; x_wconf 87' lang='lat' dir='ltr'>accusatum</span> <span class='ocrx_word' id='word_1_229' title='bbox 643 1986 669 2019; x_wconf 65' lang='lat' dir='ltr'>‚se</span> <span class='ocrx_word' id='word_1_230' title='bbox 679 1965 707 2014; x_wconf 87' lang='lat' dir='ltr'>ab</span> <span class='ocrx_word' id='word_1_231' title='bbox 719 1985 745 2014; x_wconf 88' lang='lat' dir='ltr'>eo</span> <span class='ocrx_word' id='word_1_232' title='bbox 757 1965 798 2014; x_wconf 85' lang='lat' dir='ltr'>sub</span> <span class='ocrx_word' id='word_1_233' title='bbox 810 1963 899 2014; x_wconf 83' lang='lat' dir='ltr'>Nerone</span> 
     </span>
     <span class='ocr_line' id='line_1_26' title="bbox 70 2037 898 2097; baseline -0.002 -10"><span class='ocrx_word' id='word_1_234' title='bbox 70 2039 98 2087; x_wconf 82' lang='grc'>25</span> <span class='ocrx_word' id='word_1_235' title='bbox 113 2051 205 2097; x_wconf 87' lang='lat' dir='ltr'>putaret.</span> <span class='ocrx_word' id='word_1_236' title='bbox 221 2039 314 2087; x_wconf 86' lang='lat' dir='ltr'>Claudio</span> <span class='ocrx_word' id='word_1_237' title='bbox 328 2040 364 2087; x_wconf 90' lang='lat' dir='ltr'>hic</span> <span class='ocrx_word' id='word_1_238' title='bbox 372 2038 483 2087; x_wconf 74' lang='lat' dir='ltr'>familiaris</span> <span class='ocrx_word' id='word_1_239' title='bbox 492 2052 513 2086; x_wconf 89' lang='lat' dir='ltr'>et</span> <span class='ocrx_word' id='word_1_240' title='bbox 522 2058 583 2087; x_wconf 86' lang='lat' dir='ltr'>carus</span> <span class='ocrx_word' id='word_1_241' title='bbox 593 2037 703 2087; x_wconf 73' lang='lat' dir='ltr'>familiaris</span> <span class='ocrx_word' id='word_1_242' title='bbox 712 2039 782 2087; x_wconf 82' lang='lat' dir='ltr'>luerat</span> <span class='ocrx_word' id='word_1_243' title='bbox 791 2052 812 2088; x_wconf 92' lang='lat' dir='ltr'>et</span> <span class='ocrx_word' id='word_1_244' title='bbox 821 2052 898 2087; x_wconf 85' lang='lat' dir='ltr'>cuncta</span> 
     </span>
     <span class='ocr_line' id='line_1_27' title="bbox 114 2110 898 2168; baseline -0.003 -10"><span class='ocrx_word' id='word_1_245' title='bbox 114 2111 137 2158; x_wconf 89' lang='lat' dir='ltr'>in</span> <span class='ocrx_word' id='word_1_246' title='bbox 152 2130 174 2158; x_wconf 94' lang='lat' dir='ltr'>se</span> <span class='ocrx_word' id='word_1_247' title='bbox 189 2110 262 2168; x_wconf 84' lang='lat' dir='ltr'>legum</span> <span class='ocrx_word' id='word_1_248' title='bbox 271 2131 296 2158; x_wconf 87' lang='lat' dir='ltr'>ac</span> <span class='ocrx_word' id='word_1_249' title='bbox 307 2111 471 2168; x_wconf 82' lang='lat' dir='ltr'>magistratuum</span> <span class='ocrx_word' id='word_1_250' title='bbox 481 2111 555 2159; x_wconf 90' lang='lat' dir='ltr'>munia</span> <span class='ocrx_word' id='word_1_251' title='bbox 564 2123 663 2159; x_wconf 85' lang='lat' dir='ltr'>traxerat.</span> <span class='ocrx_word' id='word_1_252' title='bbox 674 2111 723 2159; x_wconf 90' lang='lat' dir='ltr'>Hoc</span> <span class='ocrx_word' id='word_1_253' title='bbox 733 2111 804 2159; x_wconf 90' lang='lat' dir='ltr'>solum</span> <span class='ocrx_word' id='word_1_254' title='bbox 813 2111 898 2158; x_wconf 88' lang='lat' dir='ltr'>virtutis</span> 
     </span>
    </p>

    <p class='ocr_par' dir='ltr' id='par_1_11' title="bbox 113 2183 899 2398">
     <span class='ocr_line' id='line_1_28' title="bbox 113 2183 899 2243; baseline 0.001 -12"><span class='ocrx_word' id='word_1_255' title='bbox 113 2184 136 2232; x_wconf 90' lang='lat' dir='ltr'>in</span> <span class='ocrx_word' id='word_1_256' title='bbox 151 2205 177 2232; x_wconf 90' lang='lat' dir='ltr'>eo</span> <span class='ocrx_word' id='word_1_257' title='bbox 191 2183 284 2240; x_wconf 87' lang='lat' dir='ltr'>lucebat,</span> <span class='ocrx_word' id='word_1_258' title='bbox 298 2183 358 2243; x_wconf 86' lang='lat' dir='ltr'>quod</span> <span class='ocrx_word' id='word_1_259' title='bbox 370 2196 426 2233; x_wconf 92' lang='lat' dir='ltr'>esset</span> <span class='ocrx_word' id='word_1_260' title='bbox 438 2183 545 2233; x_wconf 75' lang='lat' dir='ltr'>facundus</span> <span class='ocrx_word' id='word_1_261' title='bbox 557 2184 631 2243; x_wconf 80' lang='lat' dir='ltr'>lingua</span> <span class='ocrx_word' id='word_1_262' title='bbox 644 2196 665 2233; x_wconf 86' lang='lat' dir='ltr'>et</span> <span class='ocrx_word' id='word_1_263' title='bbox 678 2184 755 2233; x_wconf 89' lang='lat' dir='ltr'>doctus</span> <span class='ocrx_word' id='word_1_264' title='bbox 768 2196 846 2239; x_wconf 89' lang='lat' dir='ltr'>orator,</span> <span class='ocrx_word' id='word_1_265' title='bbox 860 2184 899 2232; x_wconf 90' lang='lat' dir='ltr'>sed</span> 
     </span>
     <span class='ocr_line' id='line_1_29' title="bbox 115 2256 898 2324; baseline 0 -20"><span class='ocrx_word' id='word_1_266' title='bbox 115 2257 174 2304; x_wconf 90' lang='lat' dir='ltr'>omni</span> <span class='ocrx_word' id='word_1_267' title='bbox 190 2257 315 2321; x_wconf 79' lang='lat' dir='ltr'>cupiditate,</span> <span class='ocrx_word' id='word_1_268' title='bbox 328 2257 426 2311; x_wconf 88' lang='lat' dir='ltr'>avaricia,</span> <span class='ocrx_word' id='word_1_269' title='bbox 440 2257 519 2305; x_wconf 91' lang='lat' dir='ltr'>scelere</span> <span class='ocrx_word' id='word_1_270' title='bbox 532 2256 617 2316; x_wconf 91' lang='lat' dir='ltr'>plenus.</span> <span class='ocrx_word' id='word_1_271' title='bbox 631 2256 748 2324; x_wconf 85' lang='lat' dir='ltr'>Neminem</span> <span class='ocrx_word' id='word_1_272' title='bbox 761 2257 784 2304; x_wconf 93' lang='lat' dir='ltr'>ni</span> <span class='ocrx_word' id='word_1_273' title='bbox 798 2257 847 2305; x_wconf 85' lang='lat' dir='ltr'>data</span> <span class='ocrx_word' id='word_1_274' title='bbox 859 2278 898 2314; x_wconf 91' lang='lat' dir='ltr'>pe-</span> 
     </span>
     <span class='ocr_line' id='line_1_30' title="bbox 114 2328 899 2398; baseline 0 -21"><span class='ocrx_word' id='word_1_275' title='bbox 114 2329 178 2378; x_wconf 89' lang='lat' dir='ltr'>cunia</span> <span class='ocrx_word' id='word_1_276' title='bbox 190 2329 313 2378; x_wconf 84' lang='lat' dir='ltr'>adiuvabat.</span> <span class='ocrx_word' id='word_1_277' title='bbox 326 2328 388 2377; x_wconf 88' lang='lat' dir='ltr'>Nihil</span> <span class='ocrx_word' id='word_1_278' title='bbox 401 2329 460 2378; x_wconf 90' lang='lat' dir='ltr'>enirn</span> <span class='ocrx_word' id='word_1_279' title='bbox 473 2330 514 2378; x_wconf 86' lang='lat' dir='ltr'>hoc</span> <span class='ocrx_word' id='word_1_280' title='bbox 527 2330 554 2378; x_wconf 85' lang='lat' dir='ltr'>ab</span> <span class='ocrx_word' id='word_1_281' title='bbox 568 2330 663 2383; x_wconf 86' lang='lat' dir='ltr'>homine,</span> <span class='ocrx_word' id='word_1_282' title='bbox 677 2330 731 2378; x_wconf 88' lang='lat' dir='ltr'>dum</span> <span class='ocrx_word' id='word_1_283' title='bbox 743 2329 840 2386; x_wconf 86' lang='lat' dir='ltr'>potentia</span> <span class='ocrx_word' id='word_1_284' title='bbox 852 2329 899 2398; x_wconf 54' lang='lat' dir='ltr'>eius</span> 
     </span>
    </p>

    <p class='ocr_par' dir='ltr' id='par_1_12' title="bbox 71 2400 900 2680">
     <span class='ocr_line' id='line_1_31' title="bbox 71 2400 898 2461; baseline 0.002 -14"><span class='ocrx_word' id='word_1_285' title='bbox 71 2401 100 2448; x_wconf 82' lang='lat'>30</span> <span class='ocrx_word' id='word_1_286' title='bbox 115 2401 156 2448; x_wconf 81' lang='lat' dir='ltr'>sub</span> <span class='ocrx_word' id='word_1_287' title='bbox 171 2400 263 2454; x_wconf 89' lang='lat' dir='ltr'>Claudio</span> <span class='ocrx_word' id='word_1_288' title='bbox 278 2401 357 2455; x_wconf 88' lang='lat' dir='ltr'>floruit,</span> <span class='ocrx_word' id='word_1_289' title='bbox 371 2402 535 2459; x_wconf 88' lang='lat' dir='ltr'>pretermissum</span> <span class='ocrx_word' id='word_1_290' title='bbox 547 2414 579 2451; x_wconf 90' lang='lat' dir='ltr'>est</span> <span class='ocrx_word' id='word_1_291' title='bbox 590 2403 650 2451; x_wconf 90' lang='lat' dir='ltr'>unde</span> <span class='ocrx_word' id='word_1_292' title='bbox 662 2403 777 2460; x_wconf 86' lang='lat' dir='ltr'>pecuniam</span> <span class='ocrx_word' id='word_1_293' title='bbox 788 2414 826 2450; x_wconf 85' lang='lat' dir='ltr'>aut</span> <span class='ocrx_word' id='word_1_294' title='bbox 836 2402 898 2461; x_wconf 75' lang='lat' dir='ltr'>leno-</span> 
     </span>
     <span class='ocr_line' id='line_1_32' title="bbox 114 2473 899 2533; baseline -0.001 -12"><span class='ocrx_word' id='word_1_295' title='bbox 114 2474 180 2521; x_wconf 83' lang='lat' dir='ltr'>cinari</span> <span class='ocrx_word' id='word_1_296' title='bbox 194 2486 232 2521; x_wconf 88' lang='lat' dir='ltr'>aut</span> <span class='ocrx_word' id='word_1_297' title='bbox 240 2485 368 2532; x_wconf 88' lang='lat' dir='ltr'>extorquere</span> <span class='ocrx_word' id='word_1_298' title='bbox 377 2487 457 2532; x_wconf 84' lang='lat' dir='ltr'>posset.</span> <span class='ocrx_word' id='word_1_299' title='bbox 467 2474 583 2523; x_wconf 84' lang='lat' dir='ltr'>Materiam</span> <span class='ocrx_word' id='word_1_300' title='bbox 592 2475 632 2523; x_wconf 89' lang='lat' dir='ltr'>iste</span> <span class='ocrx_word' id='word_1_301' title='bbox 641 2473 746 2533; x_wconf 88' lang='lat' dir='ltr'>predandi</span> <span class='ocrx_word' id='word_1_302' title='bbox 755 2474 797 2522; x_wconf 90' lang='lat' dir='ltr'>sub</span> <span class='ocrx_word' id='word_1_303' title='bbox 806 2473 899 2522; x_wconf 86' lang='lat' dir='ltr'>Claudio</span> 
     </span>
     <span class='ocr_line' id='line_1_33' title="bbox 114 2545 899 2607; baseline 0 -13"><span class='ocrx_word' id='word_1_304' title='bbox 114 2546 215 2605; x_wconf 75' lang='lat' dir='ltr'>patefecit</span> <span class='ocrx_word' id='word_1_305' title='bbox 223 2560 289 2607; x_wconf 86' lang='lat' dir='ltr'>atque</span> <span class='ocrx_word' id='word_1_306' title='bbox 297 2548 326 2594; x_wconf 88' lang='lat' dir='ltr'>ita</span> <span class='ocrx_word' id='word_1_307' title='bbox 335 2545 436 2606; x_wconf 84' lang='lat' dir='ltr'>patelecit</span> <span class='ocrx_word' id='word_1_308' title='bbox 445 2547 506 2606; x_wconf 87' lang='lat' dir='ltr'>quod</span> <span class='ocrx_word' id='word_1_309' title='bbox 514 2547 567 2596; x_wconf 86' lang='lat' dir='ltr'>nilril</span> <span class='ocrx_word' id='word_1_310' title='bbox 576 2546 676 2607; x_wconf 87' lang='lat' dir='ltr'>publicae</span> <span class='ocrx_word' id='word_1_311' title='bbox 686 2547 762 2596; x_wconf 88' lang='lat' dir='ltr'>mercis</span> <span class='ocrx_word' id='word_1_312' title='bbox 771 2559 816 2594; x_wconf 87' lang='lat' dir='ltr'>tam</span> <span class='ocrx_word' id='word_1_313' title='bbox 824 2547 899 2596; x_wconf 88' lang='lat' dir='ltr'>venale</span> 
     </span>
     <span class='ocr_line' id='line_1_34' title="bbox 113 2620 900 2680; baseline 0.003 -13"><span class='ocrx_word' id='word_1_314' title='bbox 113 2640 207 2679; x_wconf 87' lang='lat' dir='ltr'>usquam</span> <span class='ocrx_word' id='word_1_315' title='bbox 221 2633 277 2669; x_wconf 91' lang='lat' dir='ltr'>esset</span> <span class='ocrx_word' id='word_1_316' title='bbox 291 2641 357 2679; x_wconf 87' lang='lat' dir='ltr'>quam</span> <span class='ocrx_word' id='word_1_317' title='bbox 369 2623 418 2679; x_wconf 87' lang='lat' dir='ltr'>ipso</span> <span class='ocrx_word' id='word_1_318' title='bbox 429 2634 516 2671; x_wconf 89' lang='lat' dir='ltr'>auctore</span> <span class='ocrx_word' id='word_1_319' title='bbox 528 2621 619 2680; x_wconf 85' lang='lat' dir='ltr'>perfidia</span> <span class='ocrx_word' id='word_1_320' title='bbox 629 2621 790 2670; x_wconf 63' lang='lat' dir='ltr'>advocatorum}</span> <span class='ocrx_word' id='word_1_321' title='bbox 803 2620 900 2669; x_wconf 86' lang='lat' dir='ltr'>Cautum</span> 
     </span>
    </p>
   </div>
   <div class='ocr_carea' id='block_1_5' title="bbox 107 2729 357 2798">
    <p class='ocr_par' dir='ltr' id='par_1_13' title="bbox 107 2729 357 2798">
     <span class='ocr_line' id='line_1_35' title="bbox 107 2729 357 2798; baseline 0.012 -5"><span class='ocrx_word' id='word_1_322' title='bbox 107 2757 123 2795; x_wconf 73' lang='lat'>6.</span> <span class='ocrx_word' id='word_1_323' title='bbox 136 2733 177 2796; x_wconf 71' lang='lat' dir='ltr'>&#39;lac-</span> <span class='ocrx_word' id='word_1_324' title='bbox 190 2760 232 2798; x_wconf 71' lang='lat' dir='ltr'>Ana.</span> <span class='ocrx_word' id='word_1_325' title='bbox 244 2759 290 2797; x_wconf 84' lang='lat' dir='ltr'>Xlll.</span> <span class='ocrx_word' id='word_1_326' title='bbox 303 2759 332 2797; x_wconf 83' lang='lat'>42.</span> <span class='ocrx_word' id='word_1_327' title='bbox 355 2729 357 2733; x_wconf 62' lang='lat'><em>&#39;</em></span> 
     </span>
    </p>
   </div>
   <div class='ocr_carea' id='block_1_6' title="bbox 73 2835 214 2846">
    <p class='ocr_par' dir='ltr' id='par_1_14' title="bbox 73 2835 214 2846">
     <span class='ocr_line' id='line_1_36' title="bbox 73 2835 214 2846; baseline 0.014 -2"><span class='ocrx_word' id='word_1_328' title='bbox 73 2835 214 2846; x_wconf 75' lang='lat'>--.-.</span> 
     </span>
    </p>
   </div>
   <div class='ocr_carea' id='block_1_7' title="bbox 74 2867 899 3002">
    <p class='ocr_par' dir='ltr' id='par_1_15' title="bbox 74 2867 899 3002">
     <span class='ocr_line' id='line_1_37' title="bbox 89 2867 899 2939; baseline 0.005 -16"><span class='ocrx_word' id='word_1_329' title='bbox 89 2904 91 2906; x_wconf 97' lang='lat'>·</span> <span class='ocrx_word' id='word_1_330' title='bbox 112 2876 131 2923; x_wconf 85' lang='lat'>4.</span> <span class='ocrx_word' id='word_1_331' title='bbox 142 2878 263 2936; x_wconf 74' lang='lat' dir='ltr'>(perlspiciat</span> <span class='ocrx_word' id='word_1_332' title='bbox 272 2887 286 2927; x_wconf 85' lang='lat' dir='ltr'>t.</span> <span class='ocrx_word' id='word_1_333' title='bbox 294 2900 310 2927; x_wconf 88' lang='lat' dir='ltr'>r.</span> <span class='ocrx_word' id='word_1_334' title='bbox 320 2881 370 2937; x_wconf 84' lang='lat' dir='ltr'>(erat</span> <span class='ocrx_word' id='word_1_335' title='bbox 380 2881 483 2939; x_wconf 83' lang='lat' dir='ltr'>percipiat)</span> <span class='ocrx_word' id='word_1_336' title='bbox 492 2881 512 2927; x_wconf 94' lang='grc' dir='ltr'>Ο</span> <span class='ocrx_word' id='word_1_337' title='bbox 522 2882 626 2937; x_wconf 84' lang='lat' dir='ltr'>perspiciat</span> <span class='ocrx_word' id='word_1_338' title='bbox 636 2882 659 2928; x_wconf 89' lang='lat' dir='ltr'>F.</span> <span class='ocrx_word' id='word_1_339' title='bbox 715 2880 747 2926; x_wconf 79' lang='grc'>21.</span> <span class='ocrx_word' id='word_1_340' title='bbox 756 2867 819 2938; x_wconf 86' lang='lat' dir='ltr'>aeque</span> <span class='ocrx_word' id='word_1_341' title='bbox 829 2888 843 2927; x_wconf 84' lang='grc' dir='ltr'>ι’.</span> <span class='ocrx_word' id='word_1_342' title='bbox 853 2899 869 2926; x_wconf 86' lang='lat' dir='ltr'>r.</span> <span class='ocrx_word' id='word_1_343' title='bbox 878 2881 899 2927; x_wconf 90' lang='grc' dir='ltr'>Ο</span> 
     </span>
     <span class='ocr_line' id='line_1_38' title="bbox 74 2944 533 3002; baseline 0.015 -15"><span class='ocrx_word' id='word_1_344' title='bbox 74 2944 94 2987; x_wconf 88' lang='lat' dir='ltr'>in</span> <span class='ocrx_word' id='word_1_345' title='bbox 108 2964 132 2989; x_wconf 86' lang='lat' dir='ltr'>eo</span> <span class='ocrx_word' id='word_1_346' title='bbox 146 2946 202 3002; x_wconf 88' lang='lat' dir='ltr'>quod</span> <span class='ocrx_word' id='word_1_347' title='bbox 216 2965 256 2991; x_wconf 90' lang='lat' dir='ltr'>non</span> <span class='ocrx_word' id='word_1_348' title='bbox 270 2948 337 3002; x_wconf 89' lang='lat' dir='ltr'>sepius</span> <span class='ocrx_word' id='word_1_349' title='bbox 351 2966 420 2995; x_wconf 86' lang='lat' dir='ltr'>verum</span> <span class='ocrx_word' id='word_1_350' title='bbox 434 2968 458 2994; x_wconf 93' lang='lat' dir='ltr'>ex</span> <span class='ocrx_word' id='word_1_351' title='bbox 472 2968 496 2994; x_wconf 91' lang='lat' dir='ltr'>eo</span> <span class='ocrx_word' id='word_1_352' title='bbox 511 2949 533 2995; x_wconf 74' lang='lat' dir='ltr'>F.</span> 
     </span>
    </p>
   </div>
   <div class='ocr_carea' id='block_1_8' title="bbox 0 0 1054 3253">
    <p class='ocr_par' dir='ltr' id='par_1_16' title="bbox 0 0 1054 3253">
     <span class='ocr_line' id='line_1_39' title="bbox 0 0 1054 3253; baseline 0 0"><span class='ocrx_word' id='word_1_353' title='bbox 0 0 1054 3253; x_wconf 95' lang='lat' dir='ltr'> </span> 
     </span>
    </p>
   </div>
  </div>
 </body>
</html>
