2093 3253
251 190 379 221 scarrroxuru
394 190 517 222 ritusvxrurn
531 192 544 207 ’-
558 189 615 220 trata
631 189 649 220 x.
673 194 674 197 ¹
820 175 859 221 287

76 306 149 355 vinam
164 303 321 365 frequentiores
332 305 423 355 adirent.
434 305 524 364 ,Quippe
535 305 572 354 illo
583 305 681 359 ascendit
691 305 781 353 tandem
797 305 859 353 Cice-

76 379 135 427 ronis
146 399 233 432 nomen,
245 379 299 431 laus,
310 377 372 427 lama,
378 378 439 435 quod
449 370 472 426 in
483 377 538 432 loro,
550 380 573 426 in
584 380 651 431 curia,
663 379 686 425 in
702 378 764 432 urbe,
776 378 799 424 in
809 396 860 435 pro-

75 449 152 500 vinciis
161 449 221 509 apud
229 469 305 499 omnes
314 449 435 499 excelleret.
445 449 544 499 Tantum
553 451 615 499 enim·
622 443 643 499 et
653 451 741 509 ingenio
750 463 771 517 et
780 449 861 499 virtute

76 543 114 571 sua
128 536 160 571 est
175 523 252 571 Cicero
266 537 287 571 et
301 523 390 571 honoris
403 537 425 571 et
439 523 518 581 gloriae
531 537 643 572 assecutus
657 523 718 583 quod
731 522 792 570 eain
806 522 860 570 urbe

50 598 62 648 5
78 616 133 656 quae
148 596 232 655 magnis
246 595 414 656 clarissimisque
427 596 510 646 civibus
524 596 588 656 plena
602 610 658 645 esset
677 618 721 645 non
740 595 860 654 largitione,

76 689 120 717 non
136 670 243 718 maiorum
250 669 353 723 claritate,
361 682 386 718 ut
393 669 429 721 alii
438 668 556 723 multi,sed
562 671 649 722 virtute,
658 670 770 726 sapientia,
784 669 861 716 liuma-

77 740 144 789 nitate
159 760 197 793 sua
208 741 291 789 cunctis
302 739 410 800 suffragiis
421 760 476 800 quos
487 744 570 800 peteret
581 741 719 800 magistratus
730 752 752 790 et
765 739 860 790 urbanos

76 826 97 863 et
112 813 255 873 provinciales
267 814 333 863 etiam
345 834 434 872 magnos
446 835 471 863 ac
480 834 577 863 summos
586 814 682 864 liaberet.
690 814 754 863 Adde
763 814 823 874 quod
835 834 859 862 ea

76 887 99 934 in
114 904 137 933 re
151 888 305 944 competitores
317 887 383 934 etiam
395 886 543 948 nobilissimos
555 900 621 945 atque
633 886 735 945 patricios
741 899 860 947 superaret,

39 962 63 1008 ll]
78 959 157 1017 Neque
163 977 214 1006 vero
220 959 410 1018 evenitnunquam
416 958 557 1017 quodcivitas
563 959 671 1019 ipsaquae
677 958 722 1006 sola
728 958 861 1016 imperitaret

77 1031 312 1091 orbi,cumtrepidaret
320 1030 431 1081 interdurn
437 1031 465 1080 ob
471 1031 553 1081 civium
561 1030 674 1080 sceleratas
682 1029 861 1089 factionesatque

76 1104 202 1159 discordias,
213 1104 242 1152 ad
252 1124 304 1153 eum
313 1125 390 1158 unum,
402 1117 427 1153 ut
442 1123 489 1153 rem
504 1102 616 1163 publicam
632 1116 782 1157 conservaret,
792 1101 858 1151 veluti

76 1190 178 1225 constans
188 1197 213 1225 ac
220 1177 287 1233 ¹li'rlele
298 1177 438 1234 praesidium,
445 1195 558 1225 recursum
566 1177 655 1225 haberet
664 1176 754 1234 eiusque
765 1195 830 1232 opem
840 1189 862 1223 et

77 1248 194 1298 consilium
204 1248 337 1307 imploraret.

40 1322 63 1372 l5
120 1320 172 1370 Sed
180 1321 208 1370 de
223 1321 256 1370 liis
265 1334 341 1380 postea
349 1342 401 1370 cum
410 1321 470 1370 locus
480 1323 528 1370 erit.
538 1321 721 1381 Quinquennium
730 1334 804 1369 autem
813 1333 862 1379 post

76 1407 222 1454 quaesturam,
238 1415 289 1442 cum
304 1394 392 1443 interim
407 1408 463 1443 esset
478 1394 501 1442 in
516 1392 564 1442 loro
578 1393 712 1454 amplissima
727 1414 779 1442 cum
791 1393 862 1442 laude

76 1480 173 1516 versatus
187 1487 311 1526 nomenque
325 1467 381 1515 inter
395 1479 497 1525 patronos
511 1467 596 1515 celebre
609 1487 634 1515 ac
648 1487 752 1524 magnum
766 1466 861 1529 haberet,

76 1535 152 1589 aedilis
164 1551 248 1589 creatus
260 1552 300 1588 est.
313 1538 420 1588 Consules
432 1551 481 1588 tum
493 1538 538 1588 Gn.
551 1539 668 1599 Pompeius
684 1539 781 1598 primum
793 1552 815 1587 et
827 1538 861 1587 M.

77 1613 168 1663 Crassus
174 1640 177 1645 ==
184 1625 251 1662 erant.
266 1612 307 1661 His
321 1612 399 1661 diebus
412 1613 526 1661 accusavit
535 1612 561 1661 Ci
576 1612 674 1668 Verrem,
689 1632 761 1672 neque
774 1609 826 1660 vero
840 1611 863 1660 id

37 1688 64 1736 20
78 1700 157 1745 sponte
165 1699 203 1734 aut
212 1685 357 1735 malivolentia
365 1685 409 1734 ulla
417 1686 455 1733 sed
462 1704 570 1734 amoreyac
577 1686 678 1743 precibus
685 1685 809 1733 Siculorum
818 1685 863 1732 vic-

76 1770 112 1806 tus
126 1756 185 1806 lecit.
194 1757 303 1805 Statuerat
311 1756 377 1810 enim,
385 1769 410 1804 ut
418 1756 470 1811 dixi,
478 1775 579 1805 accusare
586 1756 703 1810 neminem,
717 1776 789 1815 neque
801 1754 863 1804 illurn

77 1830 100 1877 in
115 1829 174 1877 diem
188 1840 312 1886 susceperat
333 1848 420 1877 causam
441 1827 508 1876 ullam
529 1828 589 1876 unde
610 1846 711 1877 accusare
737 1827 863 1887 quempiam

78 1913 194 1959 oporteret,
204 1900 265 1958 quod
273 1900 443 1965 sordidumesse
451 1900 567 1948 accusandi
578 1921 657 1948 munus
668 1913 689 1948 et
698 1901 770 1948 virum
780 1900 864 1948 bonum

78 1994 122 2022 non
138 1974 214 2022 decere
224 1986 370 2030 cognosceret.
384 1972 460 2032 lpsum
470 1992 528 2028 vero,
540 1985 565 2022 ut
575 1985 685 2022 servatum
696 1973 724 2021 ab
734 1993 760 2021 eo
772 1992 815 2032 ¹per
830 1986 863 2022 tot

38 2047 64 2096 25
79 2067 147 2097 annos
163 2061 246 2096 morem
257 2046 416 2105 consiliumque
427 2058 520 2095 mutaret
530 2067 555 2095 ac
565 2046 657 2095 Verrem
667 2046 783 2100 accusaret,
799 2048 864 2095 traxit

77 2119 148 2177 gravis
163 2138 225 2167 casus
241 2117 368 2178 solicitaque
384 2139 409 2166 ac
426 2118 516 2167 honesta
533 2120 609 2177 petitio
627 2119 759 2167 Siculorum
776 2119 864 2167 Praetor

78 2213 166 2252 nanque
175 2192 201 2241 C.
211 2191 289 2241 Verres
298 2192 417 2242 triennium
426 2193 449 2241 in
458 2192 532 2241 Sicilia
541 2192 611 2241 luerat
621 2212 712 2251 eamque
726 2191 821 2241 insulam
835 2194 864 2241 ita

77 2261 177 2316 tenuerat
191 2279 216 2315 ut
227 2266 333 2315 omissum
343 2265 371 2314 ab
382 2286 408 2314 eo
418 2266 528 2316 videretur
539 2266 594 2315 nihil
605 2268 667 2325 quod
676 2266 722 2315 ullo
733 2268 828 2325 pessimo
838 2287 863 2315 ac

78 2338 181 2387 scelerato
190 2359 203 2387 a
211 2351 310 2396 praetore
319 2339 342 2386 in
351 2338 493 2397 provinciales
502 2338 548 2386 fieri
554 2338 659 2397 superbe,
669 2339 792 2394 crudeliter,
802 2358 864 2387 avare

38 2409 65 2456 30
79 2423 160 2468 posset.
168 2410 262 2459 Proinde
269 2410 394 2458 Siculorum
401 2410 472 2467 legati,
477 2431 532 2458 cum
539 2409 624 2459 lVletelli
633 2411 762 2459 successoris
769 2412 865 2460 adventu
889 2448 891 2452 ι

79 2482 116 2532 ille
129 2483 241 2542 provincia
254 2482 401 2542 demigrasset,
417 2484 490 2542 ipsum
503 2482 579 2533 secuti*
587 2482 680 2532 Romam
693 2483 824 2533 advenerant
843 2496 865 2532 et

78 2556 217 2606 acerbissima
227 2556 381 2605 lamentatione
391 2556 518 2615 conquaesti
529 2556 603 2615 ipsum
613 2569 663 2605 ante
674 2556 747 2605 omnia
762 2569 864 2616 repetun-

78 2629 157 2677 darum
167 2628 313 2687 postulabant.
325 2628 455 2677 Ciceronem
465 2641 545 2683 autern,
557 2630 595 2687 qui
606 2649 654 2677 eam
664 2627 768 2694 insulam,
777 2642 801 2676 ut
813 2629 865 2682 dixi,

79 2700 209 2750 Lilibitanus
218 2714 320 2760 quaestor
327 2722 410 2750 annum
416 2701 519 2760 singulari
527 2701 665 2757 abstinentia,
672 2702 813 2764 humanitate,
820 2702 865 2752 ius-

44 2821 184 2831 *w

74 2888 96 2945 ¹3¹.
110 2888 164 2942 apud
178 2895 191 2933 ι’.
205 2908 221 2934 r.
277 2891 295 2934 7.
309 2907 345 2934 sua
358 2908 403 2933 sscr.
437 2900 439 2903 ’
461 2889 490 2934 13.
509 2902 569 2942 opem
588 2890 624 2944 elt)
643 2896 656 2934 ι’.
676 2897 699 2939 n:
718 2910 741 2935 ex
760 2888 865 2934 consilium

37 2959 101 3001 sinim
119 2973 168 3000 corr,
893 2955 894 2960 ¹
