2093 3253
158 196 201 247 452
456 214 551 247 srccoms
565 215 685 246 rotumum

199 331 346 389 adaequentur
362 330 439 377 habeat
454 347 520 384 raros,
536 331 558 377 in
573 330 639 378 altera
654 331 725 378 nullos
741 321 836 388 prorsus,
852 332 891 379 sed
906 332 947 379 isto
963 334 984 380 in

200 420 277 460 genere
287 401 403 462 principari
414 401 507 448 solus'ac
518 419 607 459 regnare
620 400 756 449 confessione
770 402 869 451 omnium
879 402 985 452 videatur.

195 475 357 524 'Recenseamus
372 473 438 532 igitur
454 473 533 532 scripta
550 493 595 529 sua,
613 474 651 523 sed
668 473 765 533 primum
782 494 837 534 quae
853 476 882 524 ad
898 474 984 524 dicendi

200 547 304 601 instituta,
316 546 395 594 deinde
406 566 462 604 quae
472 546 501 594 ad
512 546 598 597 uiuendi
611 566 681 595 mores
698 538 890 606 philosophiaeque
910 547 984 606 dispu-

173 623 186 670 5
202 621 293 670 tationes
308 640 332 668 ac
348 619 477 668 documenta
492 621 613 678 pertineant
628 620 747 670 videamus.
1045 618 1047 620 ’

242 691 408 741 Rhetoricorum
420 711 514 750 nanque,
527 703 551 740 ut
563 711 576 739 a
588 691 736 741 fundamentis
749 693 859 752 incipiam,
872 693 921 742 libri
934 708 984 742 sunt

200 789 212 816 a
227 766 332 816 Cicerone
343 765 446 825 primum,
458 786 513 825 quos
525 765 602 815 veteris
614 786 661 814 esse
672 765 723 814 artis
734 765 845 826 appellant
856 766 928 826 vulgo,
941 767 985 817 duo

201 840 282 898 scripti.
297 838 413 897 Quendam
425 838 484 896 enim
496 838 596 887 ordinem
608 851 760 897 preceptorum
772 860 828 898 quae
839 840 868 888 ad
880 840 985 890 rationem

201 910 286 959 dicendi
301 910 408 969 pertinere
419 909 544 957 viderentur
555 910 637 967 aperire
649 910 757 957 inchoavit
769 910 829 957 libris
840 912 894 965 istis,
906 912 985 960 deinde

160 985 187 1032 10
202 1002 253 1032 vero
267 995 332 1040 atque
347 981 416 1031 multo
430 980 526 1030 uberius
535 980 567 1030 his
583 981 610 1029 de
626 980 690 1029 rebus
705 981 795 1030 diseruit
809 981 856 1031 aliis
872 982 931 1032 libris
947 986 984 1044 qui

200 1068 251 1105 sunt
265 1055 316 1104 artis
331 1074 399 1103 novae
414 1073 454 1113 pro
469 1053 570 1113 quadam,
586 1072 641 1108 reor,
657 1054 794 1113 superiorum
805 1054 930 1104 differentia
946 1048 984 1105 no·

201 1128 283 1177 minati.
299 1127 337 1176 Rei
353 1146 439 1186 nanque
454 1126 558 1176 oratoriae
571 1146 647 1175 omnes
661 1138 732 1185 partes
745 1146 771 1175 ac
784 1126 925 1177 fundamenta
939 1131 984 1178 istis

201 1202 223 1251 in
238 1200 298 1250 libris
313 1201 370 1249 iecit.
383 1199 469 1249 Horum
481 1212 554 1249 autem
567 1199 594 1249 de
606 1210 697 1249 numero
709 1201 789 1249 sentire
800 1202 858 1251 varie
870 1202 935 1252 etiam
946 1223 985 1261 pe-

202 1275 253 1322 ritos
259 1273 362 1321 invenio.
379 1271 430 1320 Illos
444 1292 531 1330 nanque
545 1272 735 1330 grammaticorum
750 1274 851 1331 magister
864 1274 985 1323 Priscianus

162 1350 187 1398 15
203 1369 249 1397 esse
263 1346 329 1396 libros
347 1366 384 1395 sex
402 1357 514 1394 memorat.
533 1343 659 1394 Leonardus
676 1344 786 1401 Aretinus‚
804 1345 895 1406 diligens
913 1366 985 1397 rerum

201 1419 312 1468 Ciceronis
322 1419 460 1476 investigator
470 1439 495 1466 ac
505 1431 593 1466 ornatus
603 1431 624 1466 et
635 1418 712 1466 doctus
722 1419 821 1475 scriptor,
832 1437 879 1465 esse
888 1418 985 1476 quinque
1038 1422 1047 1474 ’ῖῖ

202 1492 260 1546 dicit,
276 1512 331 1551 quae
345 1503 418 1539 autem
435 1491 492 1547 viget
509 1490 632 1539 communis
649 1490 708 1548 apud
726 1489 806 1538 multos
823 1489 888 1538 etiam
905 1490 985 1548 peritos

201 1564 275 1624 opinio
289 1577 391 1623 quattuor
405 1583 451 1611 esse
464 1563 537 1612 tradit.
551 1562 674 1611 Adhaerere
688 1563 734 1611 istis
748 1562 833 1611 videtur
847 1575 918 1611 textus
932 1563 984 1622 ipse.

201 1637 239 1697 qui
254 1636 283 1686 ita
297 1636 431 1694 compositus
442 1647 508 1694 atque
520 1635 601 1684 divisus
613 1648 645 1684 est
657 1648 681 1683 ut
693 1636 741 1693 ipso
753 1655 765 1683 a
777 1633 882 1683 Cicerone
893 1635 984 1684 ordinati

159 1713 189 1760 20
204 1710 270 1760 modo
284 1709 333 1757 libri
348 1720 450 1767 quattuor
467 1708 588 1757 videantur.
662 1742 663 1745 =

243 1782 289 1831 Sed
304 1783 326 1830 hi
342 1794 397 1830 sunt
417 1781 445 1830 ab
461 1801 487 1830 eo
503 1781 526 1829 in
550 1781 664 1830 rhetoricis
685 1800 724 1838 per
745 1780 882 1829 iuventutem
902 1782 984 1839 scripti.
1039 1786 1044 1824 ,Σ

202 1849 352 1914 Philosophiae
366 1853 455 1913 quidem
475 1867 522 1903 tum
541 1853 642 1903 studebat
661 1853 745 1908 Cicero;
765 1866 839 1913 postea
858 1874 916 1909 vero,
935 1875 985 1904 cum
1044 1882 1047 1885 <

202 1942 257 1978 esset
270 1941 322 1982 arte,
338 1929 495 1981 exercitatione,
510 1941 579 1976 aetate
593 1941 690 1976 maturus
704 1940 771 1985 atque
784 1927 897 1975 consulatu
911 1941 985 1975 exacto

202 2013 257 2051 esset
271 1999 299 2048 ab
314 1998 377 2047 exilio
387 2011 506 2053 revocatus,
518 2019 579 2059 quos,
591 2012 616 2046 ut
626 1998 678 2053 dixi,
689 1997 756 2045 libros
767 2010 788 2045 et
798 2018 867 2047 novae
877 2012 898 2059 et
908 2000 985 2047 veteris
1039 2009 1047 2057 ᾗ

158 2076 187 2123 25
203 2074 253 2122 artis
267 2074 309 2120 iam
322 2072 399 2130 perdiu
411 2084 461 2119 ante
474 2072 557 2119 iuvenis
571 2073 690 2130 scripserat,
704 2091 741 2120 eos
754 2072 922 2129 haudquaquam
935 2074 985 2121 satis

202 2146 278 2203 dignos
293 2146 363 2192 causis
378 2163 431 2203 quas
446 2143 524 2202 egisset
539 2156 613 2201 postea
628 2144 667 2192 sed
680 2145 741 2201 quasi
756 2143 849 2201 pueriles
860 2164 885 2191 ac
895 2145 985 2203 scriptos
1036 2138 1047 2210 J

201 2237 240 2277 per
253 2216 420 2266 adolescentiam
435 2216 549 2274 reputavit.
565 2215 659 2265 Proinde
673 2236 724 2265 cum
740 2216 780 2264 sibi
797 2216 838 2264 hoc
852 2230 950 2275 tempore
965 2231 986 2265 et
1004 2244 1009 2259 ο

202 2291 273 2338 minus
289 2288 371 2346 negocii
386 2288 414 2336 ad
427 2283 474 2336 ‘rem
488 2287 599 2346 publicam
611 2301 633 2336 et
646 2287 696 2345 plus
709 2288 750 2336 ocii
764 2288 792 2336 ad
805 2288 885 2337 litteras
899 2302 920 2338 et
934 2291 985 2338 scri·
1038 2299 1046 2310 ⁶

202 2361 299 2413 bendum
313 2374 438 2417 assumeret,
453 2361 514 2421 quod
525 2381 548 2409 se
559 2361 581 2409 in
593 2381 616 2410 re
627 2360 714 2421 publica
726 2372 750 2410 ut
761 2360 839 2410 soleret
850 2362 929 2411 versari
940 2362 986 2411 sine
1040 2395 1042 2402 ι

158 2438 189 2486 30
203 2434 299 2494 periculo
314 2455 358 2482 non
373 2454 436 2492 posse
446 2434 535 2488 videret,
547 2435 632 2493 scripsit
643 2434 709 2482 libros
720 2447 770 2489 tres,
782 2435 820 2494 qui
831 2449 882 2483 sunt
893 2435 921 2483 de
931 2435 986 2484 Ora·

202 2522 249 2555 tore
263 2505 361 2554 Perfecto
372 2506 400 2553 ad
411 2504 439 2562 Q
451 2504 540 2554 fratrem
551 2506 656 2564 inscripti.
671 2506 719 2554 Istis
731 2506 823 2554 enimin
835 2507 895 2554 libris
907 2528 951 2555 non
962 2520 986 2555 ut
1034 2503 1047 2552 fss:

202 2580 224 2629 in
240 2578 281 2627 illis
296 2579 323 2627 de
338 2579 445 2637 preceptis
461 2577 614 2627 communibus
631 2578 669 2627 sed
685 2578 773 2637 politius
789 2591 855 2638 atque
870 2578 986 2638 perfectius

203 2653 229 2701 de
243 2651 303 2700 omni
319 2652 400 2700 ratione
415 2651 507 2699 oratoria
523 2650 615 2698 mirabili
644 2652 739 2709 quodam
760 2664 781 2699 et
801 2652 938 2701 Aristotelico
966 2665 986 2700 et
1038 2648 1043 2685 ἶ

199 2786 225 2823 14.
237 2785 286 2822 Prisc.
298 2786 338 2822 hut.
350 2783 379 2821 Vl.
392 2783 408 2820 5.
421 2784 449 2829 (ll,
462 2799 479 2829 p.
496 2784 527 2821 197
541 2783 570 2830 Κ);
582 2784 605 2821 ct.
617 2784 690 2822 Sicconis
703 2786 753 2828 Epist.
766 2785 805 2822 Xlll
818 2785 919 2831 (Segarizzi).

163 2849 190 2884 15.
203 2845 239 2883 Hoc
251 2860 291 2890 opus
304 2860 336 2881 non
349 2844 412 2881 editum
423 2855 453 2885 esu
465 2843 488 2880 cl.
501 2843 575 2881 Sicconis
587 2845 638 2888 Epist.
651 2844 696 2881 tht.
760 2865 761 2868 =

200 2978 234 3024 2l.
250 2978 270 3022 hi
285 2984 298 3022 ι’.
313 2996 338 3027 r.;
354 2996 378 3021 ex
391 2996 403 3021 a
417 2976 547 3032 Cticerone2)
561 2984 628 3023 statim
642 2995 691 3022 corr.
754 2976 786 3022 33.
801 2977 832 3022 Ex
842 2978 928 3034 quadam
938 2991 986 3025 coru
1035 2956 1044 3044 «iz
