2093 3253
255 173 386 206 scnrrronurn
400 174 527 206 niusrnrun
542 185 554 191 -
568 173 628 205 arnan
642 173 691 204 xvu.
844 160 885 204 489

65 349 66 352 Ἰ
100 288 206 338 nuncium
218 287 247 337 ad
259 287 364 337 Senecam
377 287 442 338 relert
454 301 479 338 ut
491 300 604 355 aegrotum
616 285 694 337 viseret
707 285 886 346 renunciaretque

100 361 215 411 molestum
230 360 302 443 Pisoni
317 381 364 410 esse
380 361 489 421 prohiberi
506 359 529 410 se
545 359 655 442 colloquio
670 381 711 410 suo
726 373 792 419 atque
813 360 886 409 horta·

85 485 86 488 ,
99 447 159 493 retur
173 433 220 482 lore
234 434 307 482 sanius
320 454 338 482 ει
332 432 456 483 lamiliari
464 428 565 483 amicicia
574 434 659 493 saepius
673 434 820 482 convenirent.
827 433 887 481 Haec

100 505 190 558 Pisonis·
198 506 286 554 nomine
295 506 361 555 verba
370 525 393 554 se
402 506 437 555 ad
439 506 548 555 Senecam
553 505 652 555 retulisse
661 505 745 555 Natalis
759 505 887 567 affirmabat

73 580 87 630 5
101 579 137 628 Ad
151 598 176 627 ea
191 596 242 627 vero
256 575 381 628 Senecam
375 591 405 637 ita
407 579 554 649 respondisse
569 569 660 634 dicebat,
676 580 747 629 neutri
766 580 887 629 conducere

100 651 175 700 crebra
189 650 296 710 colloquia
316 664 337 699 et
358 664 445 700 mutuos
465 665 574 721 sermones
595 649 674 700 habere
694 670 770 700 verum
795 652 892 717 salutem.

100 745 163 775 suam
177 724 199 773 in
214 724 282 775 salute
296 725 380 775 Pisonis
396 726 512 785 repositam
527 738 549 775 et
564 725 656 775 locatam
672 747 725 775 esse.

142 798 214 847 Verba
229 799 281 846 baec
295 798 355 847 Nero
369 798 427 847 baud
440 817 518 857 parum
531 799 601 847 libens
615 819 640 847 ac
653 799 708 847 letus
721 799 811 853 audivit,
825 800 887 857 quod

101 871 192 920 necandi
208 870 302 919 Senecae
318 870 369 918 hinc
384 870 461 928 perdiu
476 870 598 918 affectatam
613 870 885 923 excusationembaberet.

62 944 134 1010 lllEa
148 943 213 1002 igitur
228 965 272 993 non
287 943 359 992 minus
374 964 440 1002 quarn
455 956 541 1000 eranta
555 942 634 993 Natale
649 942 706 993 dicta
720 943 743 992 in
758 943 887 993 deteriorem

101 1029 185 1074 partem
198 1017 350 1075 interpretatus
363 1038 408 1066 non
422 1029 547 1076 suspectum
561 1013 628 1066 modo
641 1018 795 1066 coniurationis
809 1036 886 1066 verum

101 1089 213 1139 conscium
227 1109 252 1138 ac
267 1089 379 1140 manileste
393 1109 455 1140 reum
469 1090 575 1140 Senecam
591 1089 717 1139 babendum
732 1110 779 1139 esse
793 1089 886 1139 dicebat.

102 1162 174 1211 Nemo
188 1175 261 1210 tamen
275 1182 302 1210 ex
315 1162 404 1234 caeteris
420 1162 526 1211 Senecam
541 1162 654 1211 conscium
670 1162 797 1210 nominavit.
815 1163 886 1210 Nero-

102 1235 135 1284 nis
150 1248 223 1284 autem
237 1253 302 1295 opera
315 1234 387 1284 ad
358 1230 440 1284 crimen
452 1228 577 1293 augendum
590 1234 689 1293 vulgatus
702 1247 734 1303 est
747 1253 822 1284 rumor
834 1254 885 1283 cen-

63 1309 88 1358 15
103 1309 199 1358 turiones
219 1309 326 1390 quosdam
347 1321 434 1357 auctore
453 1307 533 1369 Subrio
548 1303 633 1381 Flauio,
645 1294 743 1357 militaris
758 1307 889 1373 disciplinae

102 1382 150 1429 viro
175 1381 268 1440 egregio,
294 1400 319 1429 ac
344 1380 432 1429 conscio
457 1366 557 1429 Seneca
565 1369 689 1428 coniurasse
714 1381 774 1439 quod
798 1380 887 1436 Nerone

70 1496 71 1501 ,
102 1453 173 1503 occiso
194 1451 310 1503 conlestim
332 1453 397 1503 etiam
419 1452 469 1503 Piso
491 1465 610 1509 necaretur,
634 1453 751 1522 imperium
773 1472 825 1503 vero
847 1444 888 1502 de

102 1525 183 1576 lerrent
196 1528 225 1575 ad
239 1527 351 1581 Senecam,
363 1527 401 1585 qui
413 1527 441 1575 ob
452 1526 562 1584 vulgatam
574 1527 602 1574 de
613 1527 661 1585 ipso
672 1519 789 1586 sapientiae
800 1527 885 1585 opinio.-

102 1619 154 1648 nem
167 1599 250 1648 iudicio
260 1619 299 1648 suo
311 1598 367 1647 bene
379 1600 468 1647 meritus
480 1619 526 1647 esse
538 1599 685 1657 excellereque
697 1600 798 1648 Pisonem
809 1620 834 1647 ac
846 1620 886 1655 no-

60 1673 89 1723 20
104 1671 210 1722 bilitatem
225 1672 346 1722 Romanam
361 1672 476 1728 videretur;
492 1673 521 1721 ita
536 1664 681 1729 centuriones,
697 1665 806 1722 Romanos
822 1673 886 1729 viros,

74 1803 75 1806 Ἴ
103 1758 124 1794 et
137 1744 242 1794 Subrium
255 1745 353 1794 Flavium
365 1745 490 1793 obcaecatos
502 1746 563 1805 quod
575 1745 685 1805 principes
697 1746 827 1795 occidendos
840 1767 886 1810 esse

102 1820 225 1868 censuerint
235 1833 260 1867 ut
272 1819 309 1878 qui
321 1831 376 1868 esset
387 1818 519 1882 peregrinus,
531 1820 642 1874 barbarus,
654 1821 790 1879 paedagogus
806 1812 888 1873 Seneca

82 1944 89 1954 Ἡ
103 1892 225 1951 imperaret.

144 1965 206 2014 Dum
220 1978 293 2024 autem
307 1965 359 2015 baec
378 1965 460 2014 Romae
478 1978 582 2023 geruntur
601 1978 622 2014 et
640 1965 700 2015 Nero
719 1965 742 2015 in
766 1966 888 2015 coniuratos

61 2037 89 2085 25
105 2037 221 2095 capiendos
235 2037 387 2096 necandosque
406 2037 530 2086 terribiliter
549 2046 686 2095 grassaretur,
707 2057 734 2085 en
754 2037 842 2091 Seneca,
863 2051 887 2085 ut

103 2108 192 2164 solebat
202 2109 312 2158 interdum
320 2129 382 2159 suam
391 2110 413 2159 in
422 2108 495 2159 villam
504 2129 530 2158 ex
539 2109 659 2193 Campania
667 2104 738 2158 rediit.
747 2109 778 2158 Ea
786 2109 887 2158 Numen

102 2193 153 2232 tano
167 2181 190 2231 in
204 2199 256 2241 agro
270 2173 318 2231 urbi
330 2183 358 2233 ad
371 2182 417 2232 llll
430 2182 488 2232 milia
499 2202 603 2264 passuum
618 2183 688 2234 vicina
704 2196 756 2233 erat
773 2173 888 2243 Oppidum

72 2311 73 2314 Ἴ
103 2272 154 2302 vero
169 2254 305 2306 Nomentum
320 2275 366 2302 esse
380 2256 447 2314 idque
460 2255 536 2314 priscis
551 2275 577 2302 ex
592 2256 676 2303 Latinis
690 2256 789 2303 Romano
803 2275 816 2302 a
830 2273 886 2312 rege,

98 2326 187 2385 'Quinto
196 2325 317 2387 Tarquinio
327 2327 407 2383 Prisco,
419 2327 528 2377 Romanae
539 2327 627 2377 ditionis
639 2326 728 2382 lactum,
740 2327 822 2376 Romae
831 2347 887 2386 quo-

61 2399 90 2449 30
105 2421 148 2459 que
163 2413 251 2459 portam,
264 2421 307 2459 qua
323 2399 374 2449 illuc
390 2401 457 2449 iretur
473 2400 634 2461 Nomentanam
650 2399 779 2460 appellatam
796 2413 887 2470 constat.

104 2472 196 2522 Fortene
207 2472 294 2521 redierit
306 2472 388 2528 Seneca
398 2493 426 2521 an
437 2473 537 2521 consulto
544 2474 657 2525 ,incertum
669 2493 715 2521 esse
726 2485 823 2538 auctores
835 2474 887 2520 scri-

104 2544 166 2610 bunt.
184 2545 241 2594 lstuc
256 2543 316 2594 Nero
334 2544 360 2594 C.
378 2544 498 2604 Syllanum‚
517 2546 635 2603 praetoriae
653 2545 747 2593 cohortis
766 2540 887 2600 tribunum,

63 2671 206 2682 ——-..-.-

106 2744 135 2791 14.
149 2757 216 2791 autem
231 2751 244 2791 i.
258 2763 281 2798 r.;
298 2765 321 2791 ex
336 2758 403 2791 tamen
422 2746 456 2801 (sic
473 2748 497 2802 F)
515 2765 567 2792 corr.
580 2746 609 2792 O.
664 2745 696 2791 29.
710 2745 785 2791 Romae
798 2750 812 2791 ἰ.
826 2738 887 2796 inex

62 2822 138 2856 constat
155 2817 222 2857 statim
241 2829 290 2856 corr.
308 2811 339 2863 O;
357 2812 468 2867 Tarquinio
487 2813 553 2857 Prisco
571 2812 668 2857 Romanis
682 2811 789 2857 subactum
804 2822 887 2857 constat.

61 2874 150 2932 Redierit
165 2881 233 2922 autem
248 2877 300 2923 lorte
315 2896 340 2924 ne
356 2878 432 2924 Seneca
447 2897 472 2923 an
489 2878 579 2924 consulto
594 2878 618 2924 F
672 2879 705 2924 30.
719 2876 750 2923 Ex
764 2877 888 2948 Nomentarn

61 2944 151 2990 corr-‚O
200 2940 204 2948 ,
