2093 3253
257 145 390 177 scaurorum
404 145 531 178 rtausmrun
544 158 558 164 —
573 146 631 178 nisan
644 147 702 179 xvm.
851 135 890 181 509

107 279 150 313 mo,
167 259 212 308 Leo
227 259 317 317 primus.
333 260 471 309 Adolescens
481 280 532 310 vero
548 261 632 310 studuit
647 261 723 311 litteris
739 262 780 311 sub
796 262 891 318 Zenone,

55 361 57 363 ·
106 331 185 380 deinde
199 352 251 380 cum
265 331 380 390 imperaret
395 332 528 382 Anastasius.
549 332 592 382 Hic
612 333 725 383 nobilitate
745 336 835 393 generis,
856 356 891 384 ae·

106 416 156 458 tate,
173 404 277 458 moribus,
293 405 397 463 sapientia
414 405 494 454 floruit.
512 405 624 454 Habitavit
642 407 723 455 Romae
740 407 775 455 illa
793 408 815 455 in
832 408 892 456 urbis

106 490 166 535 parte
181 498 237 536 quae
252 498 310 526 nunc
325 477 398 527 Vellus
417 479 515 528 Aureum
533 479 660 538 appellatur.
680 479 742 536 Quae
760 493 833 528 autem
852 501 890 529 sua

80 550 93 599 5
108 548 150 598 luit
165 546 250 605 domus,
264 570 289 598 ea
302 550 384 599 Romae
398 551 455 600 hunc
468 551 535 600 istum
548 552 571 600 in
584 552 642 600 diem
656 573 735 600 nomen
748 566 807 601 tenet
820 573 892 601 suum.

107 617 195 680 Quippe
210 623 288 669 domus
304 622 376 669 Boecii
391 624 519 682 appellatur.
534 625 596 671 Adeo
612 625 701 682 quidem
717 626 837 673 recordatio
848 643 892 673 ‘no-

107 693 171 743 minis
187 694 220 743 sui
235 693 317 753 populo
329 694 427 749 Romano
439 695 529 745 celebris
540 708 561 745 et
573 709 631 754 grata
643 695 685 746 luit
696 698 757 756 quod
768 698 840 756 ipsum
852 698 891 747 do·

108 788 156 815 mus
171 768 224 821 eius,
241 769 302 826 quasi
319 769 406 822 viveret,
424 770 553 818 hodiernum
569 771 591 817 in
607 770 666 817 diem
681 791 751 828 usque
767 771 864 818 retineat.

152 839 235 886 Interea
250 858 308 893 vero,
325 840 370 897 qui¹
388 853 412 887 ut
429 840 494 898 paulo
510 853 559 888 ante
576 841 627 893 dixi,
645 859 682 888 rex
698 841 823 890 Gothorum
840 855 892 895 erat,

69 911 94 960 10
109 909 259 960 Theodoricus
267 912 354 961 tenebat
365 912 454 962 ltaliam.
463 912 517 961 Eam
525 913 614 972 quidem
621 933 690 962 annos
698 933 762 973 supra
770 914 836 963 XXX·
842 935 896 973 posu¹

107 984 170 1032 sedit.
186 984 267 1034 Romae
278 998 355 1049 ¹autem
370 1005 417 1034 raro
432 987 471 1034 sed
493 987 607 1035 Ravennae
630 986 749 1044 plurimum
764 1006 801 1035 rex
815 987 893 1035 obver-

107 1054 195 1105 sabatur
209 1058 249 1105 iste
260 1072 282 1106 et
293 1079 348 1117 quae
361 1060 473 1117 magnifica
484 1073 535 1107 sunt
547 1073 568 1107 et
579 1060 669 1118 pulchra
680 1059 716 1107 illa
727 1061 750 1107 in
761 1061 846 1108 civitate
857 1080 892 1107 ae-

108 1129 179 1176 dificia
194 1129 281 1189 publica
295 1150 319 1178 ac
335 1132 369 1178 dei
384 1131 465 1189 templa
479 1130 537 1179 lecit.
555 1124 619 1179 ltalbs
634 1150 684 1179 vero
700 1131 775 1179 habuit
789 1132 840 1191 odio
854 1132 893 1179 sed

108 1201 218 1256 Romanis,
234 1204 348 1259 presertim
362 1204 400 1262 qui
415 1216 486 1251 essent
501 1216 617 1258 senatores,
632 1223 699 1262 quam
714 1204 806 1251 maxime
820 1204 893 1252 inimi-

70 1272 95 1324 15
110 1286 170 1322 catus
182 1286 221 1329 est,
234 1287 282 1324 tum
294 1277 354 1334 quod
366 1276 469 1325 barbarus
481 1289 557 1335 suapte
570 1289 646 1325 natura
657 1277 689 1325 uti
701 1276 774 1335 lingua
786 1277 815 1325 ita
827 1277 893 1325 mori-

109 1346 150 1395 bus
165 1348 236 1396 varius
251 1361 272 1396 et
286 1348 369 1397 alienus
384 1362 446 1403 esset,
462 1362 510 1397 tum
525 1350 586 1407 quod
600 1349 688 1398 insitam
701 1350 768 1398 menti
780 1350 834 1397 hanc
845 1370 892 1397 sus-

110 1419 219 1476 picionem
234 1420 329 1476 haberet,
342 1421 387 1469 lieri
400 1434 463 1479 pacto
476 1421 536 1469 nullo
548 1441 612 1479 posse
623 1420 684 1479 quod
694 1440 745 1468 eum
758 1419 823 1467 ltalus
834 1419 893 1476 quis-

109 1512 182 1549 quam,
198 1494 312 1550 presertim
325 1495 363 1551 qui
376 1507 431 1542 esset
445 1494 556 1542 Romanus
569 1507 661 1546 senator,
680 1505 768 1540 amaret.
785 1491 827 1539 Eos
843 1492 892 1549 qui·

110 1565 160 1613 dem
175 1585 313 1624 summopere
327 1586 406 1625 cupere
421 1588 461 1615 nec
475 1567 534 1615 aliud
548 1568 642 1624 cogitare
656 1566 746 1624 putabat
760 1585 827 1623 quam
841 1565 893 1613 insi-

67 1638 96 1687 20
111 1639 157 1686 dias
172 1659 196 1686 ac
211 1658 244 1687 res
260 1640 330 1687 moliri
347 1660 419 1693 novas,
437 1640 516 1697 quibus
533 1658 659 1696 recuperare
674 1658 741 1696 quam
756 1638 894 1694 perdiderant

110 1711 194 1769 imperii
210 1711 284 1760 sedem
298 1732 323 1759 ac
338 1712 448 1770 publicam
472 1712 593 1760 libertatem
617 1724 713 1770 possent.
740 1711 815 1768 lpsum
839 1731 894 1769 quo·

110 1803 153 1842 que
167 1783 285 1832 incitabant
306 1784 453 1833 blandimenta
463 1803 560 1838 suorum,
571 1784 632 1843 quod
642 1795 713 1831 essent
723 1782 808 1831 barbari
819 1801 894 1830 omnes

43 1899 45 1904 .
110 1876 150 1902 nec
164 1856 223 1903 aliud
238 1857 356 1914 quicquam
371 1857 438 1913 magis
450 1876 516 1914 quam
529 1856 602 1903 ltaliae
613 1856 741 1913 sanguinem
752 1856 837 1902 haurire
848 1867 894 1901 stu-

110 1927 192 1975 derent.
731 1963 733 1965 »

68 2000 96 2049 25
154 2000 245 2049 Boecius
260 2014 333 2049 autem
349 2001 389 2049 hoc
403 1994 508 2060 tempore
519 2001 607 2049 vacabat
625 2000 709 2048 litteris.
727 1999 787 2047 Tum
805 2000 894 2058 quidem

110 2094 165 2132 quos
180 2075 306 2123 Aristoteles
318 2088 339 2123 et
351 2076 373 2123 in
385 2075 495 2123 dialectica
506 2087 528 2122 et
539 2075 562 2122 in
573 2074 710 2132 philosophia
722 2074 817 2121 ediderat
829 2074 895 2120 libros

110 2140 242 2194 lereomnes
254 2167 266 2194 e
278 2147 362 2195 Graeco
374 2148 397 2195 in
409 2148 513 2202 Latinum
524 2147 594 2195 vertit.
607 2146 699 2203 Scripsit
710 2159 806 2203 preterea
817 2147 840 2193 in
852 2145 894 2194 Ca¹

110 2219 230 2275 thegoricas
245 2232 266 2267 et
281 2219 432 2277 Peripateticae
447 2218 575 2273 Aristotelis,
591 2219 614 2266 in
630 2217 729 2275 isagogas
744 2218 857 2275 Porphirii,
872 2218 895 2265 in

111 2290 195 2350 Topica
210 2290 328 2340 Ciceronis.
347 2291 425 2340 Libros
442 2312 530 2351 quoque
547 2290 683 2350 Topicorum
699 2302 749 2343 tres,
756 2288 895 2337 Divisionum

69 2363 98 2412 30
113 2385 189 2419 unum,
205 2364 232 2412 de
249 2364 360 2422 lporeticis
383 2364 509 2422 Silogysmis
532 2384 608 2417 unum,
631 2362 797 2410 Rhetoricorum
816 2358 895 2415 unum,

112 2436 139 2483 de
153 2437 295 2485 Arithmetica
312 2437 374 2491 duos,
392 2437 419 2484 de
436 2437 523 2484 Musica
539 2436 621 2489 decem,
639 2435 667 2482 de
683 2434 810 2482 Ceumetria
826 2454 896 2482 unum

111 2507 169 2557 tecit.
185 2509 255 2558 Sacris
268 2529 356 2569 quoque
367 2511 389 2558 in
401 2510 477 2557 litteris
488 2509 537 2557 libri
549 2509 601 2557 editi
613 2520 664 2556 sunt
674 2507 740 2556 abeo
751 2508 778 2555 de
786 2506 896 2555 Trinitate

112 2601 176 2637 unus,
192 2584 220 2631 de
234 2574 357 2631 Christiana
372 2584 484 2641 Religione
506 2602 571 2636 unus,
595 2583 622 2629 de
645 2582 738 2629 Duabus
762 2582 851 2629 Naturis
875 2594 896 2628 et

113 2653 163 2701 Una
178 2654 271 2701 Persona
286 2674 349 2709 unus,
372 2655 399 2702 de
420 2654 522 2702 Articulis
545 2653 605 2701 Fidei
627 2653 762 2700 Christianae
783 2672 846 2707 unus,
869 2653 896 2700 de

72 2776 209 2785 ——-....

111 2841 130 2887 3.
145 2841 176 2887 illa
195 2844 215 2888 in
234 2850 247 2889 ἰ.
265 2863 290 2896 r.;
306 2854 348 2890 erat
365 2844 385 2888 in
399 2862 428 2887 ea.
486 2840 516 2886 l2.
532 2841 652 2898 malgnihca)
669 2848 682 2886 i.
700 2860 725 2892 r.;
741 2860 765 2886 cx
781 2840 896 2898 palpant)

1 2963 3 2966 Α
70 2917 137 2956 statim
150 2928 199 2955 corr.
255 2911 287 2957 30.
301 2913 332 2959 Ex
346 2910 450 2965 silogismis
464 2928 513 2956 corr.
569 2908 601 2955 31.
615 2910 646 2956 Ex
659 2909 775 2955 Arithmeca
789 2927 838 2956 corr.
