2093 3253
121 192 158 238 110
415 207 511 240 sicconis
525 205 651 239 rottNToNi

160 322 188 370 ad
203 322 293 371 consilia
303 323 362 380 pacis
374 322 469 370 haberet.
480 321 531 369 Vim
542 321 632 379 quidem
642 321 798 379 amplissimam
808 340 833 367 ac
844 319 956 379 frequen-v

161 394 214 443 tiam
228 394 359 453 singularem
374 408 396 442 et
410 393 518 443 celebrem
533 395 648 442 hominum
663 395 784 451 peritorum
799 393 875 441 habuit
890 404 946 441 aetas

159 464 273 517 Octaviani
287 467 380 527 Augusti
395 487 446 515 cum
461 466 587 517 liberalitate
597 467 709 525 principis,
720 467 759 524 qui
769 478 791 514 et
802 466 879 514 doctus
889 478 946 514 esset
993 521 994 530 ἶ
1015 508 1028 522 1

160 552 182 588 et
197 540 272 589 doctos
287 540 361 589 multis
380 539 491 589 Iavoribus
510 539 638 593 sublevaret,
657 552 706 587 tum
724 538 777 587 caeli
796 538 946 596 dispositione,

135 612 148 659 5
163 632 219 669 quae
233 625 290 661 certa
304 613 386 660 ratione
401 625 502 676 movetur
513 624 534 660 et
548 611 627 660 influit.
640 611 705 660 Adde
718 611 779 669 quod
792 622 893 659 nascente
906 610 947 659 do.

162 685 222 731 mI¹¹⁰
236 684 273 733 III⁰
288 697 369 733 ¹¹⁰⁵Is⁰=
377 685 508 743 (reverenter
520 696 553 733 est
565 683 722 742 nominandus)
736 683 784 733 Iesu
799 682 895 751 Christo,
907 685 945 742 qui

161 758 242 806 aeterni
257 772 278 806 et
293 753 381 806 maximi
399 757 434 805 dei
450 770 483 805 est
500 758 670 815 sapientissimus
687 756 745 806 filius
762 777 787 805 ac
803 775 866 805 verus
884 756 945 810 deus,
1017 808 1035 811 ,.

162 842 238 878 natura
252 830 366 879 fecundior
385 842 440 878 esset
459 849 483 878 ac
503 829 565 889 plena
585 829 649 879 rebus
669 829 757 888 optimis
777 829 862 887 ingenia
880 829 945 878 etiam

96 904 97 907 ¹
160 902 223 961 plura
237 903 301 951 solito
316 923 341 951 ac
357 903 445 952 meliora
461 904 596 961 produceret.
613 902 689 951 Postea
705 922 756 951 vero
772 923 796 951 ea
813 902 891 950 mentis
907 901 945 950 de=

121 976 148 1023 tt)
163 976 249 1023 lectatio
263 976 325 1035 isque
338 976 406 1033 animi
420 976 477 1024 calor
490 975 519 1024 ad
533 976 622 1024 virtutes
636 988 658 1023 et
672 974 752 1024 litteras
767 975 870 1033 paulatim
884 974 945 1032 quasi

160 1048 275 1107 languente
283 1049 333 1107 igne
341 1048 458 1108 tepidiores
467 1048 518 1097 lacti
526 1069 551 1097 ac
560 1069 615 1107 pene
623 1048 713 1097 tandem
721 1048 809 1097 extincti
818 1060 876 1101 sunt,
885 1048 946 1105 quod

120 1137 122 1145 ³
162 1140 233 1178 neque
244 1122 340 1170 faverent
351 1121 403 1169 caeli
415 1134 498 1169 mutato
508 1121 556 1168 Ioco
567 1140 606 1169 nec
617 1121 717 1169 adessent
727 1121 835 1179 principes
846 1120 884 1179 qui
896 1119 946 1167 huic
1021 1118 1039 1168 {l

163 1195 193 1241 rei
208 1193 342 1251 commodos,
362 1208 387 1244 ut
407 1193 500 1243 solerent
519 1207 608 1249 veteres
628 1193 673 1242 ullo
692 1194 771 1243 auxilio
790 1194 860 1243 ullave
880 1194 946 1253 gratia

160 1267 282 1316 invitarent
298 1268 369 1317 Facile
381 1269 471 1325 quidem
483 1269 564 1316 indocti
577 1280 720 1316 contemnunt
732 1267 815 1321 doctos,
827 1265 889 1326 quod
900 1267 944 1315 vir-

123 1339 148 1387 15
163 1351 234 1387 tutem
244 1361 288 1388 non
299 1340 371 1389 colant
382 1341 420 1398 qui
430 1341 496 1388 nescii
507 1341 592 1390 virtutIs
603 1353 661 1388 sunt.
674 1340 700 1388 Id
710 1353 783 1389 tamen
793 1340 877 1389 efficere
888 1338 946 1388 nuIIa

162 1411 282 1470 malignitas
292 1414 326 1461 vel
335 1427 460 1471 temporum
469 1412 503 1462 veI
513 1413 627 1462 bominum
636 1414 715 1471 potuit,
725 1414 785 1471 quod
794 1413 869 1462 litteris
879 1431 945 1461 vacua

162 1486 191 1531 ite
198 1486 270 1532 secula
278 1487 350 1534 omnia
357 1485 439 1533 luerint
446 1499 470 1533 ut
477 1485 587 1533 interdum
595 1486 681 1533 habitus
689 1505 734 1533 non
741 1486 769 1532 sit
776 1486 893 1542 quisquam
900 1485 945 1542 qui,

162 1556 202 1604 etsi
210 1556 279 1604 claros
287 1558 342 1605 inter
350 1570 425 1616 poetas
433 1578 457 1605 ac
466 1557 602 1605 doctissimos
610 1559 667 1606 viros
675 1578 719 1606 non
728 1558 756 1606 sit
762 1557 945 1609 annumerandus,

119 1641 122 1643 ’
162 1629 195 1677 Iris
209 1643 281 1678 tamen
291 1632 313 1679 in
323 1630 398 1679 litteris
407 1650 433 1677 ac
441 1630 545 1678 doctrinis
554 1629 642 1688 optimis
651 1630 681 1678 ita
689 1633 827 1679 uersatus‘est
834 1629 896 1689 'q'uod
904 1649 945 1677 usu

119 1702 149 1750 2ss
163 1714 184 1750 et
196 1715 241 1750 arte
253 1716 391 1760 cognosceret
410 1702 485 1751 saltem
505 1707 580 1751 utrum
601 1723 638 1762 pes
659 1703 687 1750 sit
707 1703 805 1761 dactylus
825 1702 859 1752 vel
879 1723 945 1761 spou-

161 1775 223 1823 deus.
295 1797 299 1803 ²
332 1798 334 1800 ·
897 1792 899 1794 ·

203 1847 247 1896 Sed
254 1849 297 1897 iam
303 1849 394 1898 tandem
401 1849 460 1905 unde
468 1869 543 1897 sumus
551 1850 640 1907 digressi
648 1851 676 1897 ad
683 1863 757 1908 poetas
765 1850 803 1907 qui
811 1848 945 1915 memorandi

109 1979 110 1983 Ἰ
161 1932 249 1976 restant,
262 1933 287 1970 ut
299 1935 372 1981 nostra
386 1921 456 1980 exigit
464 1922 578 1977 institutio,
591 1933 731 1971 revertamur.
745 1922 860 1971 Horatium
872 1923 944 1980 igitur,

162 1993 299 2040 Venusinum
308 1995 383 2051 *civem
396 2013 421 2042 ac
436 2006 522 2051 poetam
536 1996 653 2051 egregium,
668 1995 730 2042 cuius
744 1995 811 2043 vitam
825 2014 891 2052 quam
905 2014 945 2051 po-

120 2065 148 2113 25
164 2065 246 2112 tuimus
264 2066 350 2123 copiose
368 2065 473 2123 superiori
492 2065 546 2114 libro
564 2066 725 2125 descripsimus,
744 2068 781 2126 qui
800 2079 902 2126 sequatur
920 2079 945 2115 ex

119 2148 121 2150 ’
162 2137 238 2187 ordine
253 2152 366 2196 poetarum
381 2140 427 2187 sine
448 2139 551 2187 intervalo
572 2141 737 2189 memorandum
766 2140 836 2190 uIIum
851 2141 944 2189 invenio.

165 2209 211 2256 Iam
224 2212 283 2257 enim
296 2212 349 2258 caeli
364 2211 505 2268 dispositione
520 2225 601 2259 mutata
615 2225 636 2259 et
650 2214 735 2270 ingenia
754 2212 897 2271 Irigescebant
916 2225 944 2265 et,

120 2307 123 2310 ·
161 2301 216 2340 quae
230 2301 307 2340 magna
321 2283 402 2332 solebat
415 2303 469 2337 esse,
484 2283 603 2332 rarescebat
616 2283 738 2343 frequentia
751 2286 878 2348 peritorum.
892 2283 944 2333 Pro·

119 2377 121 2380 ¹
161 2355 232 2403 ximus
247 2375 298 2404 vero
312 2356 373 2405 adest
380 2355 408 2404 Α.
416 2355 501 2404 Persius
510 2357 606 2407 Flaccus,
614 2358 680 2407 Anno
687 2360 728 2407 iste
736 2368 878 2418 posteaquam
885 2378 945 2406 com-

119 2427 149 2476 30
163 2448 253 2477 munem
262 2429 298 2477 ilIe
307 2429 386 2478 abisset
396 2430 419 2478 in
429 2430 502 2478 Iocum
511 2429 542 2478 VI
553 2442 575 2478 et
584 2430 626 2478 XL
635 2444 698 2479 natus
708 2445 747 2486 est.
757 2431 835 2480 Annus
844 2444 897 2479 tunc
907 2451 945 2479 na·
968 2425 969 2428 ¹
987 2463 989 2466 .

162 2502 250 2549 tivitatis
260 2502 342 2549 Christi
352 2501 469 2556 XXXVII,
479 2503 564 2561 imperii
574 2501 663 2560 Tyberii
674 2503 772 2553 Caesaris
781 2503 843 2559 XXI,
853 2503 882 2552 ab
891 2503 945 2551 urbe

161 2575 248 2623 condita
262 2574 316 2623 VIIc
331 2574 484 2623 LXXXVIIII
496 2589 548 2623 erat.
565 2575 653 2635 Quippe
669 2578 764 2626 nascitur
775 2578 860 2626 Persius
876 2577 945 2636 pridie

162 2649 237 2697 Nonas
257 2647 397 2701 Decembres,
416 2646 513 2705 Tyberio
531 2650 666 2706 imperatore,
687 2648 714 2706 Q.
735 2649 802 2717 Fabio
820 2650 905 2698 Persico
924 2662 945 2718 et

161 2719 188 2767 L.
203 2718 282 2767 Vitelio
297 2720 430 2769 consulibus.
446 2720 586 2779 Quamquam
610 2722 668 2769 enim
693 2741 778 2771 summa
802 2734 896 2780 potestas
921 2741 945 2769 ac

174 2889 193 2934 4.
207 2889 238 2936 Ex
253 2890 383 2944 dispositione
396 2889 444 2934 caeli
458 2896 517 2942 signis
531 2891 628 2954 bacorn
683 2892 711 2937 I5.
721 2911 761 2936 non
771 2911 816 2936 secr.
875 2892 903 2937 17.
913 2911 944 2937 se-

118 2954 163 2999 cula
176 2973 222 3000 sacr.
354 2960 356 2964 ’
774 2957 776 2960 ’
862 2958 863 2961 '
