2093 3253
149 166 190 218 248
452 183 543 214 sicconis
558 183 673 215 roisnroni

190 302 244 350 ravit
255 319 390 358 peromnem
398 298 465 345 vitam
473 317 539 355 quam
548 298 641 345 maxime
649 311 722 356 posset
733 299 763 345 rei
777 299 876 356 publicae
890 313 910 348 et
923 300 975 351 loris
1044 321 1046 323 ·

190 388 211 423 et
225 375 284 423 dorni
298 372 417 422 consulere.
432 371 499 419 Domi
513 371 594 419 eratin
613 384 688 419 senatu
707 371 811 429 quotidie.
831 371 891 420 Foris
905 387 976 425 autem
1045 398 1047 411 =

190 468 217 495 ne
238 447 322 495 deesset
343 448 436 503 usquam
456 463 507 491 cum
529 443 631 501 prodesse
653 456 732 502 posset,
755 444 890 501 magistratus
912 446 976 496 etiam
1045 458 1046 461 ’

190 520 283 568 minores
295 519 367 578 gessit.
380 516 446 566 Nulla
457 516 547 576 quidem
558 537 581 565 se
592 516 675 566 inflavit
686 516 759 575 gloria,
772 516 831 566 nulla
842 537 864 566 se
876 520 976 577 superbia
1046 559 1047 563 ,

162 594 174 642 5
191 592 266 642 extulit
277 593 337 651 quod
348 590 424 640 luisset
436 589 518 644 consul,
531 591 591 649 quod
603 591 715 639 devicisset
727 590 806 646 hostes,
819 592 879 650 quod
890 612 975 643 summo

188 685 239 713 curn
250 666 332 713 honore
344 677 365 711 et
377 663 478 711 laudibus
489 663 651 720 triumphasset.
665 663 758 719 Legatus
770 664 860 720 quidem
871 664 900 712 T.
912 664 973 713 Sem-

188 738 290 796 pronium
301 736 413 787 consulem
424 735 529 785 Histriam
540 750 561 785 et
572 735 688 785 Thraciam
699 749 809 794 petentem
820 735 877 786 ultro
888 752 973 788 secutus
1041 732 1047 799 f

188 824 226 859 est.
239 811 299 859 Bello
310 825 383 860 autem
394 809 483 867 Syriaco
494 811 567 867 ipsunt
578 809 645 858 luisse
656 809 684 857 T.
697 809 771 858 Livius
783 810 884 867 legatum,
897 811 973 860 Cicero

187 903 238 931 vero
250 898 282 938 et,
291 885 329 942 qui
341 904 392 931 eum
403 893 531 940 sequuntur,
544 882 626 930 Plinius
638 902 663 930 ac
675 881 792 930 Frontinus
800 883 914 930 tribunum
922 886 974 931 scri·
1044 885 1045 888 ¹

149 959 174 1006 ll]
189 958 252 1006 bunt.
273 958 298 1005 ld
315 956 398 1006 bellurn
415 956 438 1003 in
456 955 547 1004 Graecia
566 955 658 1004 Manilio
675 955 758 1003 Athilio
775 956 864 1004 consule
882 956 973 1006 Rotnani
1044 981 1046 983 ·

187 1044 306 1088 gesserunt.
322 1031 401 1079 Hostes
415 1029 544 1083 Antiochus,
561 1048 597 1077 rex
611 1030 774 1088 potentissimus
790 1029 858 1087 Syrie,
875 1029 938 1078 simul
952 1045 972 1079 et

187 1105 264 1154 Graeci
283 1105 358 1163 populi
377 1103 506 1153 Etholorum
523 1103 610 1152 loedere
628 1104 695 1152 iuncti
714 1117 781 1152 erant.
801 1104 829 1151 Hi
849 1105 971 1153 nitebantur

162 1230 164 1232 ,
185 1179 267 1225 viribus
283 1179 385 1226 omnibus
399 1177 506 1223 adversari
522 1197 549 1223 ne
564 1177 656 1224 Romani
671 1171 786 1224 transirent
801 1178 823 1224 in
843 1178 918 1224 Asiam
933 1197 971 1224 nec
1041 1173 1046 1238 ζ

185 1250 251 1298 ullam
266 1252 288 1298 in
303 1250 394 1298 Graecia
409 1250 489 1297 sociam
503 1250 615 1297 civitatem
627 1249 737 1297 haberent.
753 1249 834 1298 Castris
849 1250 970 1308 propinqua

146 1323 170 1370 15
186 1335 254 1370 castra
271 1336 338 1370 erant.
356 1322 422 1369 Mons
439 1321 461 1368 in
479 1322 550 1369 medio
567 1323 621 1370 situs
638 1322 752 1370 dirimebat
768 1323 821 1379 ipsa.
840 1322 897 1369 Hinc
914 1322 971 1369 enim

184 1394 306 1441 Antiochus
315 1414 366 1442 cum
374 1392 464 1446 Etholis,
475 1393 525 1440 inde
534 1393 645 1441 Romanus
654 1393 729 1441 consul
738 1406 790 1441 erat.
800 1393 884 1441 Locum
893 1393 969 1441 Graeci
1044 1411 1047 1436 τ,

185 1467 343 1524 Termophylas
361 1466 440 1513 calidas
458 1466 486 1513 ob
505 1486 571 1524 aquas
590 1467 620 1514 ibi
639 1478 750 1514 nascentes
773 1479 857 1514 vocant.
882 1467 969 1514 Montes
1045 1478 1047 1515 ἐ

184 1541 295 1596 asperrimi
312 1540 410 1597 undique
427 1551 492 1596 atque
509 1541 577 1587 exesis
594 1540 685 1596 rupibus
702 1539 762 1586 invii.
779 1539 814 1586 hd
831 1539 913 1587 radices
930 1539 969 1585 iter

183 1627 301 1671 angustum
308 1616 344 1663 vix
352 1632 428 1671 passus
437 1614 456 1661 L
464 1613 539 1667 latum,
548 1633 588 1661 nec
596 1614 684 1662 aliunde
691 1614 766 1671 copiae
774 1614 858 1662 traduci
870 1626 968 1671 possunt,

142 1688 171 1735 20
186 1687 246 1745 quod
257 1689 338 1745 passim
348 1687 410 1735 ardui
422 1700 506 1734 montes
518 1688 561 1734 sint
572 1700 593 1734 et
604 1687 677 1734 omnia
688 1687 796 1735 claudant.
808 1686 881 1735 Etholi
889 1699 969 1741 autem,

183 1760 221 1818 qui
230 1774 251 1808 et
259 1760 314 1818 regis
323 1759 375 1808 socii
384 1772 405 1806 et
413 1757 463 1806 belli
471 1772 570 1807 auctores
578 1773 645 1813 erant,
654 1760 757 1806 verticem
764 1759 868 1807 tenebant
881 1760 967 1807 montis.

183 1832 229 1878 Rex
240 1832 268 1879 ad
281 1832 396 1890 planiciem
409 1830 513 1878 Romanis
525 1833 639 1889 oppositus
652 1852 679 1879 ne
691 1833 807 1880 transirent
819 1831 892 1880 lauces
906 1852 967 1880 mon·

182 1905 239 1951 tium
251 1905 386 1953 observabat.
399 1903 455 1951 Cato
466 1922 518 1951 vero
530 1905 576 1952 sive
588 1904 670 1962 legatus
684 1916 746 1958 esset,
759 1916 784 1951 ut
796 1905 872 1952 scribit
885 1905 967 1957 Livius,

182 1977 227 2025 sive
240 1977 349 2032 tribunus,
364 1990 388 2025 ut
403 1976 480 2025 Cicero
495 1977 584 2031 mavult,
599 1978 659 2026 iussu
674 1977 769 2025 consulis
783 1977 880 2027 civitates
899 1978 967 2026 socias

139 2049 166 2095 25
180 2050 303 2106 'peragravit
315 2049 430 2106 effecitque
443 2049 551 2106 presentia
563 2061 584 2096 et
596 2049 747 2096 adhortatione
759 2069 797 2096 sua
810 2070 837 2097 ne
848 2050 967 2103 Patrenses,
1043 2046 1047 2087 f‘

181 2121 305 2179 Aegienses
315 2121 423 2171 Corinthii
431 2121 559 2170 molirentur
567 2122 686 2181 quicquam
694 2123 744 2171 novi
752 2123 791 2171 sed
799 2143 849 2171 cum
856 2122 965 2176 Romanis,

181 2195 212 2241 uti
227 2208 294 2248 erant,
310 2195 332 2242 in
347 2193 441 2248 loedere,
456 2194 560 2249 amicicia,
575 2195 619 2243 lide
633 2208 752 2244 manerent.
766 2195 863 2244 Athenas
878 2216 965 2255 quoque

163 2282 165 2286 ⁴
180 2267 290 2324 proiectus
304 2269 424 2316 orationem
436 2268 586 2324 gravissimam
598 2289 622 2316 ac
636 2270 724 2326 dignam
736 2268 773 2316 illo
786 2270 868 2327 populo
882 2271 964 2318 habuit.

182 2340 235 2388 lnde
246 2359 355 2398 regressus
366 2340 394 2388 ad
405 2353 480 2394 castra,
492 2361 543 2388 cum
554 2361 618 2399 saepe
629 2341 682 2389 inita
693 2362 766 2399 pugna
778 2342 850 2390 hostes
862 2344 964 2391 continue
1043 2398 1045 2401 Α

138 2414 166 2461 30
181 2434 232 2461 curn
246 2415 361 2471 asperitate
377 2414 418 2462 loci
433 2427 482 2461 tum
498 2414 638 2462 multitudine
653 2415 807 2472 praevalerent,
823 2429 887 2464 nocte
901 2416 967 2464 tacita

178 2487 293 2533 comitatus
311 2487 386 2544 paucis
403 2499 424 2532 et
441 2487 547 2546 scabrosis
565 2488 667 2534 omnibus
685 2489 791 2545 superatis
813 2489 836 2535 in
858 2508 963 2536 cacumen
1043 2480 1045 2482 i

178 2557 282 2606 ascendit.
294 2557 384 2606 Etholos
395 2558 453 2611 inde,
465 2559 503 2615 qui
514 2558 556 2606 tale
567 2558 621 2606 nihil
633 2571 754 2607 metuentes
765 2560 887 2608 custodiam
898 2559 967 2616 negli1=

171 2701 187 2735 8.
201 2700 236 2736 Liv.
250 2700 328 2737 XXXVl.
345 2700 370 2739 ll.
387 2701 400 2736 l.
450 2701 466 2737 8.
480 2700 514 2737 Cic.
528 2702 552 2739 De
565 2701 603 2739 Seri.
617 2702 645 2738 32.
695 2701 711 2759 97
724 2702 749 2738 Ps.
769 2702 811 2739 Viet.
825 2704 848 2749 (in
862 2703 910 2740 codd.
923 2702 963 2738 liber

133 2762 195 2797 nomini
208 2761 255 2798 Plinii
268 2761 357 2805 addicitur)
372 2763 405 2800 Vr'r.
418 2762 446 2800 lll.
460 2762 488 2799 47.
502 2762 518 2798 3,
568 2762 670 2800 9.,Ρτοηῑίη,
684 2763 735 2801 Strat.
749 2764 765 2801 2.
780 2764 796 2801 4.
812 2766 829 2802 4.
897 2805 899 2809 ,

177 2883 192 2927 l.
207 2883 272 2937 lo(ris)
292 2890 304 2928 i.
325 2904 347 2934 r.;
367 2904 390 2929 ex
412 2882 499 2939 demit)
518 2890 585 2929 statim
604 2905 652 2930 corr.
708 2887 726 2931 7.
745 2887 775 2932 Ex
789 2886 896 2934 Trhaciam
912 2905 961 2932 corr.

133 2953 153 2994 9.
168 2951 297 3005 (solquuntur
312 2958 324 2994 ι’,
340 2969 362 3000 r.;
378 2958 420 2993 erut
434 2961 535 2995 secuntur.
