2093 3253
130 196 178 247 ,134>
430 210 521 242 sicconis
535 210 649 241 rotanrom
682 241 683 244 ,
742 241 743 244 ,

171 325 193 372 in
208 344 232 373 re
243 344 298 383 quae
310 324 461 390 doctissimum
472 323 500 371 ad
512 323 623 371 hominem
635 324 750 382 pertineret
762 323 827 371 iudex
838 325 954 383 quisquam

144 435 146 438 >
172 398 257 456 dignior
273 418 319 446 esse
336 409 416 456 posset.
433 395 512 454 Neque
528 415 579 444 vero
596 415 676 444 munus
693 396 790 444 oblatum
806 415 843 444 rex
860 399 954 456 suscepit
1025 452 1028 458 ‚

144 527 145 530 Ἴ
172 471 252 519 invitus
263 470 302 519 sed
312 470 384 527 magni
394 469 446 517 lecit
456 489 479 516 se
489 470 572 517 cunctis
583 490 595 517 e
606 469 732 517 mortalibus
743 482 813 517 unum
823 483 844 519 et
852 471 924 518 visum
934 486 955 519 et

174 543 266 592 electum
279 545 332 591 tanti
343 542 383 591 viri
396 542 478 590 iudicio
491 562 537 590 esse
550 542 588 600 qui
601 555 660 590 tanta
673 541 700 589 de
713 561 743 596 re,
756 561 812 600 quae
825 543 921 600 sapiente
931 563 956 591 ac

146 618 159 666 5
175 617 251 666 illustri
264 616 351 677 homine
362 615 427 674 digna
438 627 493 663 esset
504 628 525 663 et
537 615 643 664 rarissime
654 616 755 670 eveniret,
767 615 832 663 iudex
843 616 889 674 ipse
900 617 956 674 p'eri·

173 704 208 745 tus
222 712 247 739 ac
261 691 352 739 idoneus
366 689 482 738 videretur.
497 729 499 732 ,
1026 683 1039 689 .„

215 764 251 811 Ad
265 771 316 811 eum
333 762 399 820 igitur
415 760 532 819 Neapolim
549 761 712 819 (obversabatur
729 761 818 821 quidem
836 781 873 809 rex
890 762 957 820 pluri-
1027 789 1029 823 2

174 857 234 886 mum
249 835 284 885 illa
298 836 321 885 in
331 833 426 894 civitate)
436 834 534 883 Petrarca
543 834 609 883 venit.
620 833 722 894 Denique
731 835 829 883 triduum
838 835 897 894 apud
907 855 957 884 eum

175 910 317 970 perseveravit
326 927 424 957 examen.
436 908 470 956 lbi
480 920 543 965 poeta
553 926 608 966 quae
618 921 695 961 metro,
705 927 761 965 quae
771 926 835 966 prosa
844 909 957 966 scripserat
1028 902 1042 948 {j

136 983 161 1032 10
176 983 249 1030 omnia
261 981 336 1030 edidit.
351 979 384 1029 lbi
397 981 481 1038 poetico
494 979 522 1028 de
534 978 605 1028 officio
617 1000 642 1027 ac
655 980 765 1037 dignitate,
778 980 808 1028 ibi
822 980 849 1029 de
862 981 961 1041 historia,

175 1055 243 1110 ,ibide
252 1055 312 1104 omni
324 1053 446 1113 eloquentia
457 1065 516 1102 tanta
527 1052 589 1113 copia
600 1066 621 1103 et
632 1053 737 1112 gravitate,
745 1053 835 1103 diseruit
846 1067 871 1104 ut
882 1053 957 1104 obstu-

175 1142 235 1186 peret
243 1147 281 1177 rex
289 1148 355 1188 seque
363 1127 437 1175 tedere
445 1127 579 1185 permultum
587 1146 612 1174 ac
620 1125 758 1187 vehementer
767 1127 839 1181 dolere
848 1127 958 1191 fateretur,

176 1203 236 1261 quod
245 1201 281 1251 illa
289 1202 343 1250 dum
352 1213 407 1248 esset
416 1200 487 1248 iunior
495 1221 540 1248 non
548 1200 652 1249 audisset.
661 1200 736 1249 Fuisse
745 1221 831 1259 nanque
839 1201 958 1250 affirmabat
1028 1192 1047 1248 d

176 1274 275 1324 lutururn
288 1273 348 1333 quod
361 1271 412 1321 huic
424 1272 478 1321 altae
491 1292 516 1320 ac
529 1273 614 1321 divinae
627 1273 734 1327 scientiae,
751 1293 817 1332 quam
829 1286 916 1335 secutus
929 1276 959 1322 rei
1028 1323 1045 1341 ,ἐς

138 1348 164 1397 15
180 1347 244 1397 huius
254 1348 337 1396 nescios
348 1346 433 1394 nescius
442 1345 577 1403 neglexisset,
586 1345 681 1394 multum
692 1358 713 1394 et
723 1347 803 1405 ingenii
814 1360 835 1395 et
846 1347 912 1396 studii
922 1349 964 1414 tri·⁸
1012 1340 1013 1343 5

178 1422 266 1470 buisset.
281 1421 362 1469 Omnia
373 1438 423 1467 vero
434 1420 513 1476 scripta
523 1420 617 1467 laudavit
628 1439 673 1474 sua,
685 1421 723 1468 sed
732 1420 829 1468 Africam
839 1423 958 1482 presertim,

177 1507 264 1550 ceptum
277 1493 345 1550 magis
358 1511 424 1548 quam
436 1489 557 1548 perlectum
570 1511 785 1552 opus‚ysumm0pere
797 1485 915 1540 admiratus
928 1508 959 1541 est

177 1586 217 1614 nec
231 1584 296 1625 parva
305 1584 356 1614 cum
366 1564 432 1621 gratia
442 1564 504 1622 petiit
513 1575 538 1612 ut
548 1583 595 1612 earn
605 1564 688 1613 nomini
698 1584 738 1613 suo
747 1564 880 1615 inscriberet.
890 1564 959 1615 Deni-

178 1660 220 1698 que
234 1639 355 1687 Petrarcam
366 1657 412 1685 esse
423 1637 494 1685 virum
505 1637 602 1691 doctum,
614 1657 660 1685 esse
671 1637 805 1694 historicum,
816 1658 863 1688 esse
873 1652 960 1698 poetam
1005 1695 1008 1697 q

136 1713 165 1760 20
180 1725 201 1759 et
215 1724 301 1770 poetam
314 1710 385 1759 laurea
396 1709 487 1767 dignum
496 1730 522 1757 ac
532 1710 587 1757 bene
598 1711 700 1758 meritum
710 1711 819 1759 iudicavit.
833 1711 893 1760 Haec
903 1712 960 1770 pub·

179 1783 226 1833 lice.
237 1783 321 1832 Private
332 1794 404 1832 autem
415 1781 544 1840 persuadere
556 1780 597 1830 sibi
608 1794 633 1831 ut
648 1782 743 1831 lauream
759 1780 851 1845 Neapoli
867 1797 961 1833 sumeret

179 1877 244 1916 quam
254 1857 351 1923 maxime
361 1869 450 1904 conatus
460 1868 499 1904 est.
511 1855 586 1913 Ipsum
596 1874 646 1904 vero
656 1875 707 1904 cum
716 1856 801 1906 flectere
810 1877 850 1906 suo
860 1878 872 1906 e
881 1876 961 1916 propo·

180 1930 221 1978 sito
236 1930 345 1989 persuasio
360 1927 419 1976 nulla
433 1941 513 1987 posset,
529 1927 621 1976 Romam
636 1949 662 1977 ex
676 1929 752 1978 ordine
766 1930 914 1986 laureandum,
929 1933 961 1980 uti
1031 1920 1046 1979 js

180 2002 262 2061 solebat
272 2001 395 2059 antiquitas,
407 2001 470 2057 regiis
481 2019 531 2047 cum
542 2000 617 2047 litteris
628 2020 653 2048 ac
660 2001 735 2058 legatis
743 2002 771 2050 ad
780 2015 888 2051 senatores
896 2004 961 2051 misit.
1020 2053 1023 2059 ,

138 2073 166 2124 25
182 2073 248 2123 Urbis
262 2086 315 2122 tunc
329 2084 436 2122 senatores
451 2070 528 2127 Ursus,
543 2066 772 2131 comes'Anguilariae,
787 2087 808 2124 et
824 2075 921 2124 Iordanis
935 2076 962 2124 de
1032 2066 1046 2098 ’5

179 2146 228 2195 filiis
243 2146 294 2195 Ursi
306 2157 375 2195 erant.
1034 2197 1046 2208 ,,

222 2220 290 2276 Regio
304 2220 377 2275 itaque
391 2218 471 2265 iudicio
484 2238 509 2265 ac
519 2218 644 2282 testimonio
654 2219 786 2277 approbatus
796 2234 860 2278 poeta
871 2221 963 2269 Romam

181 2293 247 2341 venit.
262 2290 322 2339 Tum
337 2291 384 2348 ipso
400 2290 422 2337 in
438 2289 553 2347 Capitolio,
569 2284 654 2339 summa
669 2291 754 2340 dudum
769 2294 854 2351 imperii
870 2294 962 2341 Romani
1034 2286 1035 2302 5

180 2383 228 2413 arce
238 2376 259 2412 et
270 2363 387 2411 clarissimo
398 2362 452 2417 loco,
464 2381 602 2420 magnacum
616 2364 739 2413 celebritate
753 2386 779 2413 ac
791 2365 861 2414 leticia
872 2367 963 2416 civitatis

139 2438 167 2487 30
182 2437 301 2495 grandique
316 2448 424 2486 conventu
440 2435 546 2491 nobilium
562 2449 590 2500 et¹
599 2439 724 2502 peritorum,
741 2441 778 2497 qui
793 2441 891 2499 undique
900 2442 964 2496 istam

180 2510 208 2556 ad
224 2528 270 2556 rem
283 2507 394 2556 visendam
407 2505 729 2566 honorandaqu‘e've'nissent,
747 2531 772 2559 ac
789 2510 964 2570 frequentissimo
1034 2532 1036 2540 ⁴

182 2580 263 2640 populo
274 2579 372 2629 Romano
389 2578 522 2638 approbante
533 2580 630 2629 Petrarca
643 2595 716 2631 noster
731 2583 754 2631 id
769 2584 865 2643 primum
878 2605 890 2633 e
905 2604 965 2633 more

183 2655 246 2712 longa
258 2667 280 2701 et
292 2653 436 2711 pulcherrima
448 2653 544 2701 oratione
555 2665 631 2711 petens
643 2655 763 2703 declaratur
774 2668 824 2705 ante
835 2659 908 2706 omnia
920 2678 966 2706 esse

183 2725 296 2773 historicus
310 2738 375 2782 atque
390 2737 460 2782 poeta.
481 2724 567 2773 Deinde
582 2744 661 2774 corona
676 2725 747 2775 laurea
761 2729 845 2786 poetica
860 2729 966 2777 maiorum
1035 2779 1038 2787 ,

139 2799 167 2848 35
184 2817 243 2848 more
252 2818 279 2847 ex
288 2798 363 2847 ordine
373 2810 494 2847 coronatur.
505 2797 615 2847 Postremo
625 2799 774 2859 ampliandum
783 2801 811 2850 ad
822 2822 901 2852 munus
914 2801 966 2851 civi-

195 2976 225 3019 17.
240 2974 337 3030 c(eptum)
352 2980 365 3018 i.
376 2992 399 3025 r.;
414 2984 456 3019 erat
471 2980 578 3028 coeptum?
