<?xml version="1.0" encoding="UTF-8"?>
<!DOCTYPE html PUBLIC "-//W3C//DTD XHTML 1.0 Transitional//EN"
    "http://www.w3.org/TR/xhtml1/DTD/xhtml1-transitional.dtd">
<html xmlns="http://www.w3.org/1999/xhtml" xml:lang="en" lang="en">
 <head>
  <title>
</title>
<meta http-equiv="Content-Type" content="text/html;charset=utf-8" />
  <meta name='ocr-system' content='tesseract 3.04.00' />
  <meta name='ocr-capabilities' content='ocr_page ocr_carea ocr_par ocr_line ocrx_word'/>
</head>
<body>
  <div class='ocr_page' id='page_1' title='image "MN40033ucmf_2_0385.png"; bbox 0 0 2093 3253; ppageno 0'>
   <div class='ocr_carea' id='block_1_1' title="bbox 256 170 869 218">
    <p class='ocr_par' dir='ltr' id='par_1_1' title="bbox 256 170 869 218">
     <span class='ocr_line' id='line_1_1' title="bbox 256 170 869 218; baseline 0.002 -2"><span class='ocrx_word' id='word_1_1' title='bbox 256 183 385 217; x_wconf 74' lang='lat' dir='ltr'>scnrrronun</span> <span class='ocrx_word' id='word_1_2' title='bbox 400 183 524 218; x_wconf 78' lang='lat' dir='ltr'>rmusmrun</span> <span class='ocrx_word' id='word_1_3' title='bbox 536 196 551 202; x_wconf 85' lang='lat'><em>-</em></span> <span class='ocrx_word' id='word_1_4' title='bbox 564 185 622 218; x_wconf 76' lang='lat' dir='ltr'>arasa</span> <span class='ocrx_word' id='word_1_5' title='bbox 635 174 663 218; x_wconf 78' lang='lat' dir='ltr'>xi.</span> <span class='ocrx_word' id='word_1_6' title='bbox 832 170 869 218; x_wconf 77' lang='grc'>311</span> 
     </span>
    </p>
   </div>
   <div class='ocr_carea' id='block_1_2' title="bbox 51 299 892 2975">
    <p class='ocr_par' dir='ltr' id='par_1_2' title="bbox 51 299 892 2975">
     <span class='ocr_line' id='line_1_2' title="bbox 87 299 873 366; baseline 0.001 -19"><span class='ocrx_word' id='word_1_7' title='bbox 87 300 104 347; x_wconf 88' lang='lat' dir='ltr'>si</span> <span class='ocrx_word' id='word_1_8' title='bbox 120 299 226 348; x_wconf 82' lang='lat' dir='ltr'>Lentulus</span> <span class='ocrx_word' id='word_1_9' title='bbox 241 313 262 349; x_wconf 92' lang='lat' dir='ltr'>et</span> <span class='ocrx_word' id='word_1_10' title='bbox 277 299 355 349; x_wconf 90' lang='lat' dir='ltr'>caeteri</span> <span class='ocrx_word' id='word_1_11' title='bbox 370 300 466 366; x_wconf 83' lang='lat' dir='ltr'>insontes</span> <span class='ocrx_word' id='word_1_12' title='bbox 481 301 538 358; x_wconf 90' lang='lat' dir='ltr'>capti</span> <span class='ocrx_word' id='word_1_13' title='bbox 553 313 632 355; x_wconf 86' lang='lat' dir='ltr'><strong>essent,</strong></span> <span class='ocrx_word' id='word_1_14' title='bbox 647 300 671 348; x_wconf 94' lang='lat' dir='ltr'>id</span> <span class='ocrx_word' id='word_1_15' title='bbox 685 299 786 358; x_wconf 86' lang='lat' dir='ltr'>passuros</span> <span class='ocrx_word' id='word_1_16' title='bbox 800 300 873 348; x_wconf 87' lang='lat' dir='ltr'>animo</span> 
     </span>
     <span class='ocr_line' id='line_1_3' title="bbox 87 365 874 431; baseline 0.001 -12"><span class='ocrx_word' id='word_1_17' title='bbox 87 372 146 419; x_wconf 92' lang='lat' dir='ltr'>bono</span> <span class='ocrx_word' id='word_1_18' title='bbox 157 370 288 431; x_wconf 86' lang='lat' dir='ltr'>daturosque</span> <span class='ocrx_word' id='word_1_19' title='bbox 299 365 385 421; x_wconf 85' lang='lat' dir='ltr'>veniam</span> <span class='ocrx_word' id='word_1_20' title='bbox 396 372 462 420; x_wconf 86' lang='lat' dir='ltr'>errori</span> <span class='ocrx_word' id='word_1_21' title='bbox 473 379 520 427; x_wconf 76' lang='lat' dir='ltr'>su&#39;o,</span> <span class='ocrx_word' id='word_1_22' title='bbox 531 372 592 431; x_wconf 87' lang='lat' dir='ltr'>quod</span> <span class='ocrx_word' id='word_1_23' title='bbox 602 371 747 430; x_wconf 83' lang='lat' dir='ltr'>intelligerent</span> <span class='ocrx_word' id='word_1_24' title='bbox 757 372 781 421; x_wconf 91' lang='lat' dir='ltr'>id</span> <span class='ocrx_word' id='word_1_25' title='bbox 791 392 835 420; x_wconf 92' lang='lat' dir='ltr'>non</span> <span class='ocrx_word' id='word_1_26' title='bbox 846 372 874 420; x_wconf 92' lang='lat' dir='ltr'>ad</span> 
     </span>
     <span class='ocr_line' id='line_1_4' title="bbox 87 442 873 504; baseline 0.005 -13"><span class='ocrx_word' id='word_1_27' title='bbox 87 442 188 492; x_wconf 83' lang='lat' dir='ltr'>iniuriam</span> <span class='ocrx_word' id='word_1_28' title='bbox 201 443 240 492; x_wconf 90' lang='lat' dir='ltr'>sed</span> <span class='ocrx_word' id='word_1_29' title='bbox 254 444 465 499; x_wconf 55' lang='lat' dir='ltr'>conservandam‘ad</span> <span class='ocrx_word' id='word_1_30' title='bbox 478 464 524 494; x_wconf 89' lang='lat' dir='ltr'>rem</span> <span class='ocrx_word' id='word_1_31' title='bbox 543 445 653 504; x_wconf 82' lang='lat' dir='ltr'>publicam</span> <span class='ocrx_word' id='word_1_32' title='bbox 671 444 754 496; x_wconf 78' lang='lat' dir='ltr'>lactum</span> <span class='ocrx_word' id='word_1_33' title='bbox 768 443 821 495; x_wconf 89' lang='lat' dir='ltr'>esse.</span> <span class='ocrx_word' id='word_1_34' title='bbox 838 446 873 495; x_wconf 55' lang='lat' dir='ltr'>ln*</span> 
     </span>
     <span class='ocr_line' id='line_1_5' title="bbox 86 515 873 580; baseline 0.003 -15"><span class='ocrx_word' id='word_1_35' title='bbox 86 515 203 566; x_wconf 37' lang='lat' dir='ltr'>terea&#39;vero</span> <span class='ocrx_word' id='word_1_36' title='bbox 212 518 336 567; x_wconf 90' lang='lat' dir='ltr'>admonitus</span> <span class='ocrx_word' id='word_1_37' title='bbox 344 539 357 566; x_wconf 87' lang='lat' dir='ltr'>a</span> <span class='ocrx_word' id='word_1_38' title='bbox 365 517 440 576; x_wconf 84' lang='lat' dir='ltr'>legatis</span> <span class='ocrx_word' id='word_1_39' title='bbox 448 538 495 566; x_wconf 89' lang='lat' dir='ltr'>esse</span> <span class='ocrx_word' id='word_1_40' title='bbox 503 519 526 567; x_wconf 95' lang='lat' dir='ltr'>in</span> <span class='ocrx_word' id='word_1_41' title='bbox 535 518 601 567; x_wconf 92' lang='lat' dir='ltr'>domo</span> <span class='ocrx_word' id='word_1_42' title='bbox 610 518 701 576; x_wconf 85' lang='lat' dir='ltr'>Cethegi</span> <span class='ocrx_word' id='word_1_43' title='bbox 715 518 760 567; x_wconf 91' lang='lat' dir='ltr'>vim</span> <span class='ocrx_word' id='word_1_44' title='bbox 771 520 873 580; x_wconf 13' lang='lat' dir='ltr'>&#39;magnam</span> 
     </span>
     <span class='ocr_line' id='line_1_6' title="bbox 51 589 873 649; baseline 0.001 -11"><span class='ocrx_word' id='word_1_45' title='bbox 51 592 74 641; x_wconf 73' lang='grc'>,5</span> <span class='ocrx_word' id='word_1_46' title='bbox 90 589 200 638; x_wconf 85' lang='lat' dir='ltr'>armorum</span> <span class='ocrx_word' id='word_1_47' title='bbox 216 589 274 638; x_wconf 87' lang='lat' dir='ltr'>misit</span> <span class='ocrx_word' id='word_1_48' title='bbox 289 589 316 639; x_wconf 90' lang='lat' dir='ltr'>C.</span> <span class='ocrx_word' id='word_1_49' title='bbox 332 589 454 648; x_wconf 87' lang='lat' dir='ltr'>Sulpicium</span> <span class='ocrx_word' id='word_1_50' title='bbox 469 601 590 647; x_wconf 80' lang='lat' dir='ltr'>praetorem</span> <span class='ocrx_word' id='word_1_51' title='bbox 605 590 642 648; x_wconf 88' lang='lat' dir='ltr'>qui</span> <span class='ocrx_word' id='word_1_52' title='bbox 657 609 716 639; x_wconf 89' lang='lat' dir='ltr'>arma</span> <span class='ocrx_word' id='word_1_53' title='bbox 731 610 873 649; x_wconf 83' lang='lat' dir='ltr'>quaecunque</span> 
     </span>
     <span class='ocr_line' id='line_1_7' title="bbox 88 661 704 710; baseline 0.006 -2"><span class='ocrx_word' id='word_1_54' title='bbox 88 661 194 709; x_wconf 86' lang='lat' dir='ltr'>inveniret</span> <span class='ocrx_word' id='word_1_55' title='bbox 208 662 274 710; x_wconf 84' lang='lat' dir='ltr'>adse</span> <span class='ocrx_word' id='word_1_56' title='bbox 288 661 389 710; x_wconf 84' lang='lat' dir='ltr'>delerret.</span> <span class='ocrx_word' id='word_1_57' title='bbox 703 664 704 667; x_wconf 28' lang='lat'>¹</span> 
     </span>
     <span class='ocr_line' id='line_1_8' title="bbox 130 733 873 794; baseline 0 -12"><span class='ocrx_word' id='word_1_58' title='bbox 130 734 212 782; x_wconf 78' lang='lat' dir='ltr'>Senatu</span> <span class='ocrx_word' id='word_1_59' title='bbox 228 734 293 792; x_wconf 82' lang='lat' dir='ltr'>igitur</span> <span class='ocrx_word' id='word_1_60' title='bbox 310 734 333 781; x_wconf 89' lang='lat' dir='ltr'>in</span> <span class='ocrx_word' id='word_1_61' title='bbox 349 734 426 782; x_wconf 88' lang='lat' dir='ltr'>aedem</span> <span class='ocrx_word' id='word_1_62' title='bbox 442 733 576 782; x_wconf 78' lang='lat' dir='ltr'>Concordiae</span> <span class='ocrx_word' id='word_1_63' title='bbox 592 747 720 793; x_wconf 85' lang='lat' dir='ltr'>congregato</span> <span class='ocrx_word' id='word_1_64' title='bbox 726 735 828 793; x_wconf 90' lang='lat' dir='ltr'>primum,</span> <span class='ocrx_word' id='word_1_65' title='bbox 835 735 873 794; x_wconf 87' lang='lat' dir='ltr'>qui</span> 
     </span>
     <span class='ocr_line' id='line_1_9' title="bbox 90 806 874 867; baseline 0.001 -11"><span class='ocrx_word' id='word_1_66' title='bbox 90 806 163 856; x_wconf 92' lang='lat' dir='ltr'>omnia</span> <span class='ocrx_word' id='word_1_67' title='bbox 176 806 301 862; x_wconf 89' lang='lat' dir='ltr'>scriberent,</span> <span class='ocrx_word' id='word_1_68' title='bbox 315 807 433 856; x_wconf 85' lang='lat' dir='ltr'>senatorios</span> <span class='ocrx_word' id='word_1_69' title='bbox 446 806 503 857; x_wconf 91' lang='lat' dir='ltr'>viros</span> <span class='ocrx_word' id='word_1_70' title='bbox 517 806 587 866; x_wconf 88' lang='lat' dir='ltr'>elegit.</span> <span class='ocrx_word' id='word_1_71' title='bbox 601 806 730 857; x_wconf 85' lang='lat' dir='ltr'>Evitandam</span> <span class='ocrx_word' id='word_1_72' title='bbox 743 808 833 867; x_wconf 87' lang='lat' dir='ltr'>quidem</span> <span class='ocrx_word' id='word_1_73' title='bbox 846 809 874 857; x_wconf 91' lang='lat' dir='ltr'>ad</span> 
     </span>
     <span class='ocr_line' id='line_1_10' title="bbox 88 876 873 939; baseline 0.001 -11"><span class='ocrx_word' id='word_1_74' title='bbox 88 879 234 938; x_wconf 88' lang='lat' dir='ltr'>suspicionem</span> <span class='ocrx_word' id='word_1_75' title='bbox 243 893 264 928; x_wconf 89' lang='lat' dir='ltr'>et</span> <span class='ocrx_word' id='word_1_76' title='bbox 272 879 390 928; x_wconf 79' lang='lat' dir='ltr'>calumnias</span> <span class='ocrx_word' id='word_1_77' title='bbox 399 880 555 938; x_wconf 89' lang='lat' dir='ltr'>improborum,</span> <span class='ocrx_word' id='word_1_78' title='bbox 562 900 590 928; x_wconf 90' lang='lat' dir='ltr'>ne</span> <span class='ocrx_word' id='word_1_79' title='bbox 598 876 734 929; x_wconf 65' lang='lat' dir='ltr'>sudarbitrio</span> <span class='ocrx_word' id='word_1_80' title='bbox 741 881 794 929; x_wconf 90' lang='lat' dir='ltr'>alios</span> <span class='ocrx_word' id='word_1_81' title='bbox 802 882 873 939; x_wconf 90' lang='lat' dir='ltr'>nomi·</span> 
     </span>
     <span class='ocr_line' id='line_1_11' title="bbox 52 951 873 1007; baseline 0 -5"><span class='ocrx_word' id='word_1_82' title='bbox 52 955 76 1002; x_wconf 83' lang='grc'>10</span> <span class='ocrx_word' id='word_1_83' title='bbox 91 972 159 1006; x_wconf 87' lang='lat' dir='ltr'>nasse,</span> <span class='ocrx_word' id='word_1_84' title='bbox 169 951 221 1000; x_wconf 85' lang='lat' dir='ltr'>alios</span> <span class='ocrx_word' id='word_1_85' title='bbox 231 951 341 1000; x_wconf 80' lang='lat' dir='ltr'>reticuisse</span> <span class='ocrx_word' id='word_1_86' title='bbox 350 951 463 1007; x_wconf 85' lang='lat' dir='ltr'>diceretur,</span> <span class='ocrx_word' id='word_1_87' title='bbox 473 951 585 1000; x_wconf 89' lang='lat' dir='ltr'>constituit</span> <span class='ocrx_word' id='word_1_88' title='bbox 594 965 718 1001; x_wconf 88' lang='lat' dir='ltr'>senatorum</span> <span class='ocrx_word' id='word_1_89' title='bbox 726 972 738 1001; x_wconf 90' lang='lat' dir='ltr'>e</span> <span class='ocrx_word' id='word_1_90' title='bbox 747 970 837 1002; x_wconf 91' lang='lat' dir='ltr'>numero</span> <span class='ocrx_word' id='word_1_91' title='bbox 847 952 873 1002; x_wconf 89' lang='lat' dir='ltr'>C.</span> 
     </span>
     <span class='ocr_line' id='line_1_12' title="bbox 89 1018 873 1085; baseline 0.001 -12"><span class='ocrx_word' id='word_1_92' title='bbox 89 1018 227 1079; x_wconf 79' lang='lat' dir='ltr'>Caesonium,</span> <span class='ocrx_word' id='word_1_93' title='bbox 238 1025 276 1083; x_wconf 87' lang='lat' dir='ltr'>qui</span> <span class='ocrx_word' id='word_1_94' title='bbox 285 1037 334 1085; x_wconf 84' lang='lat' dir='ltr'>tum</span> <span class='ocrx_word' id='word_1_95' title='bbox 343 1037 388 1072; x_wconf 86' lang='lat' dir='ltr'>erat</span> <span class='ocrx_word' id='word_1_96' title='bbox 398 1037 490 1085; x_wconf 85' lang='lat' dir='ltr'>praetor,</span> <span class='ocrx_word' id='word_1_97' title='bbox 501 1025 535 1072; x_wconf 87' lang='grc' dir='ltr'>Μ.</span> <span class='ocrx_word' id='word_1_98' title='bbox 546 1024 671 1079; x_wconf 83' lang='lat' dir='ltr'>Messalam,</span> <span class='ocrx_word' id='word_1_99' title='bbox 681 1024 719 1083; x_wconf 89' lang='lat' dir='ltr'>qui</span> <span class='ocrx_word' id='word_1_100' title='bbox 729 1037 777 1073; x_wconf 90' lang='lat' dir='ltr'>tum</span> <span class='ocrx_word' id='word_1_101' title='bbox 787 1039 873 1083; x_wconf 90' lang='lat' dir='ltr'>praetu-</span> 
     </span>
     <span class='ocr_line' id='line_1_13' title="bbox 90 1096 873 1157; baseline 0 -12"><span class='ocrx_word' id='word_1_102' title='bbox 90 1116 136 1145; x_wconf 86' lang='lat' dir='ltr'>ram</span> <span class='ocrx_word' id='word_1_103' title='bbox 146 1098 239 1155; x_wconf 88' lang='lat' dir='ltr'>petebat,</span> <span class='ocrx_word' id='word_1_104' title='bbox 250 1098 274 1145; x_wconf 87' lang='lat' dir='ltr'>P.</span> <span class='ocrx_word' id='word_1_105' title='bbox 285 1097 406 1157; x_wconf 83' lang='lat' dir='ltr'>Nigidium,</span> <span class='ocrx_word' id='word_1_106' title='bbox 417 1096 515 1156; x_wconf 74' lang='lat' dir='ltr'>Appium</span> <span class='ocrx_word' id='word_1_107' title='bbox 525 1096 650 1152; x_wconf 89' lang='lat' dir='ltr'>Claudium,</span> <span class='ocrx_word' id='word_1_108' title='bbox 661 1117 716 1155; x_wconf 84' lang='lat' dir='ltr'>quos</span> <span class='ocrx_word' id='word_1_109' title='bbox 726 1097 806 1145; x_wconf 86' lang='lat' dir='ltr'>sciebat</span> <span class='ocrx_word' id='word_1_110' title='bbox 816 1098 873 1146; x_wconf 88' lang='lat' dir='ltr'>viros</span> 
     </span>
     <span class='ocr_line' id='line_1_14' title="bbox 90 1165 874 1231; baseline 0.001 -14"><span class='ocrx_word' id='word_1_111' title='bbox 90 1165 134 1218; x_wconf 87' lang='lat' dir='ltr'>non</span> <span class='ocrx_word' id='word_1_112' title='bbox 149 1169 221 1219; x_wconf 89' lang='lat' dir='ltr'>solum</span> <span class='ocrx_word' id='word_1_113' title='bbox 228 1170 308 1219; x_wconf 75' lang='lat' dir='ltr'>virtute</span> <span class='ocrx_word' id='word_1_114' title='bbox 316 1190 341 1220; x_wconf 92' lang='lat' dir='ltr'>ac</span> <span class='ocrx_word' id='word_1_115' title='bbox 349 1169 393 1218; x_wconf 85' lang='lat' dir='ltr'>lide</span> <span class='ocrx_word' id='word_1_116' title='bbox 401 1186 450 1227; x_wconf 88' lang='lat' dir='ltr'>erga</span> <span class='ocrx_word' id='word_1_117' title='bbox 458 1185 505 1218; x_wconf 89' lang='lat' dir='ltr'>rem</span> <span class='ocrx_word' id='word_1_118' title='bbox 513 1168 623 1227; x_wconf 89' lang='lat' dir='ltr'>publicam</span> <span class='ocrx_word' id='word_1_119' title='bbox 631 1171 717 1218; x_wconf 68' lang='lat' dir='ltr'>summa*</span> <span class='ocrx_word' id='word_1_120' title='bbox 724 1187 801 1231; x_wconf 67' lang='lat' dir='ltr'>perum</span> <span class='ocrx_word' id='word_1_121' title='bbox 809 1170 874 1218; x_wconf 87' lang='lat' dir='ltr'>etiam</span> 
     </span>
     <span class='ocr_line' id='line_1_15' title="bbox 90 1241 874 1297; baseline 0.003 -7"><span class='ocrx_word' id='word_1_122' title='bbox 90 1243 200 1297; x_wconf 89' lang='lat' dir='ltr'>memoria,</span> <span class='ocrx_word' id='word_1_123' title='bbox 220 1243 315 1297; x_wconf 90' lang='lat' dir='ltr'>scientia,</span> <span class='ocrx_word' id='word_1_124' title='bbox 335 1243 499 1296; x_wconf 89' lang='lat' dir='ltr'>consuetudine,</span> <span class='ocrx_word' id='word_1_125' title='bbox 519 1242 626 1291; x_wconf 90' lang='lat' dir='ltr'>celeritate</span> <span class='ocrx_word' id='word_1_126' title='bbox 645 1243 753 1291; x_wconf 86' lang='lat' dir='ltr'>scribendi</span> <span class='ocrx_word' id='word_1_127' title='bbox 772 1241 874 1292; x_wconf 69' lang='lat' dir='ltr'>facillime</span> 
     </span>
     <span class='ocr_line' id='line_1_16' title="bbox 52 1315 874 1374; baseline -0.002 -9"><span class='ocrx_word' id='word_1_128' title='bbox 52 1317 76 1365; x_wconf 91' lang='grc'>15</span> <span class='ocrx_word' id='word_1_129' title='bbox 92 1316 192 1373; x_wconf 83' lang='lat' dir='ltr'>persequi</span> <span class='ocrx_word' id='word_1_130' title='bbox 204 1316 277 1364; x_wconf 89' lang='lat' dir='ltr'>omnia</span> <span class='ocrx_word' id='word_1_131' title='bbox 288 1336 344 1374; x_wconf 84' lang='lat' dir='ltr'>quae</span> <span class='ocrx_word' id='word_1_132' title='bbox 355 1315 477 1364; x_wconf 87' lang='lat' dir='ltr'>dicerentur</span> <span class='ocrx_word' id='word_1_133' title='bbox 488 1334 559 1373; x_wconf 87' lang='lat' dir='ltr'>posse.</span> <span class='ocrx_word' id='word_1_134' title='bbox 570 1315 612 1363; x_wconf 89' lang='lat' dir='ltr'>His</span> <span class='ocrx_word' id='word_1_135' title='bbox 623 1335 710 1373; x_wconf 90' lang='lat' dir='ltr'>nanque</span> <span class='ocrx_word' id='word_1_136' title='bbox 721 1315 783 1363; x_wconf 89' lang='lat' dir='ltr'>iussit</span> <span class='ocrx_word' id='word_1_137' title='bbox 794 1328 818 1363; x_wconf 91' lang='lat' dir='ltr'>ut</span> <span class='ocrx_word' id='word_1_138' title='bbox 829 1316 874 1363; x_wconf 79' lang='lat' dir='ltr'>sin-</span> 
     </span>
     <span class='ocr_line' id='line_1_17' title="bbox 60 1386 874 1446; baseline -0.001 -9"><span class='ocrx_word' id='word_1_139' title='bbox 60 1399 62 1404; x_wconf 53' lang='lat'><em>*</em></span> <span class='ocrx_word' id='word_1_140' title='bbox 90 1387 134 1446; x_wconf 88' lang='lat' dir='ltr'>guli</span> <span class='ocrx_word' id='word_1_141' title='bbox 144 1388 244 1437; x_wconf 91' lang='lat' dir='ltr'>omnium</span> <span class='ocrx_word' id='word_1_142' title='bbox 253 1388 351 1437; x_wconf 90' lang='lat' dir='ltr'>iudicum</span> <span class='ocrx_word' id='word_1_143' title='bbox 358 1388 425 1441; x_wconf 90' lang='lat' dir='ltr'>dicta,</span> <span class='ocrx_word' id='word_1_144' title='bbox 435 1387 534 1436; x_wconf 91' lang='lat' dir='ltr'>omnium</span> <span class='ocrx_word' id='word_1_145' title='bbox 544 1401 630 1446; x_wconf 90' lang='lat' dir='ltr'>patrum</span> <span class='ocrx_word' id='word_1_146' title='bbox 640 1388 764 1446; x_wconf 81' lang='lat' dir='ltr'>interogata,</span> <span class='ocrx_word' id='word_1_147' title='bbox 775 1386 874 1437; x_wconf 89' lang='lat' dir='ltr'>omnium</span> 
     </span>
     <span class='ocr_line' id='line_1_18' title="bbox 90 1457 892 1523; baseline 0 -13"><span class='ocrx_word' id='word_1_148' title='bbox 90 1476 177 1510; x_wconf 87' lang='lat' dir='ltr'>reorum</span> <span class='ocrx_word' id='word_1_149' title='bbox 191 1480 293 1520; x_wconf 87' lang='lat' dir='ltr'>responsa</span> <span class='ocrx_word' id='word_1_150' title='bbox 303 1482 348 1510; x_wconf 91' lang='lat' dir='ltr'>uno</span> <span class='ocrx_word' id='word_1_151' title='bbox 356 1474 435 1523; x_wconf 86' lang='lat' dir='ltr'>tenore¹</span> <span class='ocrx_word' id='word_1_152' title='bbox 440 1459 608 1510; x_wconf 82' lang='lat' dir='ltr'>conscriberent.</span> <span class='ocrx_word' id='word_1_153' title='bbox 618 1460 706 1509; x_wconf 86' lang='lat' dir='ltr'>Horum</span> <span class='ocrx_word' id='word_1_154' title='bbox 713 1473 786 1510; x_wconf 88' lang='lat' dir='ltr'>autem</span> <span class='ocrx_word' id='word_1_155' title='bbox 795 1462 874 1521; x_wconf 90' lang='lat' dir='ltr'>scripta</span> <span class='ocrx_word' id='word_1_156' title='bbox 890 1457 892 1461; x_wconf 20' lang='lat' dir='ltr'>v</span> 
     </span>
     <span class='ocr_line' id='line_1_19' title="bbox 90 1531 874 1595; baseline -0.003 -13"><span class='ocrx_word' id='word_1_157' title='bbox 90 1555 141 1589; x_wconf 88' lang='lat' dir='ltr'>non,</span> <span class='ocrx_word' id='word_1_158' title='bbox 157 1547 181 1582; x_wconf 90' lang='lat' dir='ltr'>ut</span> <span class='ocrx_word' id='word_1_159' title='bbox 193 1534 286 1583; x_wconf 88' lang='lat' dir='ltr'>solerent</span> <span class='ocrx_word' id='word_1_160' title='bbox 299 1535 337 1593; x_wconf 89' lang='lat' dir='ltr'>qui</span> <span class='ocrx_word' id='word_1_161' title='bbox 349 1536 421 1595; x_wconf 87' lang='lat' dir='ltr'>essent</span> <span class='ocrx_word' id='word_1_162' title='bbox 433 1533 539 1594; x_wconf 85' lang='lat' dir='ltr'>consules.</span> <span class='ocrx_word' id='word_1_163' title='bbox 553 1531 667 1582; x_wconf 90' lang='lat' dir='ltr'>occultavit</span> <span class='ocrx_word' id='word_1_164' title='bbox 680 1533 740 1582; x_wconf 88' lang='lat' dir='ltr'>domi</span> <span class='ocrx_word' id='word_1_165' title='bbox 752 1554 792 1582; x_wconf 90' lang='lat' dir='ltr'>nec</span> <span class='ocrx_word' id='word_1_166' title='bbox 804 1535 874 1583; x_wconf 79' lang='lat' dir='ltr'>conti-</span> 
     </span>
     <span class='ocr_line' id='line_1_20' title="bbox 90 1605 874 1666; baseline -0.003 -11"><span class='ocrx_word' id='word_1_167' title='bbox 90 1606 138 1656; x_wconf 88' lang='lat' dir='ltr'>nuit</span> <span class='ocrx_word' id='word_1_168' title='bbox 147 1626 240 1666; x_wconf 84' lang='lat' dir='ltr'>usquam</span> <span class='ocrx_word' id='word_1_169' title='bbox 250 1605 293 1656; x_wconf 91' lang='lat' dir='ltr'>ulla</span> <span class='ocrx_word' id='word_1_170' title='bbox 303 1608 385 1666; x_wconf 89' lang='lat' dir='ltr'>privata</span> <span class='ocrx_word' id='word_1_171' title='bbox 394 1606 492 1656; x_wconf 87' lang='lat' dir='ltr'>custodia</span> <span class='ocrx_word' id='word_1_172' title='bbox 502 1606 541 1655; x_wconf 89' lang='lat' dir='ltr'>sed</span> <span class='ocrx_word' id='word_1_173' title='bbox 550 1625 616 1665; x_wconf 90' lang='lat' dir='ltr'>quam</span> <span class='ocrx_word' id='word_1_174' title='bbox 626 1606 722 1665; x_wconf 91' lang='lat' dir='ltr'>primum</span> <span class='ocrx_word' id='word_1_175' title='bbox 731 1606 792 1656; x_wconf 90' lang='lat' dir='ltr'>licuit</span> <span class='ocrx_word' id='word_1_176' title='bbox 801 1606 874 1665; x_wconf 83' lang='lat' dir='ltr'>publi·</span> 
     </span>
     <span class='ocr_line' id='line_1_21' title="bbox 51 1678 874 1746; baseline -0.002 -17"><span class='ocrx_word' id='word_1_177' title='bbox 51 1680 77 1729; x_wconf 84' lang='lat'>20</span> <span class='ocrx_word' id='word_1_178' title='bbox 92 1699 128 1729; x_wconf 87' lang='lat' dir='ltr'>cas</span> <span class='ocrx_word' id='word_1_179' title='bbox 142 1679 165 1729; x_wconf 94' lang='lat' dir='ltr'>in</span> <span class='ocrx_word' id='word_1_180' title='bbox 179 1678 263 1729; x_wconf 84' lang='lat' dir='ltr'>tabulas</span> <span class='ocrx_word' id='word_1_181' title='bbox 279 1679 371 1729; x_wconf 90' lang='lat' dir='ltr'>describi</span> <span class='ocrx_word' id='word_1_182' title='bbox 387 1679 415 1729; x_wconf 88' lang='lat' dir='ltr'>ab</span> <span class='ocrx_word' id='word_1_183' title='bbox 430 1678 533 1729; x_wconf 86' lang='lat' dir='ltr'>omnibus</span> <span class='ocrx_word' id='word_1_184' title='bbox 542 1679 621 1746; x_wconf 85' lang='lat' dir='ltr'>statim</span> <span class='ocrx_word' id='word_1_185' title='bbox 635 1678 727 1728; x_wconf 87' lang='lat' dir='ltr'>librariis</span> <span class='ocrx_word' id='word_1_186' title='bbox 742 1678 874 1739; x_wconf 85' lang='lat' dir='ltr'>pervulgari·</span> 
     </span>
     <span class='ocr_line' id='line_1_22' title="bbox 91 1751 875 1812; baseline -0.001 -11"><span class='ocrx_word' id='word_1_187' title='bbox 91 1773 134 1811; x_wconf 88' lang='lat' dir='ltr'>que</span> <span class='ocrx_word' id='word_1_188' title='bbox 147 1772 174 1800; x_wconf 87' lang='lat' dir='ltr'>ac</span> <span class='ocrx_word' id='word_1_189' title='bbox 187 1751 228 1801; x_wconf 90' lang='lat' dir='ltr'>edi</span> <span class='ocrx_word' id='word_1_190' title='bbox 237 1751 325 1812; x_wconf 90' lang='lat' dir='ltr'>populo</span> <span class='ocrx_word' id='word_1_191' title='bbox 334 1751 433 1801; x_wconf 87' lang='lat' dir='ltr'>Romano</span> <span class='ocrx_word' id='word_1_192' title='bbox 446 1764 468 1801; x_wconf 91' lang='lat' dir='ltr'>et</span> <span class='ocrx_word' id='word_1_193' title='bbox 481 1752 538 1800; x_wconf 88' lang='lat' dir='ltr'>mitti</span> <span class='ocrx_word' id='word_1_194' title='bbox 551 1771 627 1800; x_wconf 86' lang='lat' dir='ltr'>omnes</span> <span class='ocrx_word' id='word_1_195' title='bbox 640 1751 668 1800; x_wconf 90' lang='lat' dir='ltr'>ad</span> <span class='ocrx_word' id='word_1_196' title='bbox 682 1752 817 1809; x_wconf 80' lang='lat' dir='ltr'>magistratus</span> <span class='ocrx_word' id='word_1_197' title='bbox 836 1771 875 1810; x_wconf 91' lang='lat' dir='ltr'>per</span> 
     </span>
     <span class='ocr_line' id='line_1_23' title="bbox 93 1823 876 1883; baseline 0.001 -11"><span class='ocrx_word' id='word_1_198' title='bbox 93 1824 177 1873; x_wconf 86' lang='lat' dir='ltr'>ltaliam</span> <span class='ocrx_word' id='word_1_199' title='bbox 191 1844 216 1873; x_wconf 90' lang='lat' dir='ltr'>ac</span> <span class='ocrx_word' id='word_1_200' title='bbox 230 1824 352 1883; x_wconf 84' lang='lat' dir='ltr'>provincias</span> <span class='ocrx_word' id='word_1_201' title='bbox 366 1844 442 1882; x_wconf 87' lang='lat' dir='ltr'>magna</span> <span class='ocrx_word' id='word_1_202' title='bbox 456 1844 507 1872; x_wconf 89' lang='lat' dir='ltr'>cum</span> <span class='ocrx_word' id='word_1_203' title='bbox 520 1823 632 1882; x_wconf 85' lang='lat' dir='ltr'>diligentia</span> <span class='ocrx_word' id='word_1_204' title='bbox 644 1824 876 1883; x_wconf 76' lang='lat' dir='ltr'>procuravit-Nempe</span> 
     </span>
     <span class='ocr_line' id='line_1_24' title="bbox 91 1895 875 1957; baseline 0.001 -11"><span class='ocrx_word' id='word_1_205' title='bbox 91 1897 121 1947; x_wconf 90' lang='lat' dir='ltr'>rei</span> <span class='ocrx_word' id='word_1_206' title='bbox 136 1897 208 1954; x_wconf 87' lang='lat' dir='ltr'>huius,</span> <span class='ocrx_word' id='word_1_207' title='bbox 223 1918 236 1947; x_wconf 91' lang='lat' dir='ltr'>e</span> <span class='ocrx_word' id='word_1_208' title='bbox 250 1917 293 1957; x_wconf 88' lang='lat' dir='ltr'>qua</span> <span class='ocrx_word' id='word_1_209' title='bbox 307 1895 364 1948; x_wconf 84' lang='lat' dir='ltr'>salus</span> <span class='ocrx_word' id='word_1_210' title='bbox 378 1909 438 1947; x_wconf 90' lang='lat' dir='ltr'>tanta</span> <span class='ocrx_word' id='word_1_211' title='bbox 452 1909 499 1947; x_wconf 87' lang='lat' dir='ltr'>orta</span> <span class='ocrx_word' id='word_1_212' title='bbox 513 1909 565 1953; x_wconf 88' lang='lat' dir='ltr'>erat,</span> <span class='ocrx_word' id='word_1_213' title='bbox 580 1909 690 1957; x_wconf 86' lang='lat' dir='ltr'>expertem</span> <span class='ocrx_word' id='word_1_214' title='bbox 704 1916 751 1947; x_wconf 88' lang='lat' dir='ltr'>esse</span> <span class='ocrx_word' id='word_1_215' title='bbox 765 1897 875 1948; x_wconf 89' lang='lat' dir='ltr'>neminem</span> 
     </span>
     <span class='ocr_line' id='line_1_25' title="bbox 90 1969 361 2035; baseline 0 -16"><span class='ocrx_word' id='word_1_216' title='bbox 90 1969 166 2034; x_wconf 75' lang='lat' dir='ltr'>voluit.</span> <span class='ocrx_word' id='word_1_217' title='bbox 359 2032 361 2035; x_wconf 18' lang='grc' dir='ltr'><strong><em>ι</em></strong></span> 
     </span>
     <span class='ocr_line' id='line_1_26' title="bbox 51 2043 875 2102; baseline 0 -11"><span class='ocrx_word' id='word_1_218' title='bbox 51 2044 77 2091; x_wconf 80' lang='grc'>25</span> <span class='ocrx_word' id='word_1_219' title='bbox 135 2044 215 2091; x_wconf 83' lang='lat' dir='ltr'>Paratis</span> <span class='ocrx_word' id='word_1_220' title='bbox 230 2043 295 2101; x_wconf 80' lang='lat' dir='ltr'>igitur</span> <span class='ocrx_word' id='word_1_221' title='bbox 311 2043 356 2102; x_wconf 89' lang='lat' dir='ltr'>qui,</span> <span class='ocrx_word' id='word_1_222' title='bbox 372 2055 397 2091; x_wconf 93' lang='lat' dir='ltr'>ut</span> <span class='ocrx_word' id='word_1_223' title='bbox 413 2043 465 2097; x_wconf 81' lang='lat' dir='ltr'>dixi,</span> <span class='ocrx_word' id='word_1_224' title='bbox 481 2043 554 2090; x_wconf 90' lang='lat' dir='ltr'>omnia</span> <span class='ocrx_word' id='word_1_225' title='bbox 569 2062 625 2102; x_wconf 87' lang='lat' dir='ltr'>quae</span> <span class='ocrx_word' id='word_1_226' title='bbox 640 2043 764 2091; x_wconf 89' lang='lat' dir='ltr'>dicerentur</span> <span class='ocrx_word' id='word_1_227' title='bbox 778 2056 875 2091; x_wconf 88' lang='lat' dir='ltr'>accurate</span> 
     </span>
     <span class='ocr_line' id='line_1_27' title="bbox 91 2115 875 2179; baseline 0.001 -14"><span class='ocrx_word' id='word_1_228' title='bbox 91 2117 248 2179; x_wconf 86' lang='lat' dir='ltr'>perscriberent</span> <span class='ocrx_word' id='word_1_229' title='bbox 264 2118 287 2165; x_wconf 89' lang='lat' dir='ltr'>in</span> <span class='ocrx_word' id='word_1_230' title='bbox 302 2128 402 2165; x_wconf 89' lang='lat' dir='ltr'>senatum</span> <span class='ocrx_word' id='word_1_231' title='bbox 417 2128 467 2165; x_wconf 86' lang='lat' dir='ltr'>ante</span> <span class='ocrx_word' id='word_1_232' title='bbox 483 2130 558 2165; x_wconf 87' lang='lat' dir='ltr'>omnes</span> <span class='ocrx_word' id='word_1_233' title='bbox 578 2115 607 2165; x_wconf 91' lang='lat' dir='ltr'>T.</span> <span class='ocrx_word' id='word_1_234' title='bbox 628 2115 767 2173; x_wconf 79' lang='lat' dir='ltr'>Vulturcium</span> <span class='ocrx_word' id='word_1_235' title='bbox 787 2115 875 2174; x_wconf 88' lang='lat' dir='ltr'>(Croto-</span> 
     </span>
     <span class='ocr_line' id='line_1_28' title="bbox 55 2188 876 2254; baseline 0.001 -16"><span class='ocrx_word' id='word_1_236' title='bbox 55 2190 56 2194; x_wconf 61' lang='grc'>’</span> <span class='ocrx_word' id='word_1_237' title='bbox 91 2190 173 2252; x_wconf 88' lang='lat' dir='ltr'>niensis</span> <span class='ocrx_word' id='word_1_238' title='bbox 183 2190 219 2238; x_wconf 84' lang='lat' dir='ltr'>bic</span> <span class='ocrx_word' id='word_1_239' title='bbox 229 2203 274 2238; x_wconf 87' lang='lat' dir='ltr'>erat</span> <span class='ocrx_word' id='word_1_240' title='bbox 285 2188 347 2254; x_wconf 88' lang='lat' dir='ltr'>civis)</span> <span class='ocrx_word' id='word_1_241' title='bbox 358 2202 380 2238; x_wconf 91' lang='lat' dir='ltr'>et</span> <span class='ocrx_word' id='word_1_242' title='bbox 391 2190 429 2248; x_wconf 87' lang='lat' dir='ltr'>qui</span> <span class='ocrx_word' id='word_1_243' title='bbox 440 2202 501 2239; x_wconf 87' lang='lat' dir='ltr'>erant</span> <span class='ocrx_word' id='word_1_244' title='bbox 511 2189 575 2247; x_wconf 87' lang='lat' dir='ltr'>legati</span> <span class='ocrx_word' id='word_1_245' title='bbox 586 2188 797 2248; x_wconf 71' lang='lat' dir='ltr'>Alogobrumsimul</span> <span class='ocrx_word' id='word_1_246' title='bbox 807 2190 876 2239; x_wconf 82' lang='lat' dir='ltr'>intro-</span> 
     </span>
     <span class='ocr_line' id='line_1_29' title="bbox 91 2261 876 2319; baseline 0.001 -11"><span class='ocrx_word' id='word_1_247' title='bbox 91 2262 142 2310; x_wconf 90' lang='lat' dir='ltr'>duci</span> <span class='ocrx_word' id='word_1_248' title='bbox 157 2262 306 2309; x_wconf 62' lang='lat' dir='ltr'>iussit.&#39;·Fides</span> <span class='ocrx_word' id='word_1_249' title='bbox 320 2262 367 2308; x_wconf 84' lang='lat' dir='ltr'>istis</span> <span class='ocrx_word' id='word_1_250' title='bbox 381 2261 468 2319; x_wconf 88' lang='lat' dir='ltr'>publica</span> <span class='ocrx_word' id='word_1_251' title='bbox 483 2274 507 2308; x_wconf 91' lang='lat' dir='ltr'>ut</span> <span class='ocrx_word' id='word_1_252' title='bbox 522 2274 598 2308; x_wconf 90' lang='lat' dir='ltr'>senatu</span> <span class='ocrx_word' id='word_1_253' title='bbox 612 2261 783 2319; x_wconf 86' lang='lat' dir='ltr'>audientequae</span> <span class='ocrx_word' id='word_1_254' title='bbox 797 2263 876 2309; x_wconf 89' lang='lat' dir='ltr'>scirent</span> 
     </span>
     <span class='ocr_line' id='line_1_30' title="bbox 92 2331 876 2400; baseline -0.003 -18"><span class='ocrx_word' id='word_1_255' title='bbox 92 2332 164 2400; x_wconf 87' lang='lat' dir='ltr'>omnia</span> <span class='ocrx_word' id='word_1_256' title='bbox 179 2332 246 2382; x_wconf 89' lang='lat' dir='ltr'>libere</span> <span class='ocrx_word' id='word_1_257' title='bbox 261 2335 286 2382; x_wconf 80' lang='lat' dir='ltr'>ac</span> <span class='ocrx_word' id='word_1_258' title='bbox 301 2333 348 2382; x_wconf 83' lang='lat' dir='ltr'>sine</span> <span class='ocrx_word' id='word_1_259' title='bbox 364 2345 423 2382; x_wconf 90' lang='lat' dir='ltr'>metu</span> <span class='ocrx_word' id='word_1_260' title='bbox 439 2331 543 2382; x_wconf 82' lang='lat' dir='ltr'>relerrent</span> <span class='ocrx_word' id='word_1_261' title='bbox 558 2333 615 2382; x_wconf 82' lang='lat' dir='ltr'>data·</span> <span class='ocrx_word' id='word_1_262' title='bbox 632 2333 687 2382; x_wconf 90' lang='lat' dir='ltr'>Iussi</span> <span class='ocrx_word' id='word_1_263' title='bbox 703 2333 782 2382; x_wconf 89' lang='lat' dir='ltr'>deinde</span> <span class='ocrx_word' id='word_1_264' title='bbox 797 2333 876 2392; x_wconf 78' lang='lat' dir='ltr'>singuli</span> 
     </span>
     <span class='ocr_line' id='line_1_31' title="bbox 51 2404 876 2468; baseline 0.004 -16"><span class='ocrx_word' id='word_1_265' title='bbox 51 2404 79 2454; x_wconf 83' lang='lat'>30</span> <span class='ocrx_word' id='word_1_266' title='bbox 94 2405 165 2455; x_wconf 89' lang='lat' dir='ltr'>dicere</span> <span class='ocrx_word' id='word_1_267' title='bbox 181 2426 257 2455; x_wconf 89' lang='lat' dir='ltr'>omnes</span> <span class='ocrx_word' id='word_1_268' title='bbox 273 2405 342 2468; x_wconf 82' lang='lat' dir='ltr'>auditi</span> <span class='ocrx_word' id='word_1_269' title='bbox 358 2405 603 2465; x_wconf 43' lang='lat' dir='ltr'>sunt-*Conspiratores</span> <span class='ocrx_word' id='word_1_270' title='bbox 625 2416 699 2465; x_wconf 83' lang='lat' dir='ltr'>postea</span> <span class='ocrx_word' id='word_1_271' title='bbox 716 2425 791 2455; x_wconf 88' lang='lat' dir='ltr'>omnes</span> <span class='ocrx_word' id='word_1_272' title='bbox 808 2405 876 2455; x_wconf 92' lang='lat' dir='ltr'>intro·</span> 
     </span>
     <span class='ocr_line' id='line_1_32' title="bbox 92 2478 877 2543; baseline 0 -16"><span class='ocrx_word' id='word_1_273' title='bbox 92 2478 159 2527; x_wconf 77' lang='lat' dir='ltr'>ducti</span> <span class='ocrx_word' id='word_1_274' title='bbox 172 2478 291 2543; x_wconf 88' lang='lat' dir='ltr'>Lentulum</span> <span class='ocrx_word' id='word_1_275' title='bbox 303 2491 376 2528; x_wconf 85' lang='lat' dir='ltr'>autem</span> <span class='ocrx_word' id='word_1_276' title='bbox 387 2478 463 2528; x_wconf 88' lang='lat' dir='ltr'>consul</span> <span class='ocrx_word' id='word_1_277' title='bbox 476 2478 568 2533; x_wconf 71' lang='lat' dir='ltr'>Cicero,v</span> <span class='ocrx_word' id='word_1_278' title='bbox 578 2480 638 2537; x_wconf 85' lang='lat' dir='ltr'>quod</span> <span class='ocrx_word' id='word_1_279' title='bbox 655 2479 756 2537; x_wconf 82' lang='lat' dir='ltr'>patricius</span> <span class='ocrx_word' id='word_1_280' title='bbox 769 2493 824 2528; x_wconf 89' lang='lat' dir='ltr'>esset</span> <span class='ocrx_word' id='word_1_281' title='bbox 836 2481 877 2527; x_wconf 87' lang='lat' dir='ltr'>iste</span> 
     </span>
     <span class='ocr_line' id='line_1_33' title="bbox 56 2550 877 2611; baseline 0.002 -12"><span class='ocrx_word' id='word_1_282' title='bbox 56 2550 58 2552; x_wconf 35' lang='lat'><strong><em>¹</em></strong></span> <span class='ocrx_word' id='word_1_283' title='bbox 91 2571 116 2599; x_wconf 86' lang='lat' dir='ltr'>ac</span> <span class='ocrx_word' id='word_1_284' title='bbox 131 2564 223 2611; x_wconf 84' lang='lat' dir='ltr'>praetor,</span> <span class='ocrx_word' id='word_1_285' title='bbox 235 2572 301 2600; x_wconf 90' lang='lat' dir='ltr'>manu</span> <span class='ocrx_word' id='word_1_286' title='bbox 312 2551 400 2600; x_wconf 91' lang='lat' dir='ltr'>honoris</span> <span class='ocrx_word' id='word_1_287' title='bbox 411 2572 474 2601; x_wconf 84' lang='lat' dir='ltr'>causa</span> <span class='ocrx_word' id='word_1_288' title='bbox 484 2551 617 2610; x_wconf 89' lang='lat' dir='ltr'>prehensum</span> <span class='ocrx_word' id='word_1_289' title='bbox 628 2552 696 2601; x_wconf 87' lang='lat' dir='ltr'>duxit.</span> <span class='ocrx_word' id='word_1_290' title='bbox 707 2551 768 2601; x_wconf 92' lang='lat' dir='ltr'>Tum</span> <span class='ocrx_word' id='word_1_291' title='bbox 777 2553 877 2601; x_wconf 91' lang='lat' dir='ltr'>omniurn</span> 
     </span>
     <span class='ocr_line' id='line_1_34' title="bbox 92 2622 877 2686; baseline 0.006 -17"><span class='ocrx_word' id='word_1_292' title='bbox 92 2623 115 2686; x_wconf 86' lang='lat' dir='ltr'>in</span> <span class='ocrx_word' id='word_1_293' title='bbox 130 2622 248 2683; x_wconf 85' lang='lat' dir='ltr'>conspectu</span> <span class='ocrx_word' id='word_1_294' title='bbox 267 2623 349 2686; x_wconf 80' lang='lat' dir='ltr'>litterae</span> <span class='ocrx_word' id='word_1_295' title='bbox 367 2625 399 2673; x_wconf 92' lang='lat' dir='ltr'>uti</span> <span class='ocrx_word' id='word_1_296' title='bbox 418 2637 478 2683; x_wconf 89' lang='lat' dir='ltr'>erant</span> <span class='ocrx_word' id='word_1_297' title='bbox 497 2637 571 2683; x_wconf 87' lang='lat' dir='ltr'>captae</span> <span class='ocrx_word' id='word_1_298' title='bbox 590 2624 678 2683; x_wconf 82' lang='lat' dir='ltr'>integris</span> <span class='ocrx_word' id='word_1_299' title='bbox 697 2625 763 2682; x_wconf 89' lang='lat' dir='ltr'>signis</span> <span class='ocrx_word' id='word_1_300' title='bbox 782 2625 877 2674; x_wconf 86' lang='lat' dir='ltr'>eduntur</span> 
     </span>
     <span class='ocr_line' id='line_1_35' title="bbox 92 2696 876 2757; baseline 0.004 -13"><span class='ocrx_word' id='word_1_301' title='bbox 92 2696 272 2757; x_wconf 85' lang='lat' dir='ltr'>singulorumque</span> <span class='ocrx_word' id='word_1_302' title='bbox 287 2697 353 2757; x_wconf 88' lang='lat' dir='ltr'>signis</span> <span class='ocrx_word' id='word_1_303' title='bbox 371 2698 463 2757; x_wconf 88' lang='lat' dir='ltr'>cognitis</span> <span class='ocrx_word' id='word_1_304' title='bbox 480 2710 528 2748; x_wconf 86' lang='lat' dir='ltr'>toto</span> <span class='ocrx_word' id='word_1_305' title='bbox 543 2697 644 2748; x_wconf 85' lang='lat' dir='ltr'>audiente</span> <span class='ocrx_word' id='word_1_306' title='bbox 659 2718 684 2747; x_wconf 90' lang='lat' dir='ltr'>ac</span> <span class='ocrx_word' id='word_1_307' title='bbox 699 2697 786 2748; x_wconf 90' lang='lat' dir='ltr'>vidente</span> <span class='ocrx_word' id='word_1_308' title='bbox 801 2711 876 2748; x_wconf 89' lang='lat' dir='ltr'>senatu</span> 
     </span>
     <span class='ocr_line' id='line_1_36' title="bbox 52 2768 876 2830; baseline 0.004 -14"><span class='ocrx_word' id='word_1_309' title='bbox 52 2768 79 2817; x_wconf 81' lang='lat'>35</span> <span class='ocrx_word' id='word_1_310' title='bbox 96 2771 229 2828; x_wconf 82' lang='lat' dir='ltr'>aperiuntur,</span> <span class='ocrx_word' id='word_1_311' title='bbox 245 2770 353 2828; x_wconf 89' lang='lat' dir='ltr'>leguntur,</span> <span class='ocrx_word' id='word_1_312' title='bbox 370 2772 494 2820; x_wconf 85' lang='lat' dir='ltr'>recitantur.</span> <span class='ocrx_word' id='word_1_313' title='bbox 509 2772 576 2820; x_wconf 73' lang='lat' dir='ltr'>Arma</span> <span class='ocrx_word' id='word_1_314' title='bbox 592 2791 680 2830; x_wconf 87' lang='lat' dir='ltr'>quoque</span> <span class='ocrx_word' id='word_1_315' title='bbox 695 2776 750 2830; x_wconf 86' lang='lat' dir='ltr'>quae</span> <span class='ocrx_word' id='word_1_316' title='bbox 763 2772 786 2819; x_wconf 93' lang='lat' dir='ltr'>in</span> <span class='ocrx_word' id='word_1_317' title='bbox 797 2771 876 2819; x_wconf 88' lang='lat' dir='ltr'>Cethe-</span> 
     </span>
     <span class='ocr_line' id='line_1_37' title="bbox 94 2842 877 2902; baseline 0.006 -15"><span class='ocrx_word' id='word_1_318' title='bbox 94 2843 115 2899; x_wconf 81' lang='lat' dir='ltr'>gi</span> <span class='ocrx_word' id='word_1_319' title='bbox 131 2844 197 2891; x_wconf 92' lang='lat' dir='ltr'>domo</span> <span class='ocrx_word' id='word_1_320' title='bbox 218 2842 244 2891; x_wconf 91' lang='lat' dir='ltr'>C.</span> <span class='ocrx_word' id='word_1_321' title='bbox 265 2842 375 2901; x_wconf 86' lang='lat' dir='ltr'>Sulpicius</span> <span class='ocrx_word' id='word_1_322' title='bbox 395 2843 511 2892; x_wconf 89' lang='lat' dir='ltr'>invenisset</span> <span class='ocrx_word' id='word_1_323' title='bbox 532 2863 605 2892; x_wconf 89' lang='lat' dir='ltr'>coram</span> <span class='ocrx_word' id='word_1_324' title='bbox 625 2856 771 2902; x_wconf 86' lang='lat' dir='ltr'>exponuntur.</span> <span class='ocrx_word' id='word_1_325' title='bbox 791 2844 877 2893; x_wconf 85' lang='lat' dir='ltr'>Postre-</span> 
     </span>
     <span class='ocr_line' id='line_1_38' title="bbox 96 2915 877 2975; baseline 0.004 -13"><span class='ocrx_word' id='word_1_326' title='bbox 96 2934 132 2963; x_wconf 95' lang='lat' dir='ltr'>mo</span> <span class='ocrx_word' id='word_1_327' title='bbox 147 2915 185 2973; x_wconf 90' lang='lat' dir='ltr'>qui</span> <span class='ocrx_word' id='word_1_328' title='bbox 201 2915 290 2964; x_wconf 87' lang='lat' dir='ltr'>aderant</span> <span class='ocrx_word' id='word_1_329' title='bbox 305 2915 362 2974; x_wconf 85' lang='lat' dir='ltr'>capti</span> <span class='ocrx_word' id='word_1_330' title='bbox 372 2915 535 2974; x_wconf 87' lang='lat' dir='ltr'>conspiratores</span> <span class='ocrx_word' id='word_1_331' title='bbox 551 2916 671 2975; x_wconf 86' lang='lat' dir='ltr'>interogati,</span> <span class='ocrx_word' id='word_1_332' title='bbox 687 2916 763 2971; x_wconf 86' lang='lat' dir='ltr'>auditi,</span> <span class='ocrx_word' id='word_1_333' title='bbox 784 2915 877 2966; x_wconf 74' lang='lat' dir='ltr'>confessi</span> 
     </span>
    </p>
   </div>
   <div class='ocr_carea' id='block_1_3' title="bbox 0 0 1056 3253">
    <p class='ocr_par' dir='ltr' id='par_1_3' title="bbox 0 0 1056 3253">
     <span class='ocr_line' id='line_1_39' title="bbox 0 0 1056 3253; baseline 0 0"><span class='ocrx_word' id='word_1_334' title='bbox 0 0 1056 3253; x_wconf 95' lang='lat' dir='ltr'> </span> 
     </span>
    </p>
   </div>
  </div>
 </body>
</html>
