2093 3253
142 179 173 226 26
429 190 430 196 ’
443 196 536 226 sicconis
554 196 674 226 rousuronr

188 333 234 361 uno
248 314 321 362 animo
336 314 487 372 loquerentur.⁴
495 312 578 361 Mansit
588 326 660 361 tamen
670 327 735 372 atque
746 313 803 362 hunc
813 313 836 362 in
846 315 905 362 diem
914 315 974 374 apud
1029 306 1039 341 3'

190 387 383 451 quosdammanet
397 386 471 448 opinio
489 407 513 434 ac
532 397 579 434 mos
590 387 699 445 antiquus
718 386 787 435 nullas
805 386 899 435 habendi
911 387 973 446 leges

190 460 286 517 scriptas:
302 459 382 506 liabent
395 458 484 517 quidem
497 459 633 516 magistratus
646 479 701 517 quos
714 460 770 506 viros
783 477 864 515 graves,
878 460 973 517 pruden-
1046 479 1047 483 ’

189 545 228 586 tes,
241 531 310 579 bonos
322 551 368 579 esse
380 542 464 589 putant,
477 531 515 590 qui
527 553 571 579 non
583 530 629 589 lege
641 532 720 590 scripta
731 531 770 580 sed
781 533 850 590 patrio
862 550 929 594 more,
941 535 974 581 uti

163 607 175 655 5
191 625 286 663 aequum
296 605 437 658 arbitrantur,
452 604 482 651 ita
500 604 533 651 ius
552 604 635 652 dicunt.
655 604 711 652 Satis
730 604 788 652 enim
806 618 872 663 atque
886 605 937 653 satis
952 618 975 654 et

189 678 308 726 litterarum
323 690 346 725 et
359 677 432 734 legum
447 676 526 725 babere
540 690 617 735 putant
630 678 667 735 qui
681 677 741 726 litem
755 677 820 725 modo
843 678 940 727 celeriter
952 692 974 726 et

189 752 262 799 animo
276 770 345 808 aequo
365 748 479 797 diffiniant.

231 823 371 873 Prudentiam
385 841 436 871 vero
451 823 615 871 scribendarum
626 822 699 881 legum
710 836 759 872 ante
771 823 823 872 alios
835 824 973 873 Phoroneum
1040 817 1045 869 s

190 898 290 946 habuisse
299 898 395 945 tradunt.
406 896 457 943 Fuit
466 897 575 944 istelnaci
585 910 607 944 et
617 897 689 944 Niobe
699 896 764 945 lilius.
775 897 820 944 Rex
829 909 903 944 autem
911 897 974 945 iusti-

151 972 176 1017 lO
191 973 236 1017 ciae
249 969 368 1016 celebratae
381 969 444 1025 Argis
458 968 515 1024 leges
529 969 625 1025 primum
638 969 731 1025 scripsit.
745 968 828 1026 Populo
841 981 915 1016 autem
929 967 974 1016 He·
1043 1017 1044 1021 ,

190 1042 254 1090 braeo
269 1040 352 1090 tabulas
363 1041 435 1099 legum
449 1041 540 1099 scriptas
552 1058 591 1098 per
604 1041 706 1099 Moysem
720 1060 766 1090 esse
781 1060 793 1088 a
809 1041 850 1089 deo
864 1041 886 1090 in
900 1052 974 1090 monte
1045 1045 1046 1049 ’

191 1116 249 1163 Sinai
265 1115 324 1162 datas
335 1126 427 1162 constat.
439 1113 512 1170 Moysi
524 1107 613 1171 quidem
624 1114 718 1171 aequalis
728 1126 826 1172 tempore
839 1114 915 1162 lnacus
925 1113 975 1162 luit.
1027 1115 1030 1117 ’

159 1245 161 1247 ‚
190 1188 307 1245 Aegyptios
327 1206 378 1235 vero
398 1187 467 1243 prima
491 1186 619 1242 scriptarum
642 1187 715 1243 legum
737 1198 878 1234 monumenta
900 1187 975 1235 docuit

191 1259 314 1308 Mercurius
329 1258 480 1316 Trimegistus.
490 1258 568 1306 Atticis
578 1270 653 1316 postea
662 1259 719 1316 leges
729 1258 801 1306 Draco
811 1258 903 1318 scripsit.
914 1257 975 1307 Mul-

153 1333 176 1382 15
192 1346 226 1381 tae
241 1331 276 1380 hic
290 1345 335 1380 erat
347 1331 475 1390 prudentiae
487 1331 526 1386 vir,
540 1349 656 1390 rerumque
668 1343 690 1379 et
702 1331 846 1380 humanarum
857 1344 880 1381 et
891 1332 975 1382 divina-

191 1426 247 1459 rum,
263 1418 370 1464 quantum
384 1404 441 1452 illius
456 1405 530 1452 aetatis
546 1403 623 1452 Graeci
639 1404 737 1452 homines
754 1418 872 1460 uterentur,
887 1405 975 1453 scientia

191 1479 308 1535 praeditus.
323 1477 368 1525 Sed
382 1476 517 1534 scriptaeab
531 1497 557 1523 eo
572 1477 636 1533 leges,
651 1476 712 1534 quod
725 1495 811 1525 severae
825 1478 938 1534 presertim
952 1478 975 1524 in

129 1576 152 1608 ,μ
191 1551 249 1599 tures
264 1551 357 1598 nimium
372 1549 504 1603 viderentur,
519 1548 622 1607 paulatim
638 1550 737 1597 omnium
751 1543 858 1598 consensu
874 1548 975 1608 antiqua-

191 1637 225 1673 tae
240 1636 298 1673 sunt.
314 1623 377 1672 Ferre
393 1623 484 1680 quidem
499 1642 551 1679 gens
566 1622 603 1670 illa
617 1643 662 1670 non
677 1623 748 1681 potuit
764 1622 824 1681 quod
839 1623 975 1671 mulctandos

150 1699 178 1746 20
193 1697 302 1745 statuisset
314 1695 380 1750 lures,
393 1695 472 1754 quibus
485 1716 529 1759 non
541 1697 659 1754 impunitas
671 1696 737 1744 modo
749 1695 787 1743 sed
799 1695 885 1744 licentia
896 1708 918 1744 et
930 1696 976 1744 laus

192 1770 273 1823 haberi,
284 1769 351 1816 veluti
363 1768 457 1826 quadam
468 1786 508 1826 pro
519 1768 598 1815 virtute
609 1780 631 1815 et
641 1769 714 1816 animo
726 1788 812 1826 magno,
823 1768 908 1820 soleret.
920 1767 976 1818 Dra-

149 1856 151 1860 “
192 1843 252 1890 conis
267 1843 340 1900 itaque
356 1840 439 1898 legibus
454 1841 579 1898 antiquatis,
594 1860 674 1889 munus
689 1840 712 1888 id
727 1840 889 1889 scribendarum
904 1840 976 1900 legum

192 1914 274 1969 Soloni,
294 1914 331 1973 qui
351 1928 401 1963 tum
419 1914 590 1973 sapientissimus
609 1927 727 1972 putaretur,
746 1915 812 1962 Attici
831 1914 976 1963 contulerunt.

193 1988 282 2036 Cautior
297 1988 332 2034 hic
347 1987 403 2033 malo
418 1986 488 2033 alieno
506 1985 575 2033 lactus
591 1985 637 2032 illas
654 1987 762 2032 mitiorem
778 1986 805 2032 ad
821 2006 914 2042 poenam
930 2004 977 2042 gra-

151 2058 179 2108 25
194 2061 315 2117 tioremque
330 2057 423 2107 reduxit.
437 2055 488 2106 Erat
502 2056 569 2106 Solon
583 2070 666 2115 septem
679 2057 721 2106 illis
735 2077 761 2105 ex
774 2057 906 2115 sapientibus
920 2077 976 2107 unus

193 2152 248 2192 quos
263 2131 363 2179 habuisse
379 2130 470 2179 Graecia
486 2129 596 2188 gloriatur.
611 2129 752 2188 Temperavit
766 2130 856 2189 quidem
871 2130 977 2179 Draconis

193 2205 329 2251 severitatem
343 2203 418 2257 Solon,
433 2202 550 2261 effecitque
568 2203 715 2256 moderatione
733 2223 771 2251 sua
789 2216 813 2262 ut
830 2203 914 2260 legibus
932 2203 978 2251 eius

192 2277 264 2325 Attica
278 2295 330 2333 gens
346 2294 413 2334 quam
430 2274 552 2322 diutissime
568 2276 656 2323 viveret.
674 2274 814 2323 Cretensibus
831 2286 904 2323 autem
921 2275 978 2334 leges

195 2349 270 2397 Minos
285 2351 368 2407 primus
384 2349 451 2395 dedit.
602 2354 603 2357 ’

151 2425 180 2471 30
237 2423 336 2480 Spartani
351 2439 409 2476 vero,
421 2422 458 2478 qui
475 2434 525 2468 sunt
541 2422 606 2468 etiarn
622 2421 786 2469 Lacedaemonii
802 2421 910 2480 appellati,
927 2421 980 2479 legi-

194 2497 234 2543 bus
250 2496 345 2553 primum
363 2495 396 2543 usi
415 2494 509 2551 Lycurgi
527 2506 585 2547 sunt,
603 2514 643 2542 nec
660 2493 750 2551 quidem
767 2506 844 2552 sponte
861 2493 900 2540 sed
916 2494 979 2542 inviti

194 2569 368 2626 resistentesque,
381 2566 441 2624 quod
451 2565 512 2624 apud
523 2565 633 2623 vulgarem
645 2565 816 2624 popularemque
826 2585 915 2614 sensum
925 2566 979 2614 dure

193 2641 285 2689 nimium
300 2660 347 2688 esse
361 2640 507 2697 adversaeque
520 2638 620 2687 licentiae
634 2659 685 2688 suae
698 2659 723 2687 ac
738 2638 834 2688 luxuriae
847 2639 980 2688 viderentur.

193 2713 281 2770 Quippe
295 2714 328 2760 vir
343 2712 439 2770 prudens
456 2712 575 2768 Lycurgus,
591 2711 739 2769 doctrinisque
753 2711 854 2767 omnibus
868 2712 932 2758 bonis
945 2712 980 2759 in·

152 2784 180 2834 35
195 2797 289 2834 structus
303 2804 329 2833 ac
343 2785 399 2843 regis
417 2782 494 2843 pupilli
511 2796 571 2832 tutor
587 2796 608 2832 et
626 2796 722 2843 patruus,
740 2783 797 2842 leges
814 2783 908 2833 instituit
924 2804 980 2852 quae

205 2965 224 3011 Ζ.
234 2965 331 3021 quosdam
345 2973 358 3011 ι’.
374 2984 389 3011 r.
404 2966 423 3011 Ο
438 2965 509 3010 multos
525 2965 552 3010 H.
601 2966 644 3015 110.
658 2965 710 3019 leges
724 2973 738 3011 i.
753 2985 776 3015 r.:
791 2976 833 3010 erat
847 2966 934 3012 litteras?
