2093 3253
140 186 180 230 212
443 197 534 228 sicconis
548 197 663 228 eorxnrour

182 315 257 362 ratoris
271 315 371 378 magister
383 311 432 359 luit.
445 313 492 360 Sibi
505 325 578 360 autem
590 326 656 371 atque
668 306 771 370 Septicio,
786 312 894 370 praelecto
907 335 966 372 prae.

182 386 238 441 toni,
252 401 273 435 et
286 383 396 435 nonnullis
409 383 455 433 aliis
467 384 504 444 qui
518 399 590 433 essent
600 385 623 434 in
635 385 760 443 magistratu
771 405 906 435 successores
916 388 967 445 dati,

156 510 158 513 ,
184 460 243 520 quod
253 460 316 519 apud
328 457 432 508 Sabinam
444 458 565 516 Augustam
577 459 661 507 iniussu
674 459 744 506 mariti
757 480 779 507 se
791 457 918 509 familiarius
930 461 967 511 lra-
1042 463 1047 514 s

182 533 280 581 buissent
298 552 364 591 quam
379 531 471 589 dignitas
487 531 591 579 Caesarea
609 552 633 579 ac
652 533 771 579 reverentia
790 532 869 597 domus
888 532 968 583 aulicae

156 608 169 657 5
184 605 308 666 postularet.

225 679 298 744 Secuti
308 678 387 726 deinde
395 677 430 724 alii
439 691 505 735 atque
514 677 549 724 alii
558 692 609 725 sunt
618 679 656 735 qui
667 677 735 725 multo
745 697 795 726 curn
805 691 882 725 ornatu
891 680 968 727 multa·

185 771 227 810 que
242 770 292 799 curn
304 768 377 799 rerum
389 748 450 806 copia
461 750 516 797 vitas
529 748 646 798 Caesarum
658 748 799 807 explicarunt.
812 749 844 797 Ex
856 750 889 796 his
902 755 967 800 menti

183 844 242 873 nunc
251 824 310 872 venit
322 822 389 872 lulius
400 820 543 880 Capitolinus,
555 822 592 880 qui
603 822 664 870 divos
674 821 796 870 Antoninos
806 842 831 870 ac
841 821 936 882 reliquos
946 825 967 873 in

184 897 309 946 Macrinum
323 915 393 954 usque
404 907 530 953 prosecutus
543 907 582 943 est.

145 973 171 1019 10
206 1017 210 1020 ,
230 969 298 1017 Adest
306 968 380 1017 Aelius
387 967 533 1027 Lampridius,
540 967 577 1026 qui
587 967 734 1016 Commodum
743 969 831 1016 nomine
836 968 968 1026 appellatum

185 1041 223 1090 sed
236 1041 388 1100 imperatorem
401 1039 502 1088 omnibus
516 1039 681 1089 incommodum
693 1061 718 1088 ac
730 1053 825 1101 caeteros
838 1041 881 1101 qui
890 1041 968 1091 deinde

157 1158 159 1176 ζ
185 1115 276 1174 imperio
291 1127 341 1164 sunt
355 1113 418 1172 potiti
434 1113 461 1161 ad
476 1113 629 1162 Constantium
644 1134 714 1172 usque
729 1113 840 1173 amplexus
854 1126 894 1163 est.
1040 1106 1047 1185 ἶ

227 1189 296 1236 Adest
306 1186 421 1235 Trebelius
432 1186 506 1234 Pollio.
522 1186 581 1233 Vixit
591 1187 632 1234 iste
643 1207 694 1235 cum
705 1186 853 1250 Dioclicianus
862 1187 969 1236 Constan-
1041 1204 1045 1222 2

184 1261 234 1315 tius,
251 1260 322 1319 magni
336 1259 473 1308 Constantini
486 1272 554 1317 pater,
568 1271 589 1306 et
603 1259 750 1307 Maximianus
763 1260 901 1318 imperarent.
915 1260 968 1309 Cae¹
1040 1263 1047 1317 ξ’

147 1335 172 1383 15
188 1352 260 1382 sarum
274 1346 347 1382 autem
362 1331 473 1397 Philippos
486 1332 541 1380 duos
554 1351 579 1379 ac
591 1332 670 1380 deinde
683 1332 721 1390 qui
735 1332 826 1380 Romani
840 1345 877 1381 aut
889 1334 969 1391 princi·
1042 1385 1045 1393 A

186 1426 227 1464 pes¹
233 1418 270 1453 aut
280 1405 372 1463 tyramni
383 1417 532 1452 successerunt
542 1404 570 1451 ad
580 1403 718 1460 Quintilium,
730 1405 816 1453 Claudii
827 1404 916 1453 secundi
927 1405 969 1453 lra-
1040 1434 1047 1445 t

186 1492 248 1534 trem,
262 1479 378 1526 memoriae
390 1476 493 1535 prodidit.

227 1550 355 1600 Trebelium
370 1562 456 1598 secutus
467 1563 500 1597 est
511 1549 596 1598 Flavius
608 1550 762 1609 Syracusanus.
774 1550 969 1617 Hunc-Vopiscum

185 1636 329 1682 cognomento
343 1633 427 1675 vocant,
443 1622 503 1681 quod
517 1642 544 1670 ex
558 1622 654 1679 gemellis
668 1620 735 1670 altero
751 1635 837 1671 mortuo
851 1625 969 1681 supervixit

143 1698 172 1744 20
187 1697 240 1754 ipse.
256 1696 311 1743 luris
324 1706 397 1743 autem
411 1694 499 1741 scientia
509 1694 606 1751 preditus
618 1695 704 1742 dicendi
715 1696 780 1743 etiam
790 1696 888 1743 esercitio
899 1696 968 1744 delec-
1039 1720 1040 1728 ¹

187 1781 243 1829 tatus
255 1780 294 1817 est.
304 1766 446 1816 Aurelianum
457 1766 546 1825 quidem
555 1779 576 1814 et
584 1767 621 1826 qui
631 1766 709 1815 deinde
718 1768 825 1825 principes
840 1767 932 1816 Romani
942 1770 969 1817 ad

187 1840 291 1889 Carinum
306 1859 375 1898 usque
389 1836 450 1887 fuere
464 1837 557 1896 collegit.

163 1963 165 1966 ,
228 1911 302 1958 Aelius
317 1930 405 1969 quoque
416 1909 546 1967 Sparcianus
558 1910 608 1957 divo
620 1931 632 1957 a
645 1910 700 1957 lulio
708 1910 803 1972 Caesare
820 1912 842 1958 in
855 1911 969 1960 Dioclicia-

188 2003 241 2030 num
256 1981 392 2041 progreditur
403 2000 443 2028 nec
454 1981 593 2039 pretermittit
604 1980 674 2029 ullum
686 1982 723 2040 qui
736 1983 763 2029 sit
775 2003 801 2029 ex
812 1982 854 2029 illis
866 1983 903 2041 qui
916 1982 969 2030 Cae·
1038 1987 1042 2020 ³

144 2057 172 2106 25
188 2075 245 2104 sares
258 2056 291 2104 vel
304 2055 397 2114 Augusti
410 2054 443 2102 vel
456 2056 564 2113 principes
577 2055 713 2113 appellentur
726 2069 763 2104 aut
776 2057 814 2115 qui
827 2056 923 2115 adoptati
936 2057 968 2105 vel

186 2130 340 2194 imperatorum
351 2126 389 2175 filii
400 2128 444 2175 nati
455 2140 492 2176 aut
503 2140 602 2185 parentes
613 2128 656 2176 sint
667 2127 784 2177 Caesarum
795 2130 883 2177 nomine
894 2150 968 2178 conse·

187 2202 247 2250 crati.
278 2200 395 2249 Librorum
411 2200 457 2247 eius
473 2219 521 2258 pars
539 2199 681 2254 Dioclician0‚
698 2219 747 2258 pars
764 2200 892 2259 Constantio
908 2201 968 2260 (vixit

188 2275 277 2333 quidem
292 2275 333 2323 sub
348 2273 450 2331 utroque)
464 2273 567 2331 inscripta
581 2287 620 2322 est.
1042 2266 1044 2277 ⁵

229 2347 277 2396 Hoc
292 2349 344 2396 item
358 2347 380 2393 in
395 2345 470 2394 ordine
483 2346 542 2394 venit
556 2345 634 2394 Sextus
648 2346 756 2402 Aurelius,
771 2348 808 2406 qui
820 2342 888 2395 etiam
895 2348 969 2396 Victor
1039 2372 1047 2394 a

142 2421 173 2469 30
188 2418 409 2480 nomine'appellatus
418 2432 458 2466 est.
471 2418 563 2471 Orditur
574 2419 601 2467 ab
614 2419 733 2468 Octaviano
745 2421 785 2468 iste
796 2433 862 2479 atque
874 2420 969 2480 singulos
1037 2465 1040 2470 ,

187 2514 213 2541 ex
229 2485 304 2541 ordine
314 2510 435 2541 memorans
445 2492 473 2539 ad
482 2491 633 2541 Theodosium
642 2491 773 2541 venitillum
783 2494 821 2552 qui
830 2493 939 2542 Archadio
949 2506 969 2540 et

161 2616 163 2620 ‚
189 2566 286 2614 Honorio
297 2565 346 2614 filiis
358 2584 404 2612 rem
415 2564 525 2623 publicam
537 2565 632 2624 quietam
643 2565 767 2625 salvamque
778 2566 872 2625 reliquit.
1043 2557 1047 2565 i

229 2638 308 2695 Neque
322 2656 373 2686 vero
388 2635 516 2684 Alcuinum'
530 2640 628 2694 quamvis
654 2638 743 2685 Gallum
767 2641 970 2696 pretermittendum

187 2710 302 2759 Caesareos
311 2711 366 2759 inter
374 2709 488 2768 scriptores
497 2722 558 2768 puto.
569 2709 589 2757 ls
598 2710 674 2759 doctus
683 2723 740 2759 certe
748 2711 780 2760 vir
788 2724 809 2760 et
818 2710 889 2760 Caroli
898 2710 969 2771 magni

183 2853 197 2888 1,
209 2852 228 2888 S.
240 2851 263 2888 H.
276 2851 296 2888 A.
308 2852 361 2890 Hudr.
377 2850 403 2886 11.
416 2850 433 2886 3.
497 2889 498 2892 Ἰ

184 2969 204 3013 2.
218 2966 317 3011 nonnullis
332 2973 345 3011 ἰ.
360 2984 375 3009 r.
430 2966 449 3010 6.
463 2965 495 3009 alii
509 2977 570 3018 atque
584 2965 615 3011 alii
629 2977 676 3011 sunt
690 2972 703 3011 ι’.
718 2986 733 3010 r.
749 2966 768 3012 O
785 2966 878 3022 plurique
892 2969 917 3013 R.
