2093 3253
473 218 568 250 SICCONIS
583 217 699 249 POLENTONI

258 335 335 384 Cicero
347 349 419 384 autem
433 335 511 385 certior
523 348 547 384 ut
559 336 618 385 venit
630 337 652 384 in
665 335 764 385 Ciliciam
775 334 845 383 lactus
857 347 938 394 quanta
949 356 1000 384 cum

217 408 324 467 superbia,
340 422 419 468 quanta
434 431 485 458 cum
495 410 585 458 avaricia
596 408 666 458 luerat
678 408 787 468 provincia
799 420 820 456 et
831 407 859 456 ab
870 409 911 456 isto
922 420 943 456 et
954 408 999 457 aliis

217 480 321 539 superiori
336 493 433 539 tempore
450 481 575 540 gubernata,
592 501 617 530 ac
635 481 728 540 populos
746 499 810 529 onere
829 481 897 529 nimio
915 479 999 538 gemere

216 555 313 608 audiens,
328 554 389 613 quod
402 555 484 604 tributa
503 569 562 604 extra
583 555 683 604 ordinem
702 576 726 603 ac
746 574 811 614 supra
830 554 886 603 vires
906 554 1000 613 pendere

191 627 204 674 5
219 639 352 685 cogerentur,
368 628 434 676 edixit
448 650 475 676 ne
489 629 517 676 ob
530 629 637 677 tributum
650 629 766 688 quisquam
779 628 893 687 praedium
905 642 942 676 aut
956 648 1001 678 rem

218 699 284 759 ullam
298 720 379 749 venum
393 700 440 755 iret,
453 721 480 749 ne
492 701 520 748 ab
532 700 577 749 ullo
589 702 706 760 quicquam
718 720 756 759 per
769 700 870 749 iniuriam
886 714 1000 759 extorque-

218 783 257 821 retss
272 772 374 830 Denique
389 773 508 821 sublevavit
523 774 657 830 provinciam
671 773 758 828 tributis
773 792 839 831 quam
855 773 947 821 maxime
962 794 1001 832 po-

218 844 266 893 tuit.
283 843 435 902 Magistratum
447 865 497 894 vero
509 865 574 894 suum
585 846 614 894 ita
626 845 733 904 disposuit
744 865 769 893 ac
780 846 845 903 gessit
857 859 881 894 ut
893 866 963 904 neque
974 847 1001 895 ab

218 939 244 967 eo
259 938 298 968 nec
312 919 340 968 ab
355 918 399 968 ullo
418 939 508 969 suorum
526 920 610 969 dictum
628 918 737 969 laetumve
755 919 865 969 audiretur
884 919 1001 978 quicquam

179 991 211 1039 l0'
220 992 281 1050 quod
295 992 362 1040 videri
377 1006 414 1040 aut
428 992 545 1041 insolenter
559 993 643 1041 dictum
656 1004 693 1040 aut
708 992 812 1051 rapaciter
826 991 908 1040 lactum
922 1006 1001 1051 posset.

219 1063 279 1112 Nihil
294 1064 352 1112 enim
366 1065 414 1119 sibi,
430 1066 483 1113 nihil
498 1066 578 1123 legatis,
594 1065 647 1112 nihil
661 1066 777 1123 quaestori,
792 1064 845 1112 nihil
860 1078 950 1112 suorum
963 1064 1001 1112 ulli

218 1137 279 1194 quod
289 1155 327 1194 per
338 1137 394 1196 leges
405 1159 449 1185 non
460 1138 533 1186 liceret
546 1138 591 1185 dari
604 1151 641 1185 aut
654 1136 741 1196 publice
754 1150 791 1185 aut
804 1137 1001 1196 private'permisit.

220 1209 293 1258 Taceo
308 1211 394 1258 maiora.
410 1211 508 1259 Faenum
521 1212 610 1270 quidem
623 1230 648 1258 ac
661 1210 725 1268 ligna,
740 1230 795 1268 quae
810 1209 863 1257 Iulia
876 1210 923 1267 lege
936 1210 1001 1258 debe*

219 1296 293 1331 rentur
305 1304 329 1330 ac
340 1285 384 1340 peti
395 1284 453 1333 bono
464 1286 510 1333 iure
523 1298 617 1342 possent,
626 1283 694 1341 accipi
705 1284 751 1330 sine
762 1284 834 1341 precio
847 1304 1001 1341 saepenumero

180 1354 205 1402 15
221 1356 303 1403 vetuit,
312 1355 469 1405 Lectos=2m0d0
483 1376 508 1404 ac
521 1369 604 1405 tectum
618 1356 682 1413 gratis
696 1355 764 1413 accipi
778 1375 803 1403 ac
822 1356 866 1413 peti
886 1357 1001 1409 consensit;

219 1448 246 1476 ne
260 1439 333 1477 autem
349 1428 452 1478 molestus
468 1443 529 1484 esset,
546 1443 603 1478 tecto
621 1428 731 1478 interdum
746 1427 851 1477 abstinuit
869 1443 890 1478 et
905 1449 945 1477 suo
961 1429 1002 1478 sub

219 1501 357 1551 tabernaculo
371 1501 420 1551 tuit.
432 1503 511 1551 Aditus
522 1522 573 1551 vero
584 1502 612 1550 ad
623 1522 646 1550 se
658 1515 730 1562 patere
742 1502 847 1553 universis
859 1522 939 1561 eosque
950 1501 1002 1550 laci-

219 1574 250 1623 les
258 1594 305 1623 esse
311 1595 337 1623 ac
345 1575 423 1623 liberos
431 1575 506 1623 voluit.
515 1574 595 1622 Omnia
603 1594 641 1633 per
649 1596 678 1630 se,
688 1577 741 1624 nihil
749 1596 788 1636 per
796 1570 862 1623 alium
870 1595 1002 1634 quemquam

219 1647 309 1698 audivit.
318 1647 406 1715 Nemini
420 1647 577 1706 praefecturam
589 1661 627 1696 aut
641 1670 720 1698 munus
734 1649 847 1708 publicum
860 1648 920 1696 dedit
933 1647 1002 1696 ullum

178 1721 207 1771 20
222 1722 259 1782 qui
275 1722 389 1780 negocium
404 1721 426 1770 in
442 1722 552 1781 provincia
567 1722 675 1781 privatum
691 1723 786 1773 haberet.
802 1722 896 1781 Populos
912 1721 956 1770 suis
972 1721 1002 1770 le-

220 1796 290 1853 gibus,
305 1795 350 1843 suis
365 1795 469 1849 moribus,
481 1795 525 1842 suis
537 1795 601 1843 sacris
613 1796 684 1844 vivere
695 1816 719 1843 ac
730 1798 762 1845 uti
774 1796 878 1853 permisit.
891 1795 1002 1842 Frumenti

220 1868 330 1915 caritatem
349 1865 475 1915 sublevavit.
501 1866 621 1915 Praefectos
646 1868 684 1926 qui
709 1869 801 1916 rationes
826 1867 923 1926 publicas
948 1865 1002 1913 inlra

223 1939 353 1990 decennium
368 1939 530 1989 defraudassent
551 1940 665 1999 pecuniam
686 1937 732 1990 sine
753 1941 870 2000 ignominia
891 1940 1002 1988 restituere

220 2015 297 2072 coegit.
312 2013 442 2068 Exercitum,
460 2013 497 2072 qui
514 2032 552 2071 per
568 2013 697 2062 seditionem
712 2014 778 2072 Appii
795 2013 924 2072 negligentia
940 2012 1002 2060 dissi-

178 2086 207 2133 25
222 2099 285 2143 patus
300 2097 344 2132 erat
359 2098 380 2133 et
394 2097 456 2142 rapto
466 2085 557 2139 vivebat,
568 2097 592 2133 ut
602 2085 735 2142 provinciam
745 2099 777 2134 est
787 2085 902 2143 ingressus,
913 2103 1002 2142 congre·

220 2159 264 2216 gari
279 2175 317 2216 per
331 2158 430 2206 tribunos
446 2170 467 2206 et
483 2157 563 2215 legatos
579 2177 604 2206 ac
620 2158 716 2216 nequid
732 2158 770 2206 ulli
784 2176 824 2216 per
840 2158 885 2206 vim
900 2158 1002 2214 arriperet
1016 2210 1019 2214 .

220 2231 336 2290 quisquam
350 2230 419 2279 curari
434 2230 503 2279 iussit.
514 2229 561 2279 Sibi
570 2242 644 2280 autem
653 2231 694 2290 ipsi
705 2251 775 2290 neque
785 2243 878 2280 statuam
887 2229 954 2279 ullam
964 2248 1002 2278 nec

221 2315 321 2362 sumptus
332 2316 370 2351 aut
382 2302 474 2362 honores
486 2302 541 2354 ullos
554 2305 619 2351 etiarn
631 2304 658 2351 de
670 2303 756 2361 publica
769 2303 852 2352 oblatos
864 2320 903 2361 per
915 2303 1002 2360 provin-

220 2375 290 2427 ciales,
305 2374 328 2422 ni
343 2387 449 2433 quantum
461 2375 595 2431 magistratus
607 2394 631 2422 ac
642 2375 672 2422 rei
684 2375 783 2433 publicae
794 2375 886 2432 dignitas
898 2374 1001 2431 exigebat,

179 2447 207 2497 30
222 2447 268 2497 lieri
283 2467 358 2505 passus
373 2458 412 2496 est.

262 2519 322 2569 Haec
336 2519 429 2578 taliaque
445 2518 512 2568 multa
527 2540 582 2578 quae
597 2540 609 2567 a
625 2519 730 2568 Cicerone
745 2540 785 2578 pro
801 2521 896 2567 nominis
911 2516 1002 2566 Romani

220 2606 284 2647 statu,
295 2592 365 2646 laude,
377 2592 460 2640 iusticia
474 2610 523 2649 erga
537 2592 678 2650 provinciales
691 2592 720 2640 ad
733 2591 901 2641 reconciliandos
915 2611 940 2639 ac
953 2590 1002 2638 reti-

210 2666 303 2719 nendos
313 2665 336 2713 in
345 2664 388 2713 fide
398 2663 529 2723 populorum
538 2665 621 2713 animos
631 2664 713 2720 fierent,
724 2685 748 2713 ea
758 2664 830 2713 omnia
839 2663 924 2723 Appius
934 2675 955 2711 et
965 2660 1002 2721 qui

219 2738 286 2797 Appii
311 2757 413 2796 sequaces
438 2749 498 2785 erant
517 2736 704 2797 calumniabantur
718 2737 815 2796 fierique
835 2737 1003 2795 haudquaquam

179 2810 207 2860 35
222 2832 267 2869 quo
281 2810 354 2858 animo
365 2830 389 2859 ea
400 2808 478 2858 Cicero
488 2808 587 2865 iaciebat,
600 2810 639 2857 sed
649 2810 706 2859 illius
718 2811 784 2859 modo
795 2810 823 2858 ad
834 2810 942 2863 iniuriam,
951 2828 1003 2856 con·

221 2991 252 3037 23.
267 2992 403 3047 (re)stitu(ere)
418 2998 431 3035 i.
446 3010 462 3035 r.
