2093 3253
442 210 534 240 SICCONIS
549 209 665 239 POLENTONI

228 329 273 389 Sed
287 328 315 375 ad
330 327 466 391 propositum
481 338 620 374 revertamur.
635 325 703 374 Adest
714 347 800 384 nanque
817 327 968 376 memorandus

187 400 228 448 hoc
241 401 264 448 in
277 399 352 464 cardine
365 398 617 458 poetarum-Franciscus
632 399 736 445 petrarca.
751 399 923 445 Conterraneum
936 401 969 460 ip.
1028 428 1045 455 3

187 494 236 521 sum
249 494 274 521 ac
288 490 356 534 prope
369 483 576 530 contemporaneum
589 471 664 520 habuit
677 491 743 530 quem
756 472 866 521 nominavi
879 471 969 523 Dantes.

128 573 130 575 ·
187 546 319 595 pubescebat
333 545 391 594 enim
406 544 503 592 Petrarca
518 563 557 592 nec
577 564 646 593 annos
666 544 737 602 plures
757 556 841 602 septem
855 564 880 592 ac
894 544 970 594 decem
1028 593 1047 603 „

135 640 136 643 ¹
160 620 173 667 5
189 619 265 676 agebat
284 638 335 666 curn
349 630 441 665 mortem
460 618 543 665 Dantes
562 618 639 665 obiret.
653 617 725 665 Vitam
739 619 762 664 in
775 617 838 664 exilio
852 618 917 666 etiam
931 618 970 666 iste

188 692 256 740 duxit.
269 690 324 739 Exul
338 710 424 748 nanque
437 689 473 738 hic
486 702 556 743 natus,
570 690 606 738 ille
620 702 718 739 mortuus
732 701 771 744 est;
785 689 906 758 florentiae
919 709 970 739 vero
1030 680 1047 738 fl

187 765 239 813 civis
253 777 351 823 uterque.
365 762 436 812 Huius
449 776 510 822 pater
522 764 611 811 nomine
623 763 698 812 Petrus
711 763 822 817 Petracon,
836 774 904 811 mater
917 763 970 813 Leta

187 836 287 895 appellati
298 850 355 891 sunu
366 834 447 883 familia
455 835 521 883 veteri
531 835 596 883 ambo
607 849 628 883 et
639 836 764 894 parentibus
772 835 868 883 honestis
876 836 928 883 nati.
940 837 969 884 At

187 929 238 957 vero
245 908 338 958 factione
346 909 446 967 partium,
456 908 536 967 quibus
545 927 569 956 ea
577 909 652 957 civitas
658 926 759 967 persaepe
767 908 857 963 laborat,
863 909 897 956 vir
905 909 969 957 simul

135 983 175 1031 *l0
189 1002 214 1031 ac
228 1000 282 1031 uxor
297 983 365 1040 patria
381 981 437 1040 pulsi
453 981 553 1029 Aretium
568 999 699 1029 concessere.
715 980 781 1029 Hunc
794 980 824 1028 ibi
837 980 907 1028 lilium
921 982 969 1029 exul

187 1069 255 1104 mater
269 1069 290 1104 et
305 1056 388 1113 peperit
400 1068 421 1102 et
433 1056 539 1112 concepit.
553 1052 623 1102 Natus
636 1067 667 1102 est
679 1054 712 1102 XI
716 1055 737 1102 ll
751 1054 867 1101 Kallendas
879 1054 969 1102 Sextiles
1030 1066 1044 1092 ἶ

187 1129 228 1176 sub
237 1147 320 1176 aurora.
327 1128 373 1175 ‘Hic
383 1128 499 1185 quotannis
509 1127 655 1173 sanctissimae
664 1128 752 1184 virginis
763 1126 894 1183 Margaritae
903 1125 970 1173 lestus
1039 1143 1047 1165 ³2

188 1213 219 1248 cst
234 1200 287 1248 dies.
302 1199 378 1248 Annus
392 1217 443 1247 vero
457 1199 573 1247 nativitatis
586 1199 669 1246 domini
683 1211 704 1247 et
717 1199 826 1247 salvatoris
840 1199 907 1247 nostri
923 1198 971 1247 lesu

188 1273 269 1322 Christi
278 1287 330 1322 tuuc
340 1271 475 1321 MCCCllll
487 1285 538 1321 erat.
548 1271 664 1320 Caesareos
673 1271 740 1320 lasces
749 1271 858 1326 Albertus
872 1271 972 1320 Austriae

149 1348 174 1396 l5
190 1347 235 1396 dux
248 1367 273 1395 ac
287 1346 386 1405 princeps
405 1345 460 1393 inter
477 1344 592 1393 Alemanos
611 1358 694 1403 potens,
713 1344 812 1394 habebat.
830 1345 919 1394 Annum
942 1345 972 1393 ibi

188 1418 285 1467 Petrarca
294 1419 349 1467 vitae
359 1438 409 1465 suae
419 1418 515 1479 primum
524 1437 568 1464 non
578 1418 685 1475 integrum
695 1418 745 1475 egit.
757 1416 891 1465 lnlantulum
905 1430 973 1466 mater

188 1492 266 1541 deinde
288 1491 316 1540 ad
332 1491 423 1551 patriam
440 1491 537 1540 restituta
554 1504 665 1549 paternam
682 1492 704 1539 in
721 1491 793 1540 villam
811 1491 894 1540 detulit.
914 1491 972 1539 Loco
1039 1489 1046 1544 {³1

187 1586 267 1613 nornen
283 1577 314 1613 est
329 1564 441 1617 Anchises,
459 1564 583 1612 Florentino
598 1565 620 1612 in
636 1583 687 1621 agro
703 1583 767 1621 supra
782 1565 891 1612 civitatem
901 1563 970 1612 Xllll

188 1637 246 1685 milia
261 1655 371 1694 passuum.
386 1634 442 1683 Puer
457 1635 486 1682 ibi
502 1654 584 1683 annum
599 1655 668 1694 usque
683 1636 705 1684 in
721 1636 837 1693 septimum
857 1636 970 1684 enutritur.

68 1732 70 1737 ¹
146 1711 175 1759 20
189 1710 279 1759 Annum
287 1727 338 1757 vero
347 1720 446 1756 octavum
455 1720 518 1756 natus
527 1708 687 1758 duciturPisas.
696 1709 768 1766 Agens
778 1709 828 1756 inde
837 1728 919 1756 annum
933 1728 972 1756 no·

135 1816 137 1819 -
187 1803 241 1831 num
254 1782 385 1830 Avinionem
397 1779 479 1839 (civitas
491 1793 524 1828 est
536 1779 628 1839 Galliae)
639 1781 754 1829 translatus
766 1794 805 1829 est.
830 1782 887 1830 Istuc
904 1794 970 1840 pater,

187 1869 211 1903 nt
232 1855 330 1903 homines
350 1853 458 1909 industrii,
482 1854 595 1912 presertim
616 1853 742 1908 Florentini,
754 1853 833 1901 *solent
855 1853 972 1912 (notarium
1033 1855 1046 1917 ³3

187 1928 260 1984 ipsum
270 1926 337 1974 luisse
347 1926 421 1984 aliqui,
434 1938 575 1973 mercatorem
587 1927 676 1983 quidam
688 1926 779 1983 volunt),
792 1939 894 1984 quaestus
905 1927 971 1983 gratia
1033 1919 1043 1957 l

188 1999 318 2055 morabatur,
331 1998 391 2059 quod
403 2019 427 2046 ea
439 1998 461 2047 iu
473 1998 528 2047 urbe
540 1998 624 2047 sederet
636 1998 734 2057 pontilex
746 2000 852 2048 maximus
864 2013 886 2048 et
898 2012 971 2059 gentes

146 2074 174 2122 25
190 2074 241 2122 illuc
252 2073 281 2120 ob
292 2073 366 2121 sedern
376 2072 516 2130 apostolicam
526 2072 624 2131 undique
635 2074 781 2121 convenirent.
793 2071 840 2121 Nec
851 2075 925 2122 civitas
937 2072 972 2121 illa

188 2145 332 2194 multitudinis
346 2163 413 2202 capax
426 2157 478 2204 erat.
492 2145 585 2192 Proinde
598 2146 661 2192 iussis
675 2147 777 2194 omnibus
798 2147 869 2194 edicto
882 2147 970 2204 publico

188 2239 243 2276 quos
263 2218 351 2267 haberet
363 2218 455 2276 quisque
467 2235 553 2276 pueros,
565 2217 656 2266 feminas
669 2231 690 2267 et
702 2240 757 2278 quae
765 2239 821 2277 ¹gens
834 2220 971 2268 incommoda

187 2291 296 2339 videretur
303 2290 400 2348 proxima
408 2289 431 2337 in
439 2289 519 2347 oppida
527 2302 548 2337 et
555 2289 615 2338 villas
624 2290 738 2345 adducere,
746 2310 800 2348 puer
808 2305 896 2350 quoque
904 2290 923 2339 F
923 2310 971 2339 ran·
1036 2304 1047 2357 t]

187 2364 256 2411 ciscus
265 2362 408 2429 Carpentoras
418 2360 457 2419 (sic
465 2355 573 2421 oppidum
581 2362 682 2410 Avinioni
691 2363 815 2421 proximum
821 2362 910 2422 vocant)
918 2363 970 2411 duc·

146 2435 175 2484 30
189 2448 224 2484 tus
236 2448 275 2484 est.
287 2434 395 2493 Quattuor
406 2434 436 2482 ibi
448 2435 491 2493 egit
501 2455 569 2483 annos
581 2456 605 2484 ac
617 2435 684 2484 libare
695 2435 774 2485 litteras
786 2437 882 2495 primum
893 2437 971 2495 coepit.

188 2507 289 2567 Denique
307 2508 340 2556 his
358 2507 444 2555 duobus
462 2509 484 2555 in
498 2509 550 2555 locis
563 2509 732 2566 grammaticam,
745 2509 886 2564 dialecticam,
900 2509 972 2557 rheto·
1036 2522 1047 2561 a

187 2580 253 2628 ricam
267 2580 350 2629 didicit.
414 2628 416 2632 ,

230 2654 352 2702 Pubescens
362 2671 413 2701 vero
423 2653 451 2701 ad
462 2654 693 2711 Montempesulanum
703 2654 821 2712 (famosum
832 2668 864 2703 est
875 2655 904 2703 ob
915 2655 971 2703 litte·

188 2747 261 2777 rarum
280 2727 351 2780 studia
370 2727 476 2786 oppidum
496 2726 579 2775 Galliae
598 2726 762 2785 Transalpinas)
778 2729 844 2786 patris
865 2730 925 2777 iussu
948 2740 972 2776 ut

146 2801 174 2848 35
190 2802 285 2849 studeret
300 2800 386 2858 legibus·
398 2798 508 2857 profectus
520 2812 559 2846 est.
574 2800 609 2847 lus
621 2799 651 2846 ibi
663 2800 725 2847 civile
737 2801 912 2857 quadriennium,
921 2800 973 2847 inde

203 2946 232 3005 ll²
247 2945 277 2992 Ex
292 2945 395 2991 Caesareas
409 2962 457 2990 corr.
