2093 3253
249 175 379 220 scninroauiu
393 186 519 226 ntusrruuru
531 198 546 203 -
559 186 618 218 tiara
631 185 669 218 vu.
836 172 872 218 197

88 308 157 359 omnis
170 304 273 358 memoria
284 315 322 350 aut
333 301 405 360 brevis
417 300 490 350 lutura
501 314 556 350 esset
568 314 605 350 aut
617 300 676 349 nulla
689 300 776 359 penitus
789 319 873 350 reman-

66 405 70 414 ÷
88 399 143 433 sura,
161 377 337 432 conticerentque
355 373 382 421 de
400 374 448 431 ipso
467 373 573 427 homines,
591 386 656 431 atque
675 374 774 430 posteris,
793 373 873 430 quibus

36 473 38 476 ’
87 454 169 505 elucere
176 465 310 508 magnopere
320 439 459 495 niteretur'ac
469 459 565 506 cuperet,
575 446 699 505 incognitus
709 464 798 506 prorsus
807 457 873 505 atque
936 472 937 475 ¹

87 524 196 575 inauditus
210 532 273 570 esset.

63 603 74 651 5
132 597 158 645 ln
172 593 292 642 scribendis
301 604 375 641 autem
385 591 551 640 Commentariis
562 591 602 649 (sic
612 593 671 640 enim
680 591 747 640 libros
757 591 873 651 appellavit

88 668 147 728 suos)
156 668 216 733 hanc
229 664 363 724 diligentiam
371 660 475 724 'adhibuit
488 664 548 725 quod
560 663 650 733 singulis
663 664 724 721 libris
737 663 874 724 singulorum

87 737 193 793 annorum
203 752 261 798 gesta
270 738 387 796 colligeret.
397 737 475 786 Libros
485 738 550 797 igitur
559 750 580 787 et
590 751 674 802 septem
684 737 769 787 Gallico
778 739 806 787 de
815 738 873 787 bello

88 831 109 866 et
120 829 163 864 tres
175 814 202 862 de
214 812 271 861 civili
284 806 416 869 Pompeiano
428 811 513 868 scripsit
525 810 611 859 Caesar.
629 811 783 869 Superioribus
799 824 873 861 autem

88 901 187 937 octavum
201 896 251 944 post
261 895 422 933 eumnecatum
431 882 516 932 addidit
526 882 618 943 Hirtius.
635 883 656 931 ls
666 902 753 941 nanque
762 882 818 933 libro
827 903 873 933 uno

51 964 75 1012 ll]
89 980 143 1019 quae
153 959 241 1017 deerant
252 955 336 1005 Gallico
347 955 441 1005 debello
450 955 478 1005 ad
488 955 554 1004 finem
564 976 615 1004 cum
625 954 747 1014 integritate
756 954 873 1015 supplevit.

88 1034 198 1082 Postremo
210 1030 268 1081 libri
271 1043 322 1078 sunt
333 1043 376 1078 tres
388 1029 415 1077 de
426 1029 580 1084 Alexandrino,
592 1030 620 1077 de
631 1029 742 1083 Africano,
754 1030 781 1078 de
793 1029 872 1087 Hispa·

18 1108 20 1110 ’
88 1124 148 1154 nensr
142 1102 216 1153 bello
228 1102 310 1161 scripti.
322 1100 468 1151 Horumt
419 1114 468 1151 auct
469 1120 529 1150 orem
541 1100 665 1164 Suetonius,
677 1102 723 1161 qui
727 1102 829 1206 antiquus
841 1115 873 1153 est

88 1179 186 1236 scriptor,
200 1196 246 1225 esse
260 1176 368 1225 incertum
381 1175 454 1230 refert,
469 1175 529 1234 quod
543 1196 580 1224 eos
594 1176 686 1234 scriptos
700 1161 746 1224 alil
746 1175 778 1224 ab
793 1176 872 1231 Hirtio,

88 1252 122 1299 alii
134 1251 162 1298 ab
174 1249 248 1307 Oppio
260 1268 307 1297 esse
319 1261 404 1306 putent
417 1248 501 1295 Hirtius
513 1261 586 1296 autern
598 1269 638 1296 suo
650 1248 673 1295 in
686 1261 769 1302 octavo,
782 1248 820 1306 qui
832 1262 872 1301 est,

53 1325 76 1374 15
90 1337 114 1372 ut
123 1322 174 1378 dixi,
183 1320 268 1386 Gallico
276 1319 376 1378 debello,
385 1320 414 1369 ita
422 1317 531 1380 praefatur
539 1321 599 1379 quod
607 1321 642 1368 isti
651 1320 716 1369 etiam
724 1333 767 1370 tres
776 1321 803 1370 de
811 1314 873 1371 bellis

89 1415 143 1455 quae
154 1395 176 1442 in
187 1393 317 1442 Alexandria
328 1414 353 1441 ac
364 1392 443 1441 deinde
454 1393 519 1455 gessit
531 1392 609 1441 Caesar
620 1393 695 1451 scripti
706 1392 734 1441 ab
746 1415 772 1441 eo
783 1393 872 1441 indubie

88 1468 208 1516 videantur.
224 1465 286 1522 Quae
301 1486 314 1514 a
330 1486 365 1514 me
381 1465 439 1531 dicta
454 1478 506 1513 sunt
521 1484 571 1513 vera
586 1485 612 1513 ac
627 1465 752 1514 testimonio
769 1464 834 1514 Hirtii
851 1478 872 1513 et

91 1538 187 1587 Suetonii
208 1537 363 1596 approbantur.
392 1534 544 1596 Inscriptiones
570 1550 643 1585 tamen
669 1537 746 1592 solent,
776 1538 873 1592 memini,
918 1589 919 1596 χ

89 1610 194 1669 quaedam
209 1609 268 1658 haud
283 1609 355 1658 minus
370 1607 441 1663 falsae,
450 1607 517 1668 quarn
531 1609 714 1674 variaeinveniri,
730 1610 790 1669 quod
804 1609 871 1670 aliqui

51 1685 78 1732 20
94 1683 147 1732 lulio
162 1683 255 1738 Caesari,
270 1683 360 1742 quidam
376 1682 431 1731 lulio
444 1681 517 1746 Celso,
532 1682 632 1731 nonnulli
646 1682 726 1738 Hirtio,
741 1683 809 1738 multi>
818 1683 874 1747 Sue·

89 1757 148 1804 tonio
161 1777 205 1804 non
218 1753 271 1803 istos
284 1770 322 1804 aut
334 1756 382 1803 illos
396 1756 462 1803 modo
475 1757 514 1803 sed
526 1776 582 1813 quos
594 1757 705 1813 nominavi
718 1747 874 1805 librosomnes

90 1829 116 1877 de
132 1827 228 1877 Caesaris
244 1828 309 1886 gestis
325 1827 459 1886 (sunt-enim
472 1828 566 1876 vnumero
582 1840 684 1886 quattuor
699 1848 724 1877 ac
740 1827 824 1887 decem)
840 1829 874 1877 in-

90 1900 190 1966 scribant.
202 1900 254 1956 Sed,
265 1913 290 1950 ut
301 1896 360 1956 libet,
372 1899 489 1961 disponant
499 1899 538 1949 illi.
550 1899 647 1950 Hirtium
657 1921 697 1950 nos
708 1920 733 1950 ac
744 1901 875 1950 Suetonium

90 1974 157 2021 secuti
171 1965 255 2027 sumus.
269 1972 354 2021 Hirtius
367 1991 418 2021 vero
432 1992 512 2021 munus
525 1972 549 2020 id
562 1972 731 2033 haudquaquam
745 1986 822 2032 sponte
835 1974 874 2023 sed

52 2044 77 2092 25
92 2043 152 2093 Balbi
165 2045 255 2094 vocibus
267 2056 354 2092 coactus
367 2045 467 2102 sumpsit,
480 2044 540 2103 quod
553 2064 599 2093 esse
612 2045 706 2093 hominis
718 2045 837 2103 arrogantis
849 2066 875 2093 ac

90 2116 149 2165 stulti
165 2118 247 2167 videret
262 2137 285 2165 se
301 2110 437 2176 interponere
454 2117 550 2166 Caesaris
567 2118 659 2176 scriptis,
675 2138 727 2166 cum
743 2138 789 2166 esse
804 2119 874 2177 perci·

84 2202 149 2255 ¹*peret
159 2189 213 2239 nihil
222 2202 267 2239 tam
277 2208 367 2249 operose
376 2182 534 2248 perlectumab
542 2189 590 2239 aliis
600 2190 660 2249 quod
669 2211 714 2240 non
724 2190 821 2253 ipsorum
831 2182 874 2240 eless
903 2186 905 2190 ⁵

52 2293 53 2296 =
91 2263 161 2343 gantia
169 2274 287 2321 superaret.
297 2262 324 2311 Et
334 2263 433 2320 quamvis
441 2282 454 2310 a
463 2261 555 2310 Caesare
564 2261 648 2311 dictum
657 2275 713 2311 esset
722 2262 783 2321 quod
791 2263 839 2311 illos
848 2284 876 2311 eo

90 2333 162 2382 animo
171 2334 273 2383 edidisset
282 2355 310 2382 ne
318 2334 413 2393 cognitio
422 2346 531 2383 tantarum
544 2353 618 2383 rerum
632 2330 716 2383 deesset
725 2335 874 2393 scriptoribus,

52 2402 79 2452 30
93 2406 191 2456 omnium
203 2419 276 2457 tamen
288 2406 369 2457 iudicio
381 2407 436 2457 adeo
448 2406 591 2467 probarentur
603 2416 628 2457 ut
641 2407 689 2466 ipso
701 2428 713 2457 a
727 2406 817 2457 Caesare
830 2429 875 2457 non

91 2466 187 2534 praebita
196 2479 235 2529 sed
245 2484 357 2550 praerepta
367 2478 457 2545 facultas
467 2480 612 2529 scribentibus
622 2481 739 2530 videretur.
752 2480 813 2543 lllud
819 2501 877 2539 quo·

91 2569 133 2607 que
149 2552 292 2607 deterrebat
286 2572 367 2611 ipsum,
383 2552 444 2611 quod
460 2546 588 2611 intelligeret
604 2573 649 2616 non
666 2552 744 2609 solum,
755 2565 780 2602 ut
790 2554 877 2609 caeteri,

91 2642 156 2680 quarn
169 2624 225 2675 bene
238 2645 264 2674 ac
278 2626 391 2674 emendate
405 2626 444 2674 sed
458 2644 524 2685 quarn
538 2624 600 2674 facile
613 2637 679 2685 atque
693 2624 789 2674 celeriter
803 2624 874 2685 perte
942 2644 944 2647 ’

54 2717 188 2730 'xm

88 2761 113 2799 12.
125 2763 172 2804 Suet.
183 2768 215 2805 Iul.
229 2767 257 2804 56.
309 2768 335 2806 1.4
347 2767 395 2805 cae
408 2769 428 2805 Β.
441 2767 456 2804 G
475 2767 520 2806 Vlll.
535 2768 550 2807 1
563 2767 579 2804 2.

0 2847 1 2850 =
53 2837 192 2854 N-

5 2922 6 2926 ,
91 2876 109 2921 7
123 2877 214 2925 Libros'
209 2879 329 2935 igiturr'..,r
343 2891 363 2925 et
376 2899 421 2926 sscr.
477 2881 496 2926 8
511 2891 530 2925 et
544 2900 588 2926 sscr.
651 2883 670 2927 8.
685 2880 880 2970 Pompei(ano)1'r

1 2982 2 2985 ,
31 2937 176 2999 48111111111
190 2967 207 2993 r
262 2950 295 2995 2l.
309 2955 409 2995 noni..r
