2093 3253
248 179 378 215 scaurorum
394 164 517 210 rinusrmun
531 191 545 194 -
561 180 620 210 arnan
634 180 675 210 xvi.
832 166 872 212 457

87 293 222 355 pugnam‘de
234 292 331 347 moribus
343 306 364 341 et
375 291 453 341 studiis
465 292 615 352 philosophiae
626 293 712 352 scripta.
725 293 812 342 Deinde
823 307 874 342 vero

87 383 153 426 atque
167 380 191 414 ut
204 389 216 414 e
229 363 336 414 Pharsalia
350 366 373 413 in
389 364 472 414 ltaliam
486 365 624 420 rediit,'dum
638 366 756 414 Brundusii
770 366 874 414 victorem

89 440 209 490 Caesarem
218 449 345 497 expectaret,
361 436 399 496 qui
414 435 441 486 ad
456 436 616 497 philosophiam
630 437 763 497 pertinerent
777 437 832 487 duos
847 437 875 486 dc

52 572 54 575 ¹
89 512 224 564 Academicis
237 510 303 560 libros
317 510 409 569 scripsit.
425 509 510 560 Putavit
523 511 594 567 enim,
604 524 745 577 posteaquam
759 509 790 561 de·
799 524 874 560 senatu

63 589 75 637 5
92 608 116 635 ac
132 583 191 634 omni
207 604 229 632 re
244 582 330 642 publica
345 596 417 637 actum
433 579 543 631 essetnec
558 585 604 643 ipse
618 583 711 642 amplius
726 581 876 641 ullone‘gocio

90 660 205 714 teneretur,
220 656 260 703 hoc
274 653 315 701 sihi
329 654 375 702 lore
388 655 469 702 interea
482 656 535 703 dum
549 656 629 704 viveret
643 655 684 703 ocii
698 655 889 721 honestissimum

63 772 64 775 ,
81 731 232 782 oblectamen,
251 729 268 776 si
287 727 316 775 ad
334 726 482 786 philosophiae
501 728 572 777 studia
591 749 614 777 se
632 727 740 778 conferret
758 741 824 788 atque
843 729 876 777 his

91 803 204 862 presertim
221 802 248 849 de
266 800 330 848 rebus
348 800 450 849 scriberet
468 821 523 860 quae
540 815 562 850 et
578 803 702 860 cognitione
719 802 876 861 pulcherrimae

91 888 162 924 essent
175 888 196 922 et
209 895 221 922 a
235 874 294 922 nullo
308 874 367 930 prius
387 874 469 921 latinis
482 874 558 922 litteris
576 875 719 923 traderentur,
732 875 792 924 Tum
805 876 876 933 igitur

53 951 77 999 ll]
93 949 120 998 ab
131 968 157 996 eo
167 946 216 995 libri
226 959 277 994 sunt
288 966 343 1005 quos
354 945 462 994 nominavi
474 945 518 993 duo
527 946 708 995 Academicorum
718 947 799 1006 scripti.
810 947 876 995 Erant

93 1021 182 1082 quidem
200 1021 223 1069 in
237 1020 275 1068 his
294 1019 332 1079 qui
351 1019 485 1078 disputarent
504 1019 698 1075 virinobilissirni,
718 1020 744 1069 l...
764 1020 876 1075 Lucullus,

93 1096 124 1157 Q,
136 1093 234 1147 Catulus
249 1107 270 1140 et
285 1092 313 1148 Q.
329 1092 466 1146 Hortensius,
481 1092 593 1150 sedapud
608 1093 732 1147 Lucullum,
747 1094 807 1151 quod
821 1108 877 1142 esset

92 1181 149 1222 cu'm¹
158 1167 244 1225 ingenio
259 1165 434 1225 optimorumque
448 1166 528 1214 artium
543 1165 615 1215 studio
630 1178 695 1229 atque
710 1165 814 1222 doctrina,
829 1179 878 1215 tum

93 1241 157 1289 rebus
169 1240 267 1288 maximis
278 1240 300 1286 in
311 1237 430 1297 republica
441 1253 462 1289 et
473 1237 525 1286 loris
536 1253 557 1286 et
568 1240 627 1287 domi
638 1234 702 1297 gestis
714 1253 806 1298 utroque
817 1259 879 1299 prae-

55 1316 79 1362 15
95 1314 192 1366 stantior,
209 1312 279 1360 omnis
296 1311 403 1359 diserendi
420 1331 491 1359 sermo
506 1310 555 1360 luit.
572 1312 648 1360 Postea
663 1332 714 1360 vero
729 1312 879 1360 adhortatione

93 1385 167 1438 Attici,
176 1384 237 1442 quod
244 1384 290 1432 eius
300 1382 390 1432 consilio
396 1403 530 1442 quacunque
539 1383 561 1432 in
570 1403 666 1442 requam
675 1384 767 1433 maxime
775 1397 878 1438 uteretur,

86 1456 172 1509 ,Cicero
184 1455 207 1505 id
219 1475 274 1515 opus
286 1468 307 1504 et
320 1474 411 1505 numero
423 1455 528 1505 librorum
541 1469 561 1505 et
574 1456 711 1515 loquentium
723 1457 820 1516 personis
832 1476 879 1506 ver-

95 1530 172 1590 bisque
185 1550 209 1578 ac
223 1528 299 1578 ordine
312 1528 361 1583 alio,
375 1542 399 1577 ut
413 1528 447 1578 M.
461 1528 580 1579 Varronem
594 1530 616 1578 id
629 1530 754 1588 cupientem
767 1530 878 1584 intexeret,

67 1644 69 1646 ,
95 1601 225 1649 reformavit.
240 1601 300 1648 Alios
314 1601 404 1659 quidem
418 1601 445 1648 de
458 1601 575 1649 Academia
588 1602 654 1648 libros
669 1603 700 1658 (hi
714 1602 802 1650 luerunt
816 1614 879 1660 quat-

54 1675 82 1725 20
97 1673 156 1733 tuor)
163 1673 239 1723 edidit.
248 1673 281 1722 llll.
297 1672 417 1722 Varronem
424 1673 447 1722 in
455 1672 495 1729 his,
503 1693 636 1734 quamquam
644 1674 763 1725 viventium
771 1675 880 1724 neminem

95 1762 188 1808 usquam
201 1748 313 1798 nominare
325 1748 369 1797 suis
383 1748 405 1796 in
418 1747 507 1806 dialogis
520 1748 636 1802 statuisset,
650 1747 775 1807 loquentem
788 1748 889 1797 induxit„

96 1822 137 1869 His
152 1840 238 1879 nanque
252 1821 275 1868 in
288 1820 356 1874 libris,
371 1821 432 1878 quasi
447 1820 552 1869 Cicerone
565 1833 586 1869 et
596 1821 669 1869 Attico
679 1820 825 1875 audientibus,
836 1821 881 1869 dis-

58 1933 66 1952 „
96 1906 158 1953 putat
170 1891 238 1941 Varro
251 1891 332 1952 quibus
344 1892 469 1942 auctoribus
482 1891 626 1953 philosophia,
642 1913 698 1952 quae
714 1913 758 1942 uno
774 1907 806 1942 est
821 1892 882 1942 lente

81 1967 83 1972 ¹
96 1980 151 2020 nata,
165 1966 193 2013 sit
205 1965 266 2024 plura
279 1978 300 2013 et
312 1967 369 2015 varia
382 1966 404 2014 in
417 1985 494 2024 genera
505 1986 530 2014 ac
543 1966 627 2015 duabus
640 1966 662 2014 in
673 1967 797 2015 Academiis
810 1967 882 2015 distri-

55 2041 82 2088 25
98 2041 151 2088 buta
167 2038 271 2098 quodque
288 2058 355 2096 genus
372 2038 539 2097 philosophandi
557 2040 584 2087 sit
601 2051 701 2088 constans
718 2060 743 2087 ac
759 2039 844 2098 elegans
861 2053 882 2088 et

97 2112 162 2160 huius
177 2111 236 2159 modi
251 2111 319 2159 multa
333 2132 389 2171 quae
403 2112 430 2160 ab
444 2112 560 2166 Antiocho,
576 2111 661 2160 Graeco
675 2113 764 2170 quidem
778 2133 803 2161 ac
817 2114 882 2161 docto

90 2182 235 2243 philosopho,
250 2184 278 2231 de
293 2183 411 2232 Academia
427 2184 545 2232 didicisset.

139 2256 282 2314 Questionem
295 2270 369 2306 autem
382 2256 409 2305 de
423 2277 510 2306 summo
523 2256 589 2311 bono,
604 2276 659 2315 quae
673 2258 729 2306 inter
742 2257 883 2316 philosophos

99 2343 176 2396 magna
198 2344 253 2380 esset
275 2340 300 2379 ac
322 2330 388 2379 totius
411 2329 560 2388 philosophiae
581 2328 723 2378 fundamenta
745 2341 882 2386 perverteret,

56 2404 85 2451 30
100 2404 213 2463 explicavit
218 2404 249 2462 ,ad
257 2404 350 2452 Brutum
358 2403 419 2451 libris
427 2404 525 2461 quinque
533 2403 570 2460 qui
580 2415 630 2463 sunt
639 2402 666 2450 de
675 2400 765 2451 Finibus
773 2400 885 2449 Bonorum

99 2489 120 2523 et
135 2469 246 2526 Malorum
262 2475 366 2533 inscripti.
384 2475 502 2523 Summum
514 2468 600 2532 'quippe
616 2474 699 2522 honum
715 2473 761 2521 esse
776 2472 884 2520 fatebatur

99 2549 199 2608 quisque,
214 2549 253 2598 sed
266 2569 309 2607 qua
324 2548 346 2596 in
361 2567 384 2596 re
398 2548 524 2596 consisteret
539 2547 568 2596 ita
582 2545 762 2606 philosophorum
776 2545 884 2604 principes

76 2657 78 2662 ,
100 2622 239 2680 opinionibus
252 2620 380 2670 differebant
390 2633 415 2670 ut
425 2621 489 2670 aliam
502 2641 548 2669 esse
560 2619 692 2673 Academici,
702 2618 767 2667 aliam
777 2618 884 2677 Epicurei,

99 2693 163 2742 aliam
173 2694 240 2742 Stoici
250 2693 388 2741 affirmarent.
400 2693 459 2741 Haec
469 2693 534 2752 igitur
544 2693 630 2751 questio
639 2711 652 2738 a
661 2691 767 2739 Cicerone
777 2691 885 2749 disputata

58 2765 86 2815 35
102 2780 134 2815 est
148 2766 208 2815 libris
220 2767 273 2821 istis,
285 2785 325 2815 nec
336 2767 402 2815 modo
413 2766 467 2825 quid
478 2765 579 2825 probaret
590 2766 636 2825 ipse
647 2766 685 2815 sed
696 2765 750 2824 quid
761 2766 826 2813 etiam
837 2785 886 2812 sen·

61 2875 202 2885 Μ*-

100 2944 132 2988 2l.
147 2945 177 2989 Ex
191 2942 267 2988 inducit
281 2962 330 2988 corr.
