2093 3253
261 220 394 252 SCRIPTORUM
408 221 535 253 ILLUSTRIUM
549 231 561 239 ·
575 221 634 253 LIBER
647 222 705 253 xvtn.
853 208 895 255 505

108 332 180 381 Latini
189 332 454 401 Conviviumhnominant:
465 333 510 383 Sed
518 334 554 382 hic
561 352 625 393 prosa
634 335 733 392 scriptun
743 347 812 383 metro
820 349 893 385 autem

107 426 136 455 acv
145 404 243 455 versibus
257 404 435 455 exametrisvlecit
448 404 529 456 librum
542 406 580 465 qui
594 405 734 467 Odeporicon
748 406 838 464 Graece
854 408 894 458 Iti·
941 408 943 410 ¹

108 480 216 527 netarium
229 479 307 527 Latine
319 479 435 538 inscriptus
448 492 488 527 est.
501 479 577 527 Soluta
589 480 642 527 item
655 480 749 539 dictione
762 481 785 528 in
799 481 894 530 Statium

107 551 243 601 Tolosanum
255 565 341 611 poetam
354 552 447 611 scripsit.
461 551 539 600 Libros
551 565 623 600 autem
637 550 689 600 lecit
700 552 728 601 ad
740 551 894 619 Asclepiadem

80 627 93 675 5
109 627 171 679 duos,
185 626 213 672 ad
226 625 339 673 Donatum
352 626 379 673 de
394 626 428 673 Ira
441 626 475 673 dei
489 646 565 674 unum⁴
580 625 685 686 Confutat
698 627 720 674 in
734 647 760 674 eo
773 626 830 674 dicta
843 627 894 685 phi-

107 696 249 759 losophorum
263 697 301 757 qui
316 698 398 745 moveri
413 697 479 745 deum
493 696 554 746 nullo
567 697 647 746 affectu
661 709 746 756 putent.
761 698 797 747 De
812 697 893 748 Gram-

108 771 184 819 matica
200 791 288 829 quoque
304 791 381 824 unum,
398 771 425 819 de
440 771 591 820 Persecutione
607 792 683 825 unum,
701 772 728 819 de
743 772 838 829 Opificio
849 773 892 822 Dei

106 863 183 900 unum.
199 842 241 890 Eos
250 842 340 901 quidem
348 843 389 890 hoc
397 843 420 893 in
428 842 484 891 libro
492 842 630 900 reprehendit
638 843 676 900 qui
685 856 784 891 naturam
792 845 894 893 incusant

92 926 93 930 ’
107 916 168 976 quod
175 936 200 964 ea
208 916 270 975 quasi
279 935 371 965 noverca
379 916 462 974 generis
472 914 560 964 humani
569 913 692 965 imbecilem
700 914 764 964 laciat
773 915 893 973 hominem.

68 991 94 1040 tt)
108 990 172 1038 bruta
181 1008 232 1037 vero
241 990 270 1038 ita
280 989 386 1047 producat
395 1001 419 1037 ut
428 1009 494 1047 quam
503 989 599 1047 primum
608 1001 723 1037 nascantur
737 990 781 1037 suis
798 991 891 1048 pedibus

79 1123 80 1127 Ἰ
107 1074 164 1111 eant.
177 1061 323 1120 Epistularum
336 1081 423 1120 quoque
435 1061 502 1109 libros
510 1061 632 1121 composuit
644 1061 672 1109 ad
681 1060 819 1110 Demetrium
828 1064 890 1118 duos,

106 1137 135 1184 ad
143 1136 239 1183 Probum
247 1148 357 1194 quattuor,
366 1135 394 1182 ad
402 1134 507 1182 Severum
515 1136 578 1183 duos.
592 1135 704 1203 l³ostremo
712 1134 762 1183 libri
770 1148 821 1196 sunt
829 1137 856 1184 ab
864 1157 893 1185 eo

107 1227 143 1259 sex
158 1207 289 1257 Divinarum
312 1207 477 1255 Institutionum
498 1207 526 1254 ad
548 1197 717 1255 Constantinum
738 1207 891 1265 imperatorem

68 1329 70 1333 ,
106 1282 188 1339 scripti.
204 1281 245 1329 His
259 1301 348 1339 quoque
362 1280 416 1328 liber
430 1300 487 1328 unus
502 1280 540 1337 qui
555 1280 665 1338 epithoma
680 1280 751 1339 operis
770 1281 892 1331 contineret

67 1353 92 1402 l5
107 1353 203 1401 adiectus
218 1365 257 1401 est.
272 1353 314 1399 Res
329 1352 419 1410 quidem
433 1350 530 1409 pulchra;
544 1350 608 1399 diluit
622 1351 681 1399 enim
695 1352 814 1410 gentilicios
828 1354 891 1402 ritus.

106 1424 151 1473 Sed
165 1424 229 1483 longe
243 1422 354 1482 pulchrior
369 1421 444 1471 luisset
460 1422 485 1477 si,
501 1423 532 1471 uti
548 1421 628 1472 alienos
644 1422 741 1474 conlutat
756 1437 845 1481 errores,
861 1425 893 1476 ita,

106 1517 162 1557 quae
171 1510 221 1545 sunt
230 1497 289 1555 apud
298 1515 337 1545 nos
346 1496 480 1544 Christianos
489 1495 570 1544 credita
577 1496 721 1546 confirmaret.
744 1534 746 1537 ψ

148 1569 193 1618 Sed
208 1571 333 1627 navigemus
348 1570 371 1616 in
385 1566 482 1616 Africam
496 1580 518 1616 et
532 1567 570 1625 qui
585 1567 646 1617 adest
661 1568 698 1623 ibi,
715 1569 741 1618 L.
756 1569 891 1628 Apuleium„

106 1643 225 1692 videamus.
239 1641 293 1691 Ater
307 1642 342 1690 hic
356 1654 418 1700 gente
432 1641 474 1690 tuit
488 1641 629 1699 Maudorensi
643 1662 669 1690 ex
683 1642 765 1701 oppido
773 1643 833 1701 quod
841 1637 892 1692 Nu·

64 1718 93 1766 20
108 1716 187 1766 midiae
199 1716 253 1765 fines
265 1737 277 1764 a
289 1714 377 1765 Getulia
390 1715 478 1764 dirimit.
491 1714 520 1763 Se
532 1736 619 1773 nanque
631 1715 693 1764 istam
710 1715 739 1764 ob
756 1735 802 1765 rem
819 1716 892 1766 Semi»

107 1789 219 1839 numidam
237 1809 261 1837 ac
280 1788 438 1847 Semigetulum
456 1788 560 1843 nominat,
579 1788 639 1847 quod
656 1789 803 1848 circumpositi
814 1789 891 1849 populi

107 1863 158 1911 hinc
170 1862 245 1911 Getuli
257 1864 307 1917 sint,
319 1862 371 1909 inde
381 1860 491 1909 Numidae
503 1862 629 1909 habeantur.
641 1862 751 1910 Numidae
763 1863 859 1920 quidem,
871 1864 892 1911 si.

34 1935 36 1940 ’
106 1935 251 1983 vetustissima
258 1934 389 1993 quaerimus,
398 1932 439 1982 illis
447 1947 498 1982 sunt
506 1934 592 1982 aPersis
598 1933 640 1981 orti
645 1933 683 1991 qui
689 1933 745 1982 duce
750 1955 790 1982 suo
796 1934 890 1983 Hercule

106 2020 192 2058 mortuo
201 2028 227 2058 ex
237 2005 480 2068 Hispaniam-Africam
489 2006 626 2054 traiecerunt.
636 2003 767 2055 Getulorum
776 2025 828 2055 vero
837 2010 892 2066 gens

62 2079 90 2132 25
106 2080 169 2141 longe
181 2094 231 2130 ante
243 2080 322 2129 horum
333 2080 451 2129 adventum
462 2094 527 2139 atque
539 2080 587 2137 ipso
599 2097 672 2129 rerum
683 2079 745 2128 initio
757 2100 808 2128 cum
820 2080 890 2129 Libiis
960 2116 961 2119 ,

105 2153 202 2202 Africam
214 2153 291 2202 tenuit.
304 2154 404 2211 Regnum
417 2153 463 2200 istis
476 2154 498 2200 in
511 2152 570 2206 locis,
584 2165 608 2200 ut
621 2153 714 2201 nominis
728 2153 816 2200 minoris
829 2171 890 2210 reges

106 2226 159 2275 alios
182 2227 346 2286 pretermittam,
369 2226 466 2285 primum
493 2225 605 2284 Syphacis,
634 2224 713 2274 deinde
742 2223 891 2280 Massinissae,

106 2306 217 2359 postremo
224 2299 341 2359 Iugurthae
348 2298 467 2348 tuit.Vict0
475 2311 548 2347 autem
555 2311 576 2347 et
584 2311 648 2358 capto
657 2298 768 2355 Iugurtha,
777 2297 889 2356 quodiam

106 2372 215 2428 Carthago
230 2372 300 2420 deleta
315 2385 378 2425 esset,
394 2391 446 2428 gens
461 2371 532 2419 omnis
547 2372 571 2418 in
585 2370 661 2429 populi
676 2370 768 2418 Romani
784 2370 890 2418 ditionem

63 2443 92 2493 30
107 2444 267 2503 imperiumque
280 2443 393 2492 concessit.
406 2441 521 2501 Oppidum
534 2462 585 2490 vero
598 2441 652 2490 illud
665 2440 770 2489 veteranis
784 2439 890 2489 militibus

105 2517 134 2565 ad
149 2515 289 2565 incolendum
305 2516 375 2566 missis
391 2530 479 2565 auctum
495 2536 561 2574 quam
577 2515 669 2564 maxime
684 2514 766 2573 populo
781 2534 806 2562 ac
821 2533 891 2573 prope

106 2602 234 2637 renovatum
248 2601 288 2637 est.

101 2754 130 2794 2I.
141 2753 191 2797 Apul.
204 2752 252 2800 Apol.
265 2755 288 2792 24

65 2852 205 2861 u———n—-u

108 2908 138 2954 15.
153 2907 211 2954 diluit
224 2915 238 2955 ι’.
253 2929 278 2961 ν.;
291 2919 333 2955 erar
348 2908 443 2955 conlutat.
498 2906 530 2955 243
540 2908 564 2954 ln
573 2908 698 2963 traijecerunt
707 2925 718 2952 a
727 2901 826 2960 nescioquo
837 2905 891 2961 (Sia

63 2993 115 3020 cone
131 2974 151 3028 ἒ)
165 2993 213 3021 corr.
