2093 3253
252 203 380 233 scnrmonuu
390 203 518 234 ¹urusrruunr
532 216 546 220 -
559 204 617 233 trusa
631 204 649 233 x.
825 179 870 234 271*

79 335 110 372 tet
124 333 148 369 ut
164 319 222 377 regio
237 339 250 366 a
265 318 347 366 semine
363 330 425 366 natos
441 318 544 385 scribant.
563 318 610 366 Hac
627 319 650 366 in
667 338 690 366 re
711 317 809 366 validum
825 318 867 366 sibi

80 413 126 443 esse
140 403 295 449 argumentum
309 401 395 448 putant,
414 390 475 449 quod
493 389 571 438 Cicero
589 391 643 449 ipse,
664 390 701 449 qui
721 390 787 438 homo
811 405 867 440 esset

80 466 157 522 laudis,
173 465 269 521 honoris,
279 464 359 524 gloriae
368 465 462 524 cupidus
471 485 495 513 ac
505 485 569 524 saepe
578 486 646 524 genus
656 486 721 514 suum
731 465 865 515 calumnian-

80 542 139 589 tibus
154 538 302 596 responderet,
315 558 424 596 nusquam
436 537 482 584 sibi
490 538 546 585 hanc
558 538 640 594 regiam
652 537 789 586 nobilitatem
806 553 867 585 assu-

56 617 67 666 5
83 624 134 662 mat.
150 610 267 669 Nusquam
281 610 340 658 enim
349 609 443 668 amplius
452 629 474 657 se
484 629 550 668 quam
559 621 596 658 aut
605 610 672 658 veteri
682 631 693 659 e
707 609 789 659 familia
802 610 868 670 Arpi-

81 699 154 735 natem
168 697 205 733 aut
220 683 315 743 equestri
325 703 351 732 ex
360 683 437 731 ordine
446 682 570 731 Romanum
579 696 649 732 vocat.
660 682 688 731 Se
697 704 787 742 quoque
796 684 867 732 homi-

82 778 132 809 nem
147 777 229 806 novum
242 777 267 805 ac
281 756 403 815 principem
416 754 510 804 familiae
524 776 575 805 suae
588 755 669 821 latetur
682 757 800 805 interdum¹
815 756 868 805 Pro-

82 831 153 892 palam
167 847 219 879 vero
233 821 333 878 dissentit
342 830 370 878 ab
379 828 421 878 illis
431 829 468 889 qui
482 848 505 879 se
514 848 526 877 a
535 829 561 878 C.
571 828 653 885 Tullio,
664 829 701 889 qui
711 830 801 889 patricio
810 851 822 879 e
831 850 868 889 ge-

82 923 133 954 nere
147 916 197 962 post
212 915 297 951 exactos
311 921 371 960 reges
385 923 443 951 anno
457 903 542 950 decimo
556 902 632 951 consul
646 902 695 957 luit,
708 903 789 951 'ducere
803 904 868 960 origi-

46 983 70 1030 to
84 997 135 1026 nem
149 976 287 1024 affirmarent.

90 1063 91 1066 ’
124 1050 177 1107 Age,
193 1048 293 1096 Platonis
304 1061 336 1096 est
352 1049 444 1107 graviter
459 1067 484 1095 ac
499 1065 549 1095 vere
565 1047 649 1095 dictum
665 1067 741 1096 omnes
761 1067 821 1107 reges
842 1070 867 1097 ex
924 1066 927 1070 ·

82 1123 156 1177 servis,
166 1141 242 1169 omnes
252 1140 324 1169 servos
334 1141 360 1168 ex
369 1121 456 1180 regibus
466 1134 528 1169 natos
537 1140 591 1169 esse.
602 1120 681 1180 Neque
690 1119 745 1169 illud
754 1133 786 1169 est
796 1116 869 1170 minus

85 1213 168 1248 verum,
180 1212 278 1253 perraros
289 1193 359 1242 audiri
370 1195 408 1252 qui
420 1194 527 1241 maiorum
537 1192 654 1252 splendore
665 1192 716 1241 clari
727 1193 808 1243 litteras
819 1213 868 1252 per-

83 1268 201 1321 tractarint,
217 1266 294 1316 humili
304 1286 355 1315 vero
364 1280 453 1326 parente
462 1279 524 1314 natos
534 1266 608 1314 haberi
618 1266 739 1324 permultos
749 1268 786 1326 qui
802 1268 869 1315 maxi-

47 1344 71 1391 l5
86 1360 133 1390 mos
148 1340 176 1389 ad
191 1339 270 1398 gradus
286 1340 434 1389 doctrinarum
449 1352 470 1387 et
486 1339 603 1398 sapientiae
618 1339 777 1388 ascenderunts
786 1340 869 1389 Socrati

85 1414 143 1462 enim
158 1412 195 1470 (ne
203 1413 231 1461 ab
241 1411 322 1461 infimis
331 1412 419 1471 ordiar),
429 1410 460 1459 illi
468 1412 598 1460 Atheniensi
607 1411 740 1470 philosopho
748 1433 773 1461 ac
783 1412 869 1462 moralis

84 1485 140 1532 vitae
149 1482 240 1542 parenti,
250 1483 312 1531 cuius
322 1481 439 1541 sapientiae
448 1481 593 1531 clarissimum
602 1501 683 1530 nomen
693 1482 797 1532 memoria
812 1502 870 1532 sem-

84 1557 169 1615 piterna
183 1556 243 1611 vivit,
259 1568 344 1615 patrem
359 1555 531 1610 marmorarium,
546 1569 637 1604 matrem
653 1555 792 1605 obstetricem
803 1554 870 1606 luisse

85 1643 176 1678 constat.
186 1629 346 1678 Demosthenes
355 1642 435 1683 autem,
446 1641 517 1677 orator
527 1628 563 1676 ille
572 1648 678 1683 summus,
689 1630 751 1676 cuius
765 1629 870 1687 eloquen-

46 1704 73 1752 20
86 1703 116 1751 tia
129 1722 218 1751 omnem
232 1700 347 1750 Graeciam
360 1699 481 1757 illustravit,
496 1713 557 1761 patre
570 1700 692 1761 gladiorum
707 1701 789 1750 artifice
807 1714 871 1752 natus

86 1790 124 1825 est.
140 1775 257 1834 Euripidis,
277 1788 353 1834 poetae
371 1774 453 1833 tragici,
473 1788 564 1823 matrem
582 1774 640 1823 olera
658 1775 782 1824 vendidisse
805 1788 870 1824 testes

86 1849 148 1897 multi
158 1861 216 1897 sunt.
226 1848 281 1904 Quis
290 1848 577 1906 ProthagoraepateraQuis
587 1847 765 1906 Cleantispater?
772 1847 871 1906 Cognos-

86 1923 105 1969 ci
118 1942 144 1970 ex
156 1921 205 1970 liliis
218 1934 310 1980 uterque
322 1933 400 1979 potest.
413 1920 528 1969 Ambobus
544 1918 632 1970 fortuna
648 1939 687 1980 per
703 1920 871 1970 adolescentiam

86 1996 144 2043 adeo'
154 1996 226 2043 tenuis
240 2015 264 2042 ac
278 1993 326 2042 vilis
340 1993 382 2041 luit
396 2006 420 2041 ut
434 1994 552 2051 quaerendi
566 1995 636 2042 victus
651 2013 715 2041 causa
729 1993 870 2051 Prothagoras
911 2021 913 2025 v

48 2067 73 2114 25
89 2067 153 2116 dorso
168 2068 279 2116 vectitaret
290 2084 362 2120 onera,
374 2066 474 2115 Cleantes
485 2083 537 2115 vero
547 2085 627 2125 aquam
638 2086 704 2114 manu
714 2066 743 2115 ad
751 2067 871 2125 irrigandos

87 2154 144 2189 ortos
160 2140 262 2189 hauriret.
273 2139 405 2188 Servitutem
414 2157 469 2198 puer
478 2140 566 2188 servivit
576 2139 673 2194 Phedon,
684 2140 701 2188 is
711 2140 758 2198 ipse
767 2140 795 2189 ad
805 2160 871 2199 quem

87 2212 181 2262 Platonis
191 2213 226 2261 ille
236 2213 323 2261 divinus
332 2212 387 2261 liber
397 2212 424 2261 de
432 2212 564 2261 Animorum
576 2212 740 2262 Immortalitate
754 2213 871 2272 inscriptus

87 2300 151 2334 extat.
167 2287 212 2334 Sed
221 2286 275 2344 quid
284 2285 380 2334 Graecos
390 2285 466 2333 evolvo
475 2305 526 2333 cum
537 2286 627 2333 Latinos
637 2285 771 2334 habeamus?
786 2286 871 2334 Patrem

87 2358 163 2407 habuit
179 2359 243 2407 Maro
256 2360 367 2412 viatorem,
383 2358 487 2406 Horatius
502 2358 629 2407 mulionem.
644 2358 732 2408 Plautus
746 2359 800 2407 asini
814 2360 871 2408 vices

48 2430 75 2478 30
90 2432 140 2491 egit.
922 2428 923 2431 Ἴ

130 2505 178 2553 Nec
193 2506 256 2562 pauci
273 2505 357 2561 regium
374 2503 453 2551 solium
469 2516 535 2560 atque
552 2504 713 2561 imperatoriam
735 2503 810 2551 sellam
827 2506 871 2551 nati

91 2588 151 2633 patre
160 2574 229 2624 infimi
237 2574 321 2634 generis
332 2574 482 2624 ascenderunt.
494 2574 647 2634 Epaminunda
656 2575 752 2634 quidem,
762 2575 823 2624 cuius
832 2577 872 2624 etsi

51 2688 191 2700 'Ns-„w—

86 2752 112 2788 ll.
124 2753 175 2796 Apud
187 2752 225 2789 sen,
238 2753 268 2795 Ep.
280 2753 326 2792 Mor,
340 2753 367 2788 44.
382 2753 397 2788 4.

88 2907 120 2954 21.
134 2909 274 2955 vendidisset.
290 2929 313 2960 r.;
332 2918 374 2953 emt
393 2908 478 2962 veniisse
496 2916 536 2954 sine
556 2908 619 2953 dubio.
675 2907 707 2953 24.
726 2909 756 2955 Ex
776 2909 873 2964 querendi

52 2988 99 3018 ΕΟΥΥ.
