2093 3253
274 159 403 189 scurronum
419 158 544 190 nuusraruu
557 170 572 175 —
584 158 642 189 uam
656 159 674 189 x.
829 173 830 178 ,
844 144 880 188 281

102 276 155 324 dum
170 274 216 322 sine
227 272 295 321 dubio
305 272 432 329 iudicarent.
439 271 550 321 Omnium
561 292 612 321 vero
623 293 683 336 unus
691 270 820 331 Apollonius
832 271 884 331 ipse,

101 346 300 404 cuiusetprecibus
308 346 386 393 Cicero
394 346 533 393 declamasset
541 359 562 393 et
569 345 644 401 audire
652 343 801 402 iudiciumalii
809 365 886 403 expec-

71 443 72 446 ’
101 432 178 473 tarent,
192 418 253 478 quod
266 431 322 466 esset
336 418 422 466 dicendi
434 419 533 476 magister
544 437 643 466 summus
653 438 678 466 ac
689 418 797 476 princeps,
809 418 886 477 perdiu

102 492 248 550 cogitabundo
261 505 374 550 mestoque
387 492 448 540 vultu
466 513 490 540 ac
504 491 579 540 defixis
592 493 615 540 in
628 506 708 540 terram
726 490 794 539 oculis
807 491 886 539 obmu-

76 570 88 619 5
103 567 169 615 tebat.
179 565 281 623 Denique
290 565 446 613 admirantibus
456 566 539 613 cunctis
548 565 653 623 quidnam
662 578 718 614 esset
727 566 765 619 reis
774 565 835 623 quod
849 585 886 612 ne·

103 659 145 699 que
161 639 215 689 dum
230 657 316 688 causam
332 637 409 687 Cicero
424 650 495 696 ageret
511 658 582 696 neque
599 651 674 697 postea
694 659 745 687 cum
766 650 886 697 perorasset

68 718 70 723 '
102 714 189 771 signum
199 709 268 760 ullum
279 710 361 759 leticiae
372 709 501 759 ostendisset
511 710 550 759 sed
560 724 640 759 terram
651 711 737 760 intuens
753 711 814 771 quasi
830 723 885 760 atto-

104 787 161 835 nitus
175 806 219 834 non
233 784 357 845 loqueretur
370 785 495 844 quicquam,
509 784 598 853 tandem
611 805 636 833 ac
649 785 771 834 vehementi
791 785 886 845 quodam

103 858 250 915 cumgemitu
260 858 359 914 prorupit
370 858 393 904 in
403 858 456 904 haec
466 858 538 904 verba:
546 873 558 897 r(
567 857 676 915 Equidem
684 870 715 911 te,
727 879 740 904 o
760 857 844 911 Cicero,
866 870 887 903 et

65 932 90 981 lll
105 928 170 980 laudo
180 941 201 977 et
211 927 306 976 admiror
316 948 408 978 summe.
420 927 464 977 Sed
475 949 561 977 mecum
571 927 667 987 cogitans
682 941 704 977 et
714 928 790 978 dolens
806 928 887 978 diutius

103 1002 193 1062 fortasse
203 1021 269 1061 quam
280 1020 369 1060 cuperes
380 1001 437 1050 silui.
449 1001 520 1061 Loqui
531 1002 590 1051 enim
600 1023 644 1051 non
655 1003 724 1061 potui,
740 1002 801 1062 quod
811 1003 887 1051 memi-

48 1132 50 1136 .
104 1076 173 1133 nerim
187 1095 275 1123 omnem
285 1074 378 1128 laudem,
388 1095 475 1123 omnem
486 1075 598 1129 honorem,
607 1096 695 1123 omnem
705 1075 795 1133 gloriam
805 1088 826 1123 et
835 1075 889 1123 'doc-

103 1150 209 1197 trinarum
225 1168 281 1206 quae
297 1147 373 1196 litteris
397 1148 536 1197 continentur
552 1160 573 1196 et
590 1147 716 1206 disciplinae
725 1148 767 1211 rrei
790 1147 889 1206 publicae

48 1268 50 1272 ,
104 1222 256 1279 gubernandae
266 1234 287 1269 et
298 1220 349 1268 belli
360 1223 382 1269 in
393 1222 466 1269 hostes
476 1221 564 1278 gerendi
575 1221 634 1279 apud
645 1214 740 1270 Graecos
756 1241 803 1269 esse
813 1221 887 1274 solere,

67 1295 91 1343 15
107 1294 215 1351 Romanos
226 1311 277 1341 vero
287 1313 338 1340 cum
349 1293 428 1341 virtute
438 1305 486 1341 tum
496 1292 597 1342 felicitate
613 1313 651 1341 sua
662 1294 691 1342 ita
701 1293 742 1341 sibi
754 1293 826 1350 omnia
836 1314 888 1343 ven-

105 1366 186 1425 dicasse
197 1378 221 1415 ut
232 1365 285 1415 nihil
297 1364 400 1415 Graeciae
411 1366 511 1415 relictum
521 1386 567 1415 esse
578 1366 619 1416 nisi
634 1365 680 1416 sola
694 1365 818 1427 eloquentia
828 1366 888 1432 vide-

105 1453 170 1488 retur.
182 1440 247 1487 Nunc
257 1453 331 1488 autem
341 1440 444 1497 percipio,
455 1459 479 1487 ac
490 1453 547 1488 certe
558 1437 661 1498 percipioss
677 1439 736 1488 illam
752 1441 817 1488 etiam
832 1461 888 1499 quae

103 1512 131 1559 ad
146 1510 232 1559 laudem
247 1531 290 1559 una
305 1513 414 1568 supererat
425 1523 449 1559 tu
460 1511 523 1558 nobis
533 1511 604 1558 aufers
620 1523 737 1569 tecumque
753 1512 822 1569 ipsam
838 1511 888 1559 hinc

105 1584 197 1633 Romam
211 1583 308 1632 defers.»

64 1659 97 1707 20.
149 1658 250 1707 Perfectis
259 1659 331 1717 itaque
339 1657 416 1706 studiis
425 1657 502 1707 Cicero
512 1657 589 1717 plenus
600 1678 677 1716 magna
687 1677 725 1716 spe
737 1659 824 1707 honoris
835 1671 856 1707 et
866 1659 889 1707 in

104 1732 152 1780 loro
161 1746 183 1780 et
192 1734 215 1781 in
225 1751 247 1779 re
257 1732 344 1790 publica
353 1733 482 1790 assequendi
492 1733 584 1780 Romam
593 1746 618 1781 ut
627 1734 706 1780 rediret
717 1733 797 1792 Rhodo
804 1732 889 1790 prolec-

104 1816 139 1852 tus
154 1816 193 1853 est.
210 1803 304 1852 Veniens
320 1815 393 1852 autem
408 1802 464 1853 lorte
479 1802 571 1863 appullit
586 1803 692 1863 Delphos.
709 1803 799 1853 Boeciae
814 1804 889 1854 civitas

107 1889 151 1925 erat
166 1877 212 1926 ista.
229 1876 336 1936 Apollinis
352 1888 397 1926 erat
412 1876 511 1926 inclitum
527 1877 557 1925 ibi
574 1877 672 1926 omnium
688 1878 780 1926 maxime
796 1899 851 1937 quae
867 1878 889 1926 in

105 1951 254 1998 terris'essent
270 1971 295 1998 ac
312 1968 415 2008 responsa
432 1951 508 1998 darent
525 1950 645 1999 oraculum.
663 1951 721 1999 Cura
738 1964 786 1998 tum
803 1952 889 1999 incessit

66 2021 92 2069 25
107 2021 205 2070 animum
219 2021 330 2071 Ciceronis
351 2021 480 2076 sciscitandi,
501 2035 526 2071 ut
546 2021 628 2071 solebat
647 2020 762 2088 gentilitas,
783 2042 889 2080 quaenam

105 2108 160 2143 esset
175 2095 208 2144 via
224 2115 279 2154 quae
293 2095 322 2143 ad
340 2095 456 2144 honores
444 2115 524 2153 ipsum
542 2094 626 2157 facilius
645 2108 673 2148 et
675 2095 775 2153 gloriam
794 2096 889 2145 duceret.

77 2167 141 2216 Ad
154 2188 179 2232 ea
193 2188 235 2218 vox
246 2168 322 2217 infimo
333 2189 346 2217 e
357 2189 423 2239 specu
434 2188 491 2229 quae
501 2169 642 2227 responderet
647 2168 726 2218 audita
737 2182 776 2227 est,
788 2168 888 2241 luturum

105 2254 129 2289 ut
138 2236 306 2302 consequeretur
314 2261 370 2301 quae
378 2253 467 2300 cuperet
475 2239 571 2296 lacile,
554 2261 572 2289 si
581 2262 625 2290 non
634 2240 824 2291 multitudinis
789 2237 901 2301 opinione⁴

105 2313 144 2360 sed
152 2327 228 2361 natura
237 2334 275 2361 sua
284 2314 339 2361 duce
348 2315 436 2363 viveret.
446 2314 539 2362 Romam
548 2314 642 2396 denique
651 2315 740 2363 biennio
749 2324 894 2373 posteaquam

65 2383 93 2433 30
107 2386 239 2451 discessisset
250 2404 358 2465 regressus
369 2399 408 2436 est.
419 2386 501 2436 Causas
511 2400 559 2436 tum
570 2387 592 2436 in
603 2385 651 2436 loro
661 2386 783 2450 complures
794 2388 891 2436 easdem

104 2478 147 2517 que
159 2446 242 2508 noliiles
254 2472 275 2508 et
288 2479 375 2518 magnas
387 2460 438 2518 egit
451 2448 572 2508 Mortuus
566 2472 647 2509 interea
659 2459 718 2518 Sylla
729 2472 781 2514 erat,
794 2461 845 2509 civit
836 2472 891 2509 t-ate

106 2553 149 2590 que
163 2532 230 2581 libera
240 2551 273 2581 res
283 2532 370 2592 publica
380 2551 419 2590 per
429 2545 528 2581 senatum
538 2545 559 2580 et
569 2532 676 2590 populum
686 2533 806 2590 regebatur.
817 2533 892 2582 Patro·
945 2595 946 2598 Ἴ

58 2647 59 2650 ,
106 2605 127 2652 ni
143 2618 216 2660 autem
230 2606 268 2664 qui
284 2617 420 2654 versarentur
436 2606 459 2653 in
474 2604 523 2653 loro
538 2617 559 2652 et
575 2617 662 2663 agerent
678 2625 752 2653 causas
768 2618 816 2652 tum
832 2619 892 2653 erant

79 2720 80 2724 ,
107 2677 177 2725 multi.
193 2678 237 2726 Sed
251 2690 301 2726 ante
310 2696 385 2732 omnes
395 2678 433 2737 qui
443 2690 514 2725 essent
523 2677 586 2725 laude
595 2698 620 2727 ac
629 2676 818 2735 imitationedigni
828 2677 893 2727 Cotta
947 2710 949 2713 <

68 2773 210 2784 N*—

101 2824 117 2859 9.
130 2824 172 2861 Plnt.
185 2825 220 2863 Cre.
234 2827 255 2863 tls
264 2826 280 2861 3.

69 2905 100 2912 1-—
201 2896 209 2911 Va

105 2956 123 3002 2.
138 2958 206 3004 audire
220 2979 243 3005 cx
257 2958 354 3004 iudicium
366 2965 435 3009 statim
448 2977 498 3003 corr.
554 2960 573 3003 3.
587 2958 656 3012 dicen(
670 2960 685 3013 i)
700 2965 714 3002 ι’.
727 2973 745 3002 r.
812 2961 814 2964 ’
