2093 3253
265 167 395 196 scnrrrouun
409 167 532 214 unusrnrun
545 178 559 184 -
573 167 631 196 tram
644 167 671 196 ιιι.
841 152 880 205 3119

96 282 171 332 consul
186 294 238 348 erat.
249 281 326 329 Cicero
335 294 408 346 autem
418 279 581 329 defendendum
591 280 686 339 suscepit
695 300 753 335 eum,
763 293 812 328 tum
821 280 882 339 quod

96 353 205 419 reputaret
220 374 283 414 grave
293 354 334 403 sibi
344 376 369 403 ac
378 353 442 414 turpe
451 345 553 410 uideri,
537 377 555 403 sr
565 376 631 415 quem
641 354 733 403 consul
727 375 773 414 lpse
783 354 881 412 designa-

96 444 144 478 tum
160 449 206 476 esse
223 429 334 477 consulem
350 429 496 477 renunciasset
512 441 595 477 creatus
611 448 650 487 per
666 429 801 486 largitionem
817 441 880 476 esset

98 501 191 550 Murena
206 500 382 560 quoqueinsons
396 512 440 548 erat
454 519 479 548 ac
493 484 545 549 civis
559 500 657 559 egregius
670 518 747 549 verum
761 520 805 548 non
818 517 881 558 agere

70 578 83 627 5
98 572 269 637 causas'inloro
284 573 323 622 sed
337 586 428 622 tractare
442 592 501 622 arma
516 574 539 622 in
554 573 611 622 bello
624 573 735 622 didicerat.
749 573 798 621 Hoc
810 585 883 622 autem

97 658 194 706 tempore
212 646 450 705 suspectogerendum
466 647 496 709 ad
513 646 649 696 consulatum
668 646 767 713 Ciceroni
791 646 882 695 idoneus

98 720 140 767 fide
156 739 180 766 ac
195 719 310 777 prudentia
326 716 448 773 videbatun'
463 720 506 767 iam
521 719 580 767 enim
594 731 667 777 aperte
683 718 772 777 parabat
788 717 882 767 Catilina

97 790 185 839 bellum.
197 790 366 859 Causamigitur
375 810 415 858 pro
425 791 519 839 Murena
529 791 572 849 egit
582 790 666 846 Cicero.
677 790 739 847 Quae
748 802 821 839 autem
831 789 881 838 Sul-

97 865 166 923 picius
187 864 294 912 obiecerat
314 865 438 926 gravissime
463 864 533 913 diluit.
554 865 700 913 Accusationi'
716 868 767 913 vero
793 863 882 913 Catonis

61 940 85 987 l0
99 957 150 985 cum
163 938 310 994 responderet,
325 938 438 995 quaedam,
452 943 477 985 ut
490 930 704 1004 solebat,³interdum
716 957 741 985 ac
754 957 818 994 saepe
830 957 883 986 eum

6 1009 7 1012 ¹
97 1007 160 1058 vellet
173 1008 227 1075 adeo
240 1009 296 1058 belle
308 1010 406 1070 adeoque
419 1009 490 1069 lepide
502 1029 527 1058 ac
540 1008 608 1058 lacete
621 1022 642 1058 et
654 1010 727 1069 ipsum
739 1010 762 1058 in
775 1009 882 1058 Catonem

97 1095 120 1130 et
132 1080 179 1129 illas
196 1082 219 1130 in
237 1081 362 1132 Stoicorum
379 1082 492 1143 opiniones
509 1104 565 1142 quae
582 1082 810 1142 paradoxa'vocantur
827 1082 881 1131 dixit

97 1169 162 1214 atque
177 1156 259 1204 iocatus
270 1169 303 1205 cst
314 1169 339 1205 ut
350 1156 446 1205 volentes
458 1156 599 1214 nolentesque
611 1153 650 1205 nec
662 1156 733 1216 solum
748 1155 883 1204 audientium

98 1229 184 1277 turbam
192 1229 231 1277 sed
239 1229 297 1287 ipsos
308 1229 373 1277 etiam
384 1229 465 1277 iudices
473 1229 502 1277 ad
509 1229 576 1278 risum
588 1230 707 1278 maximum
714 1241 780 1287 atque
790 1229 883 1277 nimium

60 1304 84 1351 l5
100 1303 128 1350 ob
143 1303 212 1350 risum
222 1303 287 1351 etiam
298 1303 326 1351 ad
337 1303 434 1351 lacrimas
445 1315 599 1352 commoveret.
611 1303 666 1363 Cato
677 1316 750 1351 autem
761 1302 883 1357 subridens,

97 1392 106 1415 (ι
114 1374 154 1429 Ειι,
165 1391 174 1415 ι)
183 1374 263 1434 inquit,
273 1392 282 1415 a
290 1396 357 1434 quam
366 1375 482 1433 ridiculum
491 1376 596 1425 habemus
605 1374 724 1438 consulem.
734 1391 743 1415 >³
752 1374 797 1424 Sed
806 1374 883 1424 Mure-

98 1468 148 1495 nam
162 1448 245 1514 iudices
266 1448 420 1497 absolverunt
441 1483 443 1490 ι
558 1457 560 1459 ’
689 1443 691 1447 ’

92 1525 94 1527 ’
121 1578 122 1581 ¹
142 1521 225 1569 Interea
238 1539 289 1569 vero
296 1517 432 1580 ‘Alogobrum
444 1522 532 1581 legatos,
544 1522 581 1582 qui
595 1535 655 1571 erant
670 1534 719 1570 tum
733 1520 796 1569 forte,
805 1520 882 1575 Rome,

98 1593 190 1641 solicitat
205 1594 311 1642 Lentulus
319 1594 410 1643 domum
419 1595 513 1650 redeant,
523 1596 551 1643 de
559 1608 645 1643 senatus
651 1594 744 1643 avaricia
752 1607 774 1642 et
782 1593 883 1652 superbia

58 1666 86 1713 20
100 1673 266 1726 conquerantur,
283 1680 370 1726 gentem
381 1687 443 1716 suam
455 1681 476 1716 et
488 1672 596 1728 quotquot
608 1680 699 1727 possunt
710 1666 781 1716 Gallie
791 1665 883 1733 populos

98 1738 127 1788 ad
140 1738 227 1789 bellum
234 1739 353 1816 impellant.
368 1740 425 1790 Illi
413 1754 486 1791 autem
498 1762 633 1824 quamquam
642 1749 714 1791 vetere
726 1740 779 1790 odio
788 1740 882 1799 suspecti

100 1812 211 1861 Romanis
211 1826 283 1862 essent
291 1834 331 1862 nec
339 1814 403 1863 amici
412 1809 489 1876 integri
498 1815 565 1864 animi
574 1828 708 1875 putarentur,
717 1835 743 1863 ea
750 1811 823 1862 tamen
832 1826 883 1862 sunt

99 1886 142 1932 fide
156 1904 181 1933 ac
195 1886 292 1934 bonitate
305 1907 340 1935 usi
333 1887 414 1946 quod
427 1886 534 1936 facturos
533 1908 556 1936 se
567 1888 639 1936 omnia
654 1888 748 1950 Lentulo
762 1887 884 1936 indubitate

99 1946 256 2016 promitterent,-
266 1957 304 2008 'sed
313 1980 456 2019 quaecunque
464 1959 534 2024 facere
543 1957 688 2016 stimulantur,
698 1965 722 2009 ea
731 1979 770 2021 per
778 1961 884 2010 nuncium

58 2030 85 2078 25
100 2027 190 2080 tacitum
199 2032 226 2090 (is
237 2031 316 2085 Fabius
326 2032 403 2095 Sanga,
413 2034 473 2092 apud
482 2054 548 2092 quem
557 2034 733 2094 obversabantur,
743 2032 793 2091 luit)
803 2029 882 2083 renun-

98 2103 163 2153 ciant
162 2102 275 2154 Ciceroni.
289 2105 349 2155 Eius
353 2108 442 2166 quoque
453 2108 514 2155 iussu
525 2107 615 2155 tabellas
626 2106 719 2156 foederis
731 2127 756 2154 ac
768 2108 883 2155 iuramenti

99 2195 111 2221 a
126 2172 219 2224 Lentulo
236 2189 257 2224 et
274 2178 369 2232 caeteris,
386 2177 466 2259 quibus
483 2191 570 2254 gentem
586 2199 648 2227 suam
664 2177 743 2227 laciant
759 2178 879 2231 certiorem,

99 2259 183 2312 petunt.
199 2243 317 2305 Postremo,
333 2251 395 2311 quasi
410 2252 482 2300 essent
497 2271 567 2301 suam
574 2252 597 2300 in
612 2252 704 2312 patriam
718 2252 746 2301 ad
761 2254 883 2334 peragenda
940 2278 941 2282 ¹

98 2341 153 2379 quae
164 2323 307 2380 promiserant
319 2323 415 2378 redituri,
425 2324 500 2392 datum
511 2324 626 2373 aLentulo
637 2325 723 2379 ducem,
732 2326 770 2384 qui
778 2338 837 2374 recto
848 2327 883 2375 iti=

58 2390 86 2437 30
101 2411 151 2439 nere
164 2394 224 2451 ipsos
237 2395 270 2441 ad
279 2394 395 2442 Catilinam
408 2408 432 2443 ut
446 2386 524 2444 eocum
537 2395 677 2455 loquerentur
690 2416 715 2443 ac
728 2398 833 2455 promissa
846 2398 884 2445 fir-

99 2467 217 2514 marentin
229 2466 352 2515 Aetruriam
364 2468 459 2523 duceret,
473 2468 501 2517 T.
514 2468 659 2524 Vulturcium‚
673 2482 800 2528 sequuntur.
813 2470 881 2518 Profi-

98 2537 201 2587 ciscentes
212 2558 263 2603 vero
273 2539 394 2590 insidiisex
404 2541 480 2590 ordine
490 2541 574 2591 occulte
583 2542 612 2591 ad
622 2554 712 2600 pontem
723 2541 826 2592 Milvium
836 2542 881 2592 col·

98 2609 172 2660 locatis
180 2612 243 2662 tertia
251 2611 320 2663 lerme
329 2614 398 2663 noctis
407 2613 479 2673 vigilia
487 2614 544 2674 capti
554 2614 613 2664 omni
622 2627 673 2664 cum
682 2615 786 2665 comitatu
795 2629 816 2665 et
825 2613 883 2666 litte-

59 2731 201 2742 Ἢ,-
256 2736 257 2739 ,

99 2799 128 2843 13.
143 2799 239 2846 nollentes
254 2800 268 2856 11
282 2800 342 2855 exp).
396 2800 429 2846 ΖΟ.
443 2802 568 2858 g(entem)1'.
582 2822 598 2847 r.
652 2802 685 2849 21
702 2803 733 2850 Ex
749 2805 810 2850 veteri
825 2823 882 2857 corr,

58 2863 90 2907 sed
103 2871 132 2909 ito
145 2868 196 2912 mala
210 2877 231 2912 ut
245 2874 304 2912 etium
318 2885 369 2912 nane
384 2868 445 2921 facile
461 2869 522 2913 veteri
536 2869 619 2922 legatur.
675 2871 708 2915 22.
726 2868 835 2926 esse(nt)
826 2891 841 2917 ι.
854 2889 883 2922 ι.;

57 2939 98 2973 erat
113 2937 180 2978 erant?
