2093 3253
246 211 375 250 scuirrouun
389 210 513 242 iiiusuuun
526 222 541 227 —
554 210 612 240 imm
626 211 671 240 vui.
836 194 875 241 233
916 199 918 201 ’

77 368 78 372 ,
91 329 223 387 tragoediam
236 326 330 373 Crecam
342 325 426 373 erudite
439 325 532 382 scripsit.
546 324 677 382 Regrediens
691 343 779 381 quoque
791 343 803 370 e
816 322 877 379 Syria

92 422 159 465 prope
176 398 300 449 adolescens
318 396 403 457 eglogas
421 397 443 446 in
464 396 536 452 Icaria.
554 395 625 447 insula
643 395 770 456 Cycladum,
785 395 877 446 Latinas

92 474 167 525 edidit.
182 471 262 519 Versus
275 484 350 528 postea
361 469 441 531 multos
453 470 481 518 ad
493 470 562 518 risum
573 483 595 518 et
606 471 686 522 iocum,
699 468 780 526 quibus
792 488 815 516 se
827 488 878 516 cum

91 546 165 599 amicIs
178 546 201 594 in
214 563 273 598 cena,
287 543 310 593 in
323 542 429 598 vehiculo,
443 544 466 592 in
479 542 556 592 balneo
569 541 693 597 oblectaret,
707 541 766 592 fecit.
779 541 842 600 Opus
855 542 879 591 id

67 625 79 675 5
95 617 289 677 Endecasyllabum
300 617 427 667 nominavit.
439 616 505 666 Erant
516 617 606 677 quidem
617 618 640 666 in
651 639 677 666 eo
689 617 796 677 quaedam
807 617 878 671 altius,
949 634 950 637 ’

84 694 199 755 ‘quaedam
211 691 305 750 pressius
319 690 383 740 dicta.
399 690 425 738 ld
437 690 496 739 enim
509 691 568 739 omni
581 691 683 740 varietate
696 690 807 739 contexuit
820 703 879 739 ratus

94 768 193 818 futurum
207 764 273 823 quod>
282 763 323 812 alia
337 763 391 819 aliis,
407 763 514 822 quaedam
529 764 631 812 omnibus
647 763 712 812 etiam
727 761 817 812 fortasse
832 762 879 822 pla

94 851 174 890 cerent.
189 837 288 886 Oratoria
302 854 353 885 vero
368 838 390 885 in
405 854 428 884 re
443 836 604 894 Quintilianum
619 837 695 885 habuit
709 848 878 895 praeceptorem.

97 915 121 963 In
136 912 183 961 loro
201 924 275 959 autem
292 910 371 958 versari
390 923 411 958 et
429 929 491 968 agere
510 931 584 959 causas
603 930 671 958 annos
687 931 756 958 unum
771 923 792 958 et
803 910 879 968 viginti

58 991 83 1037 IO
97 997 159 1035 n'atus
174 984 252 1042 coepit.
268 982 350 1047 Graves
368 983 446 1032 deinde
463 1003 536 1031 causas
553 996 574 1031 et
591 984 669 1031 multas
686 984 736 1040 egit.
753 983 812 1039 Quas
829 1002 879 1030 vero

95 1058 204 1108 habuisset
219 1056 325 1105 orationes
343 1055 435 1116 scripsit.
453 1054 548 1105 Tantam
564 1056 623 1104 enim
640 1056 663 1105 in
680 1054 773 1105 dicendo
790 1055 880 1114 gratiam

95 1131 170 1180 habuit
183 1130 243 1188 quod
255 1143 326 1178 essent
339 1130 443 1177 memoria
455 1128 491 1177 illa
503 1130 541 1188 qui
555 1149 605 1178 eum
618 1128 785 1197 praeferendum
796 1130 880 1194 cunctis

96 1205 133 1262 qui
148 1205 244 1250 viverent
257 1221 297 1249 nec
310 1202 409 1249 deessent
423 1202 461 1259 qui
473 1202 641 1259 adaequandum
653 1198 762 1249 veteribus
775 1220 800 1248 ac
813 1219 881 1258 prope

96 1274 169 1325 Tullio
179 1294 225 1324 esse
234 1286 347 1334 putarent*
353 1272 448 1323 Libellos
458 1293 546 1334 quoque
556 1274 583 1323 de
592 1274 675 1331 ultione
685 1273 780 1323 Helvidii
789 1273 880 1322 orationi

60 1352 83 1400 15
98 1349 252 1398 Demosthenis
270 1347 412 1397 conferendos
429 1349 513 1397 iuvenis
530 1348 605 1397 edidit.
623 1348 699 1397 Aetate
716 1358 881 1397 vero‘maturus

96 1422 162 1469 libros
175 1421 261 1478 scripsit
274 1420 302 1468 de
317 1421 423 1468 Institutis
438 1420 572 1469 Liberalium
584 1421 671 1469 Artium
685 1434 775 1479 septem,
790 1422 818 1468 de
831 1420 881 1467 Tri-

97 1495 211 1553 partitione
219 1493 285 1542 Orbis
294 1493 375 1547 sexede
383 1493 440 1543 Viris
451 1492 573 1543 Illustribus
583 1514 660 1549 unum,
670 1493 816 1553 Epistolarum
824 1507 881 1548 octo,

98 1568 243 1616 Historiarum
258 1566 385 1615 LXXVIII.
401 1566 443 1615 Res
462 1567 553 1625 quidem
571 1588 647 1616 omnes
665 1566 723 1626 quae
742 1587 755 1615 a
773 1566 882 1627 principio

98 1639 174 1688 mundi
187 1660 253 1687 suum
266 1639 294 1687 ad
308 1639 366 1687 diem
380 1652 451 1697 gestae
465 1659 558 1698 usquam
571 1653 608 1689 aut
622 1640 675 1699 pace
688 1654 726 1689 aut
740 1640 797 1689 bello
811 1653 882 1688 essent

58 1713 85 1760 20
99 1712 209 1770 amplexus
218 1726 258 1761 est.
546 1724 548 1727 ’

139 1785 199 1834 Haec
213 1786 241 1834 ad
254 1785 341 1835 litteras.
354 1786 390 1835 Ad
404 1787 543 1852 magistratus
553 1806 604 1836 vero
618 1788 714 1846 primurn
726 1786 827 1837 tribunus
841 1786 883 1834 mi-

97 1860 160 1908 litum
174 1860 243 1909 Iactus
258 1861 281 1909 in
293 1860 378 1919 Syriam
389 1862 496 1919 navigavit
507 1862 626 1921 datumque
637 1863 661 1911 id
672 1882 752 1912 munus
764 1863 793 1911 ita
804 1861 883 1919 guber-

97 1933 155 1980 navit
165 1933 225 1991 quod
234 1933 299 1981 simul
308 1946 330 1981 et
339 1953 386 1982 esse
395 1934 509 1982 tribunum
518 1954 541 1983 se
550 1935 674 1984 ostenderet
683 1949 704 1984 et
714 1935 768 1984 nulli
778 1955 817 1995 per
825 1937 883 1986 iniu-

98 2006 152 2053 riam
166 2006 269 2056 molestus
279 2019 342 2056 esset.
352 2006 458 2057 Reversus
468 2007 519 2056 inde
529 2029 580 2057 mox
589 2010 677 2064 aerario,
688 2009 767 2058 deinde
776 2011 883 2069 praetorio

58 2078 84 2125 25
99 2078 219 2136 praelectus
238 2092 277 2134 est,
296 2092 406 2138 postremo
423 2081 452 2128 ad
469 2081 606 2130 consulatum
623 2083 727 2131 ascendit.
746 2082 884 2141 Quocunque

97 2163 170 2199 autem
180 2153 203 2199 in
215 2152 339 2210 magistratu
351 2165 372 2200 et
382 2152 446 2201 alieni
456 2152 566 2202 abstinens
577 2152 619 2202 fuit
630 2167 651 2202 et
662 2156 745 2203 cunctis
756 2174 851 2214 aequum
861 2176 884 2203 se

70 2265 72 2268 .
98 2244 122 2272 ac
137 2224 241 2282 dignitate
255 2239 337 2275 servata
352 2225 472 2283 benignum
486 2226 591 2276 exhibuit.
607 2227 718 2286 Collegam
733 2229 755 2276 in
770 2230 883 2279 consulatu

100 2297 222 2348 Cornutum
230 2297 354 2348 Tertulium
364 2298 445 2348 habuit.
456 2299 500 2348 Sed
509 2302 586 2359 gratias
596 2301 649 2359 ipse,
659 2302 719 2359 quod
728 2315 783 2351 esset
793 2302 883 2357 doctior,

99 2369 129 2418 rei
144 2369 243 2429 publicae
262 2373 351 2420 nomine
370 2373 462 2431 principi
482 2373 577 2422 Traiano
597 2375 648 2431 egit.
669 2375 790 2424 Praefectus
810 2388 884 2424 autem

60 2440 87 2488 30
102 2441 218 2501 Hispaniae
230 2464 278 2493 earn
289 2456 373 2502 partem
384 2445 511 2503 gubernavit
523 2466 590 2513 quam
600 2458 658 2495 aetas
670 2446 705 2495 illa
717 2448 819 2502 Beticam‚
832 2449 884 2497 haec

97 2529 191 2572 ‘regnum
201 2515 309 2566 Granatae
319 2530 389 2567 vocat.

141 2587 201 2637 Tum
216 2590 305 2649 quidem
326 2589 475 2640 Christianum
495 2612 563 2650 genus
584 2593 645 2641 clade
666 2595 758 2656 max-ima
779 2594 884 2644 liberavit.
950 2606 953 2619 ³

100 2659 194 2711 Decreto
206 2664 266 2711 enirn
278 2674 365 2712 senatus
378 2662 443 2723 atque
456 2664 544 2714 Traiani
557 2666 610 2715 iussi
624 2688 699 2715 omnes
713 2668 750 2727 qui
764 2668 885 2726 provincias
937 2675 938 2679 ’

100 2732 249 2789 gubernandas
262 2735 372 2790 haberent,
386 2737 444 2785 haud
456 2757 518 2786 secus
530 2758 597 2797 quam
608 2738 714 2787 {amentes
726 2740 772 2798 lupi
785 2760 886 2790 mansue-

62 2799 88 2850 35
102 2805 196 2855 tissimus
207 2807 230 2856 in
242 2829 292 2857 oves
304 2808 380 2865 solent,
393 2812 453 2859 omni
465 2812 561 2861 cruciatu
572 2814 675 2877 acerrime
687 2813 805 2863 seviebant.
811 2812 886 2872 Tertia

63 2917 201 2933 z--———-

117 2976 145 3022 12.
161 2980 192 3026 Ex
202 2983 266 3026 cuntis
280 3001 329 3026 corr.
